2864 4914
178 287 221 354 so
498 248 500 265 ’
537 287 918 352 ΑΝΝοΤΑΤΙοΝΕε

223 481 252 545 7.
276 460 422 548 Θρηκίοο]
440 460 513 523 Ηοο
528 457 716 523 vocabulum
738 456 770 520 in
789 456 948 521 codicibus
963 454 1105 539 Θρήικιος
1119 454 1167 519 vel
1183 453 1277 536 Θρηί-

179 589 241 631 κιος
255 562 435 650 pariterque
450 567 545 644 Θρῆιξ
559 560 607 625 vel
624 565 719 642 Θρῆἲξ
735 559 826 624 scribi
843 559 938 624 solet:
963 559 1003 623 de
1017 581 1083 645 quo
1097 557 1170 622 satis
1184 556 1279 620 habe-

178 688 249 730 mus
263 664 355 729 semel
372 663 535 728 monuisse.

222 768 253 832 8.
269 769 480 848 Χερσονησίαν
495 763 684 828 Brunckius.
730 764 820 829 Libri
834 766 1043 847 χερρονησίαν.
1064 761 1281 846 (χεροννησίαν

179 871 241 954 Η.)
287 868 441 956 Ejusdem
456 866 578 954 generis
592 866 667 930 vitia
684 881 792 930 contra
810 866 951 931 codicum
974 865 1190 930 auctoritatem
1212 883 1280 926 cor-

177 987 261 1036 reetn
283 986 357 1036 sunt
380 969 661 1053 Χερρονησίηίοὸςα
682 992 711 1032 v.
726 988 780 1054 33.
804 983 835 1033 et
856 971 955 1051 πόρρω
978 968 1097 1033 Troad.
1115 967 1184 1032 188.
1207 965 1278 1029 Ion.

224 1196 274 1239 11.
296 1172 508 1252 ἶν’-είη-μὴ
530 1171 651 1258 σπάνις]
670 1174 768 1239 Metri
786 1197 895 1239 caussa
908 1174 1026 1239 dictum
1043 1198 1101 1261 pro
1115 1175 1166 1239 ἵνα
1178 1173 1218 1254 μὴ
1233 1175 1281 1252 εἴη

178 1277 295 1345 σπάνις.
341 1273 490 1340 Similiter
505 1276 607 1339 Orest.
622 1295 636 1338 1
640 1295 660 1361 3
662 1291 714 1360 54.
730 1279 810 1344 ὁπως
828 1280 845 1341 ὁ
860 1279 1004 1361 πραχθεὶς
1017 1279 1112 1361 φόνος
1125 1276 1165 1356 μὴ
1179 1274 1281 1339 δεινὸν

176 1378 361 1462 Ἀργείοισιν
376 1376 518 1465 ἐμβάλλῃ
532 1378 644 1460 φόβον,
660 1401 718 1465 pro
732 1380 812 1446 ὅπως
825 1380 933 1461 fill--

224 1502 272 1566 13.
298 1481 328 1565 ὁ]
356 1480 396 1544 Id
419 1496 466 1544 est
488 1477 522 1544 δι’
539 1478 567 1557 ὁ,
591 1490 795 1568 quapropter,
817 1499 853 1547 ut
870 1481 902 1547 in
918 1483 1031 1547 Phoen.
1048 1498 1117 1567 155.
1134 1481 1151 1545 ὁ
1166 1481 1215 1544 καὶ
1230 1479 1278 1543 δί-

177 1588 262 1648 ὁοικα
275 1584 315 1664 μὴ
334 1583 466 1646 σκοπῶσ’
480 1584 574 1663 ὀρθῶς
593 1583 665 1646 θεοί
713 1583 826 1670 Inepte
847 1584 1010 1650 scholiasta
1031 1583 1145 1650 codicis
1164 1584 1281 1647 Barne-

177 1685 257 1750 ciani
275 1685 292 1749 ὁ
309 1707 368 1772 pro
389 1684 579 1749 nominativo
597 1685 728 1772 aceepit,
744 1685 778 1749 τὸ
795 1685 871 1751 εἶναι
886 1691 1034 1753 νεώτατον
1047 1688 1280 1775 interpretatus.

178 1791 252 1853 Ηοο
274 1789 299 1852 si
323 1787 469 1852 voluisset
490 1801 594 1875 poete,
617 1809 678 1851 non
702 1803 769 1852 erat
789 1788 1002 1873 ὑπεξέπεμψεν
1020 1789 1174 1868 dicturus,
1192 1787 1279 1875 quod

177 1891 309 1956 verbum
325 1913 416 1955 nemo
431 1913 492 1954 non
509 1889 548 1953 sd
563 1888 660 1971 πατήρ
674 1890 780 1977 potius
794 1891 916 1956 referat.

225 2016 273 2077 14.
290 1995 395 2078 φέρειν
409 1995 506 2082 ὁπλα]
523 1996 596 2058 Ηοα
609 1993 677 2057 loco
692 2016 769 2058 usus
783 1992 916 2058 Wessel.
931 1993 973 2058 ad
988 1992 1083 2058 Diod.
1101 1993 1162 2058 Sic.
1176 1991 1238 2056 vol.
1249 2011 1279 2058 ν.

178 2122 210 2184 p.
226 2100 280 2182 36.
297 2099 377 2161 ὁπλα
392 2095 518 2183 proprie
533 2096 572 2160 de
587 2095 698 2184 clypeo
712 2097 773 2162 dici
790 2097 907 2162 docuit.
939 2097 1001 2162 Sed
1017 2097 1164 2161 Eusssth.
1180 2119 1213 2183 p.
1225 2094 1281 2177 48,

177 2220 208 2287 5.
233 2201 336 2265 ἰστέον
351 2202 394 2276 ὁὶ,
410 2201 456 2263 ὁτι
470 2200 522 2262 οὐκ
538 2200 592 2279 ἔξω
607 2202 701 2282 λόγον
716 2201 764 2264 καὶ
779 2200 813 2263 τὸ
833 2206 956 2282 γενικῶς
972 2201 1040 2280 μὲν,
1056 2201 1096 2266 ῶς
1111 2200 1158 2263 καὶ
1172 2223 1279 2281 προερ-

176 2303 262 2387 ρίθη,
279 2306 386 2381 νοῆσαι
405 2301 459 2366 τὸν
472 2301 589 2382 μάντιν,
611 2306 672 2383 εἴὸη
694 2305 727 2367 δὲ
749 2303 838 2367 αὐτοῦ
861 2305 957 2368 εἰπεῖν
978 2303 1032 2367 τὸν
1055 2301 1136 2384 ἱερέα
1158 2300 1282 2366 καὶτὸν

178 2405 385 2488 ὁνειροκρίτην,
412 2406 462 2468 ἵνα
487 2403 574 2486 λέγῃ,
598 2406 643 2468 ὁτι
665 2404 834 2487 θρωπηθίρτω
856 2430 901 2471 τις
921 2404 1036 2485 μάντις,
1059 2405 1125 2469 olon
1141 2402 1281 2486 ὁερεὺςῆ

178 2507 381 2586 ὀνειροπόλος.
404 2507 479 2568 οὕτω
495 2507 543 2569 καὶ
559 2508 593 2570 ἐν
605 2504 780 2590 Ὀδυσσείᾳ,
795 2506 884 2588 γένος
898 2509 989 2572 είπὸιν
1004 2507 1038 2571 τὸ
1053 2509 1158 2590 φντὸν,
1175 2506 1283 2590 ἐπάγει

178 2613 216 2673 τά
230 2612 292 2688 είὸη
308 2611 342 2673 ἓν
356 2610 406 2694 τῷ,
423 2610 458 2672 οὗ
473 2609 578 2691 φυτὸν,
594 2610 629 2673 αθ
644 2613 728 2689 συκῆ,
745 2610 797 2672 οὐκ
812 2610 956 2690 άμπελος,
976 2611 1012 2674 οὐ
1032 2613 1089 2690 μὲν
1112 2612 1207 2691 ἐλαίη,
1232 2611 1282 2674 καὶ

180 2714 256 2792 ἑξῆς.
288 2717 422 2774 τοιοῦτον
447 2712 494 2774 καὶ
517 2708 586 2791 παρ’
613 2711 755 2797 Εὐριπίδη
776 2711 811 2774 τὸ
834 2720 856 2750 “
870 2714 938 2777 οὔτε
962 2715 1052 2787 ὅπλα,
1078 2712 1137 2778 οὔτ’
1161 2713 1283 2797 ἔγχος.”

179 2815 269 2897 γένος
282 2815 338 2894 μὲν
352 2816 410 2895 γὰρ
424 2816 461 2876 τὰ
476 2815 566 2887 ὅπλα,
585 2813 662 2880 εἶδος
676 2816 708 2878 ὁὶ
724 2814 757 2878 τὸ
773 2814 873 2898 ἔγχος.
889 2815 1082 2879 ΜΑΤΤΗ.

228 2922 275 2981 16.
307 2916 468 3002 ὁρίσματα]
496 2915 632 2980 Fallitur
662 2918 786 3004 Musgr.
832 2917 926 2993 Nam,
953 2915 989 2993 si,
1015 2915 1102 3002 quod
1125 2915 1178 2980 ille
1200 2915 1282 2995 vult,

181 3024 327 3106 ὁρίσματα
348 3018 388 3083 de
409 3018 572 3095 columns,
593 3017 710 3106 quibus
727 3020 804 3083 lines
825 3018 960 3104 regionis
982 3019 1180 3082 determinari
1202 3018 1282 3084 sole·

181 3136 260 3201 rent,
277 3120 349 3208 (qui
363 3143 430 3183 mos
443 3135 490 3184 est
505 3119 656 3184 seriorum
676 3123 869 3207 temporum)
885 3120 1065 3208 accipienda
1085 3135 1198 3199 essent,
1214 3143 1284 3185 sen-

182 3249 234 3290 sus
262 3237 360 3289 esset:
398 3221 550 3309 quamdiu
576 3224 653 3285 fines
680 3222 747 3308 agri
774 3222 906 3308 Trojnni
932 3223 1072 3287 nondum
1100 3224 1284 3312 transgressi

181 3341 270 3393 erant
285 3324 402 3402 Graeci,
418 3346 441 3386 s.
457 3338 530 3387 ante
546 3324 731 3387 Graeoorum
753 3323 944 3399 adventum
971 3327 1058 3413 quod
1080 3327 1194 3391 fulsum
1217 3352 1284 3394 esse

182 3454 250 3494 ev.
274 3451 321 3512 sq.
344 3425 536 3510 intelligitur.
567 3426 689 3490 Moenia
713 3444 745 3490 et
768 3441 868 3491 turres
889 3444 972 3493 recte
993 3429 1174 3518 intelligunt
1195 3431 1285 3497 scho-

182 3533 287 3597 liastae.
313 3528 364 3595 Sic
379 3527 481 3614 Hipp.
496 3548 589 3611 1459.
613 3527 636 3593 ὦ
653 3528 743 3594 κλείν’
758 3528 894 3608 Ἀθηνῶν
908 3533 1072 3601 Παλλάδος
1086 3532 1111 3598 θ
1125 3536 1283 3616 ὁρίσματα

183 3633 376 3700 ΜΑΤΤΗ.

230 3737 278 3799 18.
297 3731 427 3814 π’πθχει]
446 3730 497 3794 Sic
511 3729 631 3794 oodioes
645 3732 783 3819 plurimi,
799 3732 880 3796 inter
893 3756 974 3820 quos
989 3735 1035 3798 B:
1059 3736 1124 3814 olii,
1139 3751 1176 3801 ut
1190 3737 1284 3816 Ald„

182 3842 311 3924 ηθτθχει.
357 3833 450 3913 Quod
475 3833 694 3898 revocandum.
740 3834 813 3901 Vid.
839 3859 912 3922 quse
937 3836 977 3900 ed
1004 3837 1162 3925 Aristoph.
1192 3839 1283 3905 Nub.

187 3962 258 4029 137·
274 3938 420 4003 diximus.

228 4064 278 4113 20.
294 4043 332 4109 ὥς
345 4067 388 4107 τις
402 4040 543 4122 πτόρθος]
564 4040 768 4103 Homericum
787 4043 804 4104 ὁ
827 4039 850 4104 δ’
867 4041 1032 4125 άνέὸραμεν
1052 4044 1132 4124 ἔρνεϊ
1152 4045 1219 4113 ἴσος
1242 4045 1285 4110 ΙΙ.

185 4159 220 4226 2,
234 4151 289 4236 56,
304 4161 377 4228 437.
393 4140 585 4227 comparavit
600 4142 769 4205 Porsonus.

229 4271 278 4317 21.
297 4247 463 4312 ἀπόλλυται
479 4242 565 4305 BH.
581 4240 695 4329 aliique
708 4266 781 4306 oum
797 4243 966 4308 Eustathio
988 4269 1018 4333 p.
1039 4266 1116 4333 545,
1139 4269 1191 4334 29.
1208 4252 1285 4337 850,

185 4372 236 4442 52.
253 4351 327 4438 958,
342 4367 393 4432 59.
441 4342 504 4407 Alii
520 4358 551 4406 et
566 4342 672 4408 Aldus
687 4346 835 4410 άπάλετο.

230 4475 280 4540 23.
310 4449 410 4536 αὐτὸς]
444 4448 484 4509 ln
514 4443 668 4531 adjectivo
695 4445 818 4534 πατρῴα
845 4448 1022 4515 continetur
1051 4454 1284 4521 substantivum
