2864 4914
199 289 264 355 134
558 292 938 358 ANNOTATIONES

198 461 285 550 quod
300 476 347 527 est
360 461 392 526 iu
407 462 496 539 Ald.‚
512 464 562 528 vcl
576 467 621 532 τίς
635 462 740 544 πόθεν,
754 464 867 528 omisso
882 468 971 544 κυρεῖ.
1003 457 1097 525 πόθεν
1113 480 1152 521 οτι
1174 478 1204 519 1.
1224 472 1295 519 122.

197 562 319 628 illatum
335 588 400 629 csse
414 581 497 630 recte
506 564 630 653 judicat
643 565 876 631 Valckenarius.

245 684 314 746 174.
330 667 511 749 φιλαιμάτου
528 670 574 731 Η.
589 667 705 754 aliique
720 667 872 732 nonnulli.
911 668 1085 749 φιλαίματοι
1099 661 1177 726 Ald.

243 782 314 851 175.
336 766 443 832 Ἀλέου
459 769 673 832 Hermannus.
710 770 813 832 ἀελίου
826 766 910 847 libri,
925 766 1012 853 qnod
1029 764 1132 830 versui
1154 761 1298 849 proximo

196 868 286 935 addit
301 869 379 933 Ald.

244 974 316 1054 176.
331 970 568 1057 χρυσεόκυκλον]
586 971 793 1055 χρυσόκυκλον
807 972 927 1058 aliquot
940 970 1032 1035 oodd.

244 1090 316 1157 179.
331 1074 522 1162 μεταφέρων]
538 1074 727 1155 μετάφρενον
742 1073 850 1138 vitiose
864 1072 1053 1137 Eustatbius
1066 1094 1099 1158 p.
1115 1088 1193 1156 557,
1208 1071 1260 1155 36.

243 1175 314 1238 181.
331 1177 488 1242 Καπανεύς
502 1199 564 1240 om.
582 1174 668 1238 Flor.
685 1196 775 1237 unus.

242 1279 317 1342 ἑπτα
330 1276 518 1359 προσβάσεις
530 1276 610 1340 libri.
646 1278 721 1340 ἑπτὰ
734 1275 849 1340 delevit
863 1273 1094 1339 Valckenarius.

246 1379 318 1465 183.
335 1378 464 1463 Νέμεσι]
485 1378 616 1459 Νέμεσις
629 1378 711 1443 libri.
741 1380 924 1444 Correctum
940 1402 979 1442 ex
996 1378 1095 1443 Suida
1110 1400 1132 1440 s.
1149 1376 1194 1439 ld.
1228 1375 1296 1438 No·

196 1480 380 1545 minativum
397 1479 492 1545 habet
508 1481 621 1546 Suidas
635 1481 701 1569 ipse
716 1505 741 1545 s.
757 1482 888 1562 Νέμεσις
899 1497 931 1545 et
944 1479 1142 1564 ὑψηλοτέρας.

243 1584 315 1662 184.
332 1585 528 1664 κεραύνιον-
547 1582 553 1670 Ι
572 1585 611 1647 σύ
621 1609 711 1647 τοι-
729 1583 734 1670 Ι
755 1583 1152 1666 κοιμίζεις-αἰχμαλωτίδας
1167 1579 1246 1644 Ald.

239 1685 313 1772 πῦρ]
330 1691 394 1767 φῶς
409 1685 454 1748 Η.
470 1700 501 1749 et
517 1700 634 1771 septem
650 1684 712 1748 alii.
751 1685 866 1748 Versus
881 1701 1002 1750 constat
1015 1707 1055 1749 ex
1070 1682 1206 1771 tripodia
1219 1682 1297 1746 iam-

196 1783 265 1849 bica
280 1800 311 1849 et
325 1785 481 1850 dochmio.

244 1889 314 1972 185.
330 1891 553 1971 μεγαληγορίαν
568 1912 605 1953 ex
625 1889 789 1954 scholiasta
803 1888 982 1977 repositum.
1019 1889 1244 1972 μεγαλανορίαν
1257 1887 1297 1951 li·

198 1990 255 2055 bri.
294 1991 490 2074 μεγαλάνορα
503 1993 699 2073 ὑπερηνορίαν
713 1993 860 2057 Eustatb.
877 2015 909 2078 p.
922 1994 997 2072 462,
1012 2013 1044 2073 4.

239 2097 377 2176 κοιμίζοις
400 2118 440 2158 ex
461 2094 582 2181 aliquot
604 2095 697 2160 codd.
723 2111 905 2160 correctum.
951 2094 1099 2182 Plerique
1120 2117 1193 2159 cum
1218 2093 1297 2160 Ald.

196 2199 340 2277 κοιμίζεις.
380 2196 445 2261 Alii
463 2199 596 2278 κομίζεις.

244 2300 314 2364 186.
331 2302 562 2385 αἰχμαλωτιδας]
583 2298 787 2364 scribendum
804 2302 1029 2384 οίχμολιίτιδας.

245 2405 317 2484 187.
341 2402 524 2487 Μυκήναισι]
544 2402 733 2483 Μυκήνοισιν
747 2401 867 2488 aliquot
880 2400 971 2468 codd.
1011 2400 1177 2466 Proximus
1191 2424 1301 2465 versus

197 2505 380 2570 bacchiacus
393 2520 440 2569 est
454 2528 474 2568 a
489 2506 622 2568 molosso
635 2504 793 2591 incipiens.

242 2609 313 2672 188.
341 2609 444 2691 δώσει]
472 2608 579 2670 δώσειν
604 2605 685 2670 libri.
724 2607 823 2671 Recte
850 2609 1005 2670 Canterus
1028 2609 1118 2671 δώσει
1144 2606 1299 2671 restituit:

194 2709 253 2773 nisi
269 2711 349 2773 forte
362 2709 492 2773 verbum
508 2708 624 2773 excidit
638 2731 657 2772 a
671 2732 735 2795 quo
749 2707 899 2796 penderet
913 2710 1031 2773 δώσειν.

240 2814 453 2878 Ποσειδωνίοις
473 2810 669 2891 Ἀμυμωνίοις
689 2810 809 2898 aliquot
824 2810 915 2875 codd.
954 2809 1102 2896 Plerique
1122 2833 1194 2874 cum
1218 2811 1297 2876 Ald.

197 2914 426 2979 Ποσειδωνείοις
440 2912 662 2993 Ἀμυμωνείσις.

242 3017 314 3098 189.
337 3017 414 3079 Post
435 3019 522 3080 ὕδασι
540 3039 661 3081 comma
681 3017 861 3103 ponendum
879 3032 963 3094 erat3
987 3031 1034 3080 est
1048 3016 1129 3078 enim
1154 3016 1222 3080 baec
1243 3039 1300 3080 ex-

196 3117 322 3207 plicatio
347 3118 513 3182 verborum
537 3121 668 3203 Aepvm'q
693 3123 817 3204 τριαίνᾳ,
840 3133 872 3182 et
898 3117 938 3181 ad
963 3121 1103 3182 δουλείαν
1126 3122 1302 3200 περιβαλών

197 3220 309 3309 supple
324 3229 388 3288 τοῖς
404 3224 564 3302 Θηβαίοις.
612 3220 734 3284 Durius
748 3235 839 3300 esset,
858 3219 979 3285 dativos
1001 3219 1070 3284 illos
1091 3219 1135 3285 ita
1148 3221 1301 3308 accipere,

197 3348 233 3388 ac
257 3325 281 3388 si
306 3348 326 3388 a
349 3325 488 3388 δουλείαν
513 3324 696 3410 penderent,
721 3321 800 3388 ὥστε
823 3327 982 3388 δουλεῦσαι
1007 3330 1087 3387 Ποσ.
1110 3322 1180 3405 Ἀμ.
1203 3327 1301 3390 ὕδασι.

198 3427 392 3490 MA'PTH.

244 3548 314 3608 191.
331 3530 630 3612 χρυσεοβόστρυχον]
648 3531 912 3612 χρυσεοβόστρυχε
926 3527 1018 3592 codd.
1033 3527 1148 3614 plures.

235 3629 377 3717 Ἀρτεμι]
390 3627 531 3710 Ἀρτεμις
544 3652 617 3715 pars
630 3630 784 3695 codicum.

243 3752 312 3817 193.
330 3731 434 3815 είσβα]
455 3731 660 3796 Scribendum
677 3732 765 3812 ἔσβα.

243 3834 315 3920 198.
331 3836 363 3897 δὲ
379 3833 465 3898 Flor.
479 3856 561 3897 unus
576 3857 647 3898 cum
662 3835 788 3900 Stobaeo
799 3854 850 3919 71.
866 3857 983 3926 p433,
997 3855 1045 3923 15.
1070 3837 1199 3923 Reliqui
1207 3839 1300 3905 codd.

196 3952 227 4002 et
243 3936 319 4000 Ald.
337 3935 403 4017 γάρ.

240 4039 381 4123 θηλειῶν]
398 4037 487 4119 γένος
501 4037 623 4102 addunt
640 4040 685 4101 H.
701 4056 732 4103 et
748 4040 824 4104 Ald.

243 4161 315 4227 199.
331 4139 356 4203 τ’
372 4139 464 4205 codd.
480 4139 580 4204 multi.
608 4139 632 4203 δ’
649 4140 727 4205 Atd.

241 4267 313 4313 200.
330 4243 577 4330 έπεισφέρουσιν]
596 4245 692 4309 Scrib.
710 4245 941 4327 ἐπεσφέρουσιν.

243 4368 315 4414 201.
332 4346 467 4425 ἀλλήλας
481 4345 573 4412 codd.
589 4347 680 4412 multi
702 4371 773 4412 cum
798 4349 934 4413 Stobaeo.
973 4349 1040 4413 Alii
1055 4349 1204 4429 ἀλλήλαις
1224 4373 1298 4414 cum

197 4449 277 4514 Ald.
294 4465 324 4514 et
340 4451 449 4536 Etym.
466 4449 516 4514 M.
539 4471 571 4535 p.
583 4468 659 4529 420,
678 4470 726 4535 19.
744 4452 875 4516 “Recte
898 4454 1049 4517 Porson.:
1074 4452 1223 4534 ἀλλήλαις
1244 4453 1296 4517 λέ·
