2864 4914
534 297 601 360 ΑΙ)
625 295 849 360 ΜΕΒΕΑΜ.
1178 295 1244 361 887

187 466 235 528 διὰ
253 465 475 549 λαμπροτάτου]
494 466 581 529 Idem
603 467 747 532 observat
763 466 922 532 Aristides
943 468 979 530 ia
995 465 1243 543 Panathenaico,

143 565 245 651 inquit
262 568 475 654 Musgravius.
514 569 637 656 Nempe
658 593 691 656 p.
712 589 781 648 100,
802 587 851 634 η.
867 570 902 633 οὐ
915 567 974 651 γάρ
990 570 1073 632 ἔστιν
1087 567 1170 634 ὅστις
1184 572 1244 630 τῶν

142 669 210 751 περὶ
225 674 282 751 γῆν
296 668 391 751 ἀέρων
406 675 550 735 τοσοῦτον
565 670 718 755 ἀφέστηκε
735 676 790 755 γῆς
811 676 846 753 τῇ
867 674 968 754 φύσει,
984 670 1043 736 οὐδ’
1060 668 1156 752 αίθέρι
1169 675 1245 751 μᾶλ-

142 779 200 835 λον
215 774 357 836 εἴκασται.
380 774 493 836 ELM.

188 876 260 960 833.
278 878 406 943 Μούσας
420 874 546 959 λέγουσι
560 880 648 942 ΑΒ.
663 876 787 963 aliique.
812 875 938 959 λέγουσι
953 878 1080 943 Μούσας
1095 877 1188 940 Rom.
1206 878 1244 942 C.

144 1000 215 1040 cum
233 978 310 1042 Ald.
333 977 459 1060 λέγουσι
473 1001 534 1042 om.
552 981 644 1044 Lasc.

189 1080 260 1163 834.
286 1081 407 1167 Magna
429 1081 632 1167 interpretum
657 1082 864 1146 controversia
886 1097 943 1160 est,
961 1097 1066 1146 utrum
1082 1080 1246 1164 Ἁρμονίαν

145 1204 255 1245 nomen
280 1184 440 1270 proprium
464 1183 515 1260 sit,
533 1206 637 1248 necne.
671 1184 772 1248 schol.
790 1185 864 1248 ένιοι
886 1186 918 1248 δέ
940 1183 1066 1266 λέγουσι
1085 1185 1245 1265 Εὐριπίδην

144 1287 196 1350 τὰς
221 1287 347 1352 Μούσας
375 1282 479 1367 λέγειν
501 1284 662 1366 Ἁρμονίας
689 1285 862 1369 θυγατέρας,
884 1287 1097 1369 ἀγνοήσαντες.
1130 1287 1165 1350 oti
1187 1288 1245 1368 γδρ

144 1391 230 1450 τοῦτο
245 1386 340 1469 λέγει,
358 1388 439 1450 ἀλλὰ
454 1389 500 1450 ὅτι
515 1391 545 1451 αἱ
560 1393 683 1453 Μοῦσαι
699 1395 816 1470 πρῶτον
831 1392 861 1456 ἐς
883 1390 936 1469 τὴν
950 1389 1087 1468 Ἀττικὴν
1102 1390 1246 1451 ἐλθοῦσαι

145 1491 288 1570 ἁρμόνιαν
302 1487 374 1569 ᾖδον
398 1490 445 1551 καὶ
463 1489 517 1567 τὴν
531 1493 690 1575 μελῳδίαν.
715 1495 763 1555 διὰ
778 1495 836 1574 γὰρ
848 1499 899 1556 τοῦ
911 1497 1058 1574 φυτεῦσαι
1072 1495 1157 1554 τοῦτο
1172 1515 1246 1572 παρ-

147 1596 264 1671 ίστησιν
279 1599 341 1656 νῦν.
365 1593 431 1673 περὶ
448 1595 480 1656 δὲ
495 1599 547 1655 τοῦ
563 1598 615 1660 τὰς
630 1595 757 1661 Μούσας
769 1597 803 1658 έν
817 1596 852 1674 τῇ
868 1593 986 1674 Ἀττικῇ
1003 1596 1146 1675 ἱδρῦσθαι,
1162 1594 1248 1673 ἆριτὲἳ

146 1696 182 1757 rb
205 1696 415 1777 Παλαιφάτου.
462 1694 523 1758 Sed
554 1695 626 1759 huic
650 1695 849 1782 explicationi
876 1711 1032 1782 repugnat
1055 1693 1244 1781 adjectivum

145 1800 268 1875 ξανθὸν,
283 1797 368 1882 quod
386 1819 547 1884 personam
565 1797 726 1884 designare
746 1814 851 1863 monet
868 1798 1082 1883 Musgravius.
1128 1796 1246 1861 Melior

145 1912 191 1960 est
205 1897 301 1961 altera
316 1898 543 1986 interpretatio,
558 1922 653 1985 quarn
676 1900 833 1987 improbat
847 1899 1078 1987 grammaticus.
1118 1897 1247 1985 Euripi-

145 1999 200 2063 des
222 2000 319 2086 igitur
339 2001 451 2064 Musas
473 2001 503 2064 in
519 2001 628 2066 Attica
646 2027 683 2066 ex
709 2003 884 2066 Harmonia
900 2018 988 2066 natas
1003 2001 1122 2078 statuit,
1137 2003 1190 2068 τὰς
1212 2003 1246 2065 έν

146 2102 252 2189 Πιερίῃ
268 2106 395 2184 Κρονίδῃ
409 2102 475 2166 τέκε
490 2105 577 2185 πατρὶ
594 2111 717 2186 μιγεῖσα
736 2103 740 2192 Ι
761 2106 957 2184 Μνημοσύνη,
970 2109 1124 2186 γουνοῖσιν
1137 2101 1245 2167 Ἐλευ-

146 2209 233 2286 θῆρος
253 2202 412 2283 μεδέουσα,
436 2219 563 2269 auctore
585 2206 727 2269 Hesiodo
750 2206 874 2292 Theog·
895 2226 948 2291 53·
986 2206 1059 2269 Non
1081 2204 1153 2268 ideo
1176 2204 1247 2291 reji-

145 2308 254 2371 cienda
269 2322 315 2370 est
330 2308 397 2371 hac
419 2308 581 2384 sententia,
597 2308 671 2394 quia
685 2331 776 2372 nemo
791 2326 905 2395 praeter
922 2306 1108 2394 Euripidem
1134 2309 1245 2370 Musa·
1363 2386 1368 2397 ι

147 2432 215 2472 rum
240 2425 367 2473 matrem
394 2411 599 2474 Harmoniam
623 2410 801 2497 appellavit,
818 2426 874 2475 aut
889 2411 971 2496 ipsas
988 2410 1019 2473 iu
1035 2410 1144 2474 Attica
1159 2424 1247 2474 natas

146 2512 235 2577 dixit.
283 2514 364 2576 Tam
388 2512 488 2577 multa
507 2512 587 2576 enim
612 2525 745 2598 receptae
768 2511 970 2600 mythologiae
992 2512 1146 2576 contraria
1159 2512 1245 2599 apud

146 2630 285 2678 nostrum
317 2616 526 2701 reperiuntur,
554 2632 589 2678 ut
616 2614 707 2678 facile
732 2615 922 2678 vitleaseum
953 2615 983 2677 in
1015 2614 1069 2678 illa
1096 2613 1248 2679 sententia

146 2716 251 2794 fuisso,
268 2717 343 2780 nihil
359 2742 424 2782 esse
439 2718 471 2781 in
492 2717 540 2781 his
562 2718 656 2781 rebus
670 2716 756 2802 quod
780 2716 837 2780 sibi
861 2716 1039 2803 permittere
1061 2732 1161 2805 poetae
1184 2739 1246 2782 non

147 2819 262 2884 liceret.
287 2822 401 2884 ELM.

190 2926 262 3008 835.
279 2931 331 2988 τοῦ
348 2929 415 3010 (τοῦ
430 2924 552 2987 addunt
567 2925 654 2987 Α.Β.
670 2920 802 3008 aliique:
826 2945 888 2988 om.
907 2925 998 2987 Lasc.
1015 2940 1045 2989 et
1061 2923 1155 3005 Ald.)
1173 2932 1245 2989 καλ-

147 3026 467 3111 λινθου-ξυνεργούς]
486 3028 584 3089 Hunc
598 3024 701 3089 locum
717 3024 759 3088 ob
770 3024 877 3089 oculos
891 3024 1037 3089 habuisse
1052 3025 1177 3091 videtur
1192 3028 1248 3090 So-

147 3128 272 3216 plrocles
295 3129 372 3192 OEd.
390 3131 428 3194 C.
447 3130 521 3213 685.
544 3125 603 3191 οὐδ’
624 3129 731 3191 ἄϋπνοι
750 3127 755 3213 Ι
775 3132 878 3209 κρῆναι
898 3130 1064 3207 μινύθουσι,
1085 3128 1090 3214 Ι
1111 3132 1249 3210 Κηφισοῦ

148 3231 272 3312 νομάδες
291 3229 433 3313 ῥεέθρων,
454 3231 460 3317 Ι
479 3229 549 3295 ἀλλ’
566 3232 631 3293 αἰὲν
648 3228 692 3293 ἐπ’
708 3231 797 3310 ἄματι
816 3228 820 3317 Ι
840 3229 982 3296 ὦκντόκος
998 3231 1108 3293 πεδίων
1130 3231 1246 3294 ἐπινίσ·

147 3361 245 3411 σεται,
266 3334 271 3422 Ι
291 3336 423 3420 ἆκηρθτιρ
439 3336 491 3412 ξὺν
503 3337 616 3419 ὄμβρῳ,
636 3334 640 3420 Ι
661 3337 843 3418 στερνοθχου
855 3336 974 3417 χθονός.
997 3334 1064 3398 οὐδὲ
1077 3337 1205 3396 Μουσᾶν
1223 3331 1229 3419 Ι

147 3440 236 3521 χοροί
245 3464 292 3501 νιν
303 3438 524 3518 ἆπεστθγησαν,
545 3435 550 3521 Ι
570 3436 637 3501 οὐδὲ
646 3434 808 3519 χρυσόνιος
817 3434 990 3517 Ἀφροδίτα.
1013 3434 1114 3522 Apud
1125 3449 1247 3498 utrum-

147 3563 209 3626 que
219 3555 340 3624 poetam
353 3538 492 3616 Veneris,
503 3539 669 3600 Musarum
680 3552 712 3601 et
722 3537 850 3623 Cephisi
863 3537 989 3601 mentio.
1000 3538 1115 3602 ELM.
1135 3536 1248 3601 Paullo

147 3641 347 3728 probabilior,
364 3641 420 3705 etsi
436 3641 565 3704 fortasse
580 3663 641 3703 non
658 3662 740 3717 vera,
757 3639 825 3703 haec
847 3639 988 3704 Hlmsleii
1009 3641 1189 3727 conjectura
1201 3654 1249 3704 est

147 3767 242 3830 qnam
260 3742 430 3808 Clementis
446 3741 653 3805 Alexandrini
668 3741 785 3828 dequo
800 3741 938 3806 diximus
952 3742 991 3806 ad
1008 3766 1038 3807 v.
1051 3742 1124 3807 618.

190 3848 249 3910 ἀπὸ
265 3849 351 3909 Ab.
369 3845 493 3931 aliique.
530 3845 636 3931 Vulgo
652 3847 710 3908 ἐπί.

190 3952 262 4031 ῥοὰς
278 3951 315 4012 Β.
330 3964 497 4012 correctus.
535 3946 717 4033 Legebatur
731 3949 822 4028 ῥοαῖς.

192 4052 263 4134 838.
282 4049 501 4133 ἀφυσσαμέναν
516 4052 559 4113 Α.
574 4064 606 4112 et
620 4063 771 4135 quattuor
785 4049 848 4114 alii.
874 4049 1073 4132 ἀφνσαμέναν
1087 4051 1167 4115 Ald.

192 4154 264 4237 839.
281 4151 397 4237 χώραν]
417 4151 621 4215 Scribendum
637 4152 736 4234 χώρας
750 4174 821 4214 cum
839 4151 977 4216 Reiskio.

192 4257 264 4335 840.
289 4256 451 4334 ἡδυπνόους
472 4253 622 4316 omittunt
649 4250 734 4314 Flor.
759 4254 801 4314 A.
820 4251 919 4316 Paris.
937 4254 980 4316 A.
1003 4253 1097 4315 Rom.
1113 4253 1247 4317 A.B.D.

150 4357 235 4422 Flor.
254 4378 303 4423 10.
324 4376 373 4439 15.
391 4358 500 4419 Havn.
538 4354 644 4418 Etiam
665 4352 696 4416 in
714 4355 807 4417 Rom.
823 4356 943 4419 A.C.a
963 4354 1131 4419 recentiore
1154 4377 1248 4418 manu

148 4460 290 4524 additum
308 4475 364 4523 est.
391 4461 583 4522 MAT'l'H.
615 4456 719 4521 Verba
733 4457 895 4536 ἡδνπνόονς
908 4460 1000 4540 αὔρας
1014 4481 1033 4521 a
1046 4457 1249 4545 grammatico
