2864 4914
381 714 993 802 ANDROMAOHA.

577 957 797 1007 -0—

136 1131 490 1221 ANDROMACHA
504 1180 569 1243 quo
583 1179 665 1222 anuo
679 1156 710 1221 in
730 1177 851 1221 scenam
873 1153 1028 1244 producta
1049 1151 1088 1218 sit
1107 1152 1149 1218 ab
1167 1152 1236 1219 Eu·

136 1254 237 1341 ripide
250 1256 344 1321 nullis
359 1274 479 1324 constat
493 1274 634 1325 veterum
656 1257 931 1346 grammaticorum
946 1255 1139 1322 testimoniis.
1181 1256 1235 1321 Ex

136 1379 337 1424 numerorum
353 1375 456 1427 tamen
471 1361 593 1428 delectu
614 1377 646 1427 et
661 1361 843 1428 tractatione
864 1360 938 1425 satis
958 1356 1162 1447 probabiliter
1175 1356 1237 1424 ool·

136 1459 190 1547 ligi
213 1476 316 1550 potest
330 1487 369 1527 ex
384 1464 612 1552 antiquioribus
633 1465 714 1530 hanc
735 1488 801 1530 esse
822 1478 924 1553 poetoe
943 1460 1060 1528 fabulis
1079 1459 1236 1548 ejusdcm·

136 1585 199 1649 que
218 1564 284 1629 fere
300 1565 400 1630 oetatis
419 1581 516 1653 atque
538 1566 687 1634 Medeam
702 1583 735 1633 ct
749 1566 982 1657 Hippolytum:
1007 1578 1045 1630 ut
1057 1563 1237 1653 olympiade

135 1666 322 1753 octogesima
338 1668 470 1756 septima
491 1668 540 1735 vel
561 1685 672 1736 octava
685 1670 769 1738 edita
784 1694 850 1735 esse
871 1668 1024 1734 videatur.
1068 1668 1152 1733 Nam
1167 1690 1236 1733 car·

137 1769 219 1833 mina
234 1770 319 1835 chori
341 1771 490 1859 pleraque
504 1796 543 1837 ex
560 1773 699 1839 versibus
720 1772 891 1862 composita
911 1784 986 1837 sunt
1007 1760 1238 1859 dactylico-tro-

135 1871 259 1951 chaicis,
275 1873 364 1960 gravi
379 1890 409 1939 et
425 1897 532 1940 severo
551 1875 641 1940 metri
662 1899 787 1963 genere,
801 1876 892 1962 cujus
912 1873 1182 1963 frequentissimus
1202 1873 1235 1938 in

137 1975 233 2039 veteri
249 1975 429 2041 Atticorum
448 1976 601 2065 tragoedia
616 2000 692 2042 usus
712 1978 786 2059 fuit,
800 1977 898 2042 rarior
919 1976 951 2042 in
974 1975 1236 2062 recentiumque

135 2077 279 2163 glyconei
301 2078 406 2165 potius
426 2079 548 2144 numeri
564 2079 769 2159 volubilitate,
784 2079 913 2145 mutatis
932 2078 976 2143 rei
992 2078 1119 2144 musicae
1133 2077 1235 2143 ratio-

136 2178 230 2242 nibus
243 2180 485 2258 aocommodata‚
501 2167 723 2248 delectabatur.
759 2182 858 2247 Plane
873 2180 1038 2270 singularis
1051 2196 1155 2246 autem
1171 2179 1235 2247 dis·

136 2281 290 2345 tichorum
305 2281 511 2369 elegiacorum
529 2307 604 2348 usus
617 2298 664 2348 est
678 2284 710 2349 in
723 2284 782 2350 hac
796 2284 904 2350 fabula
914 2308 945 2349 r.
959 2285 1137 2370 103-116.
1148 2281 1236 2369 quod

136 2383 262 2447 unicum
279 2384 375 2472 hujus
388 2385 511 2471 generis
524 2384 702 2473 exemplum
716 2399 762 2451 est
777 2386 809 2450 in
824 2385 984 2474 tragoediis
994 2384 1118 2473 quaesti
1131 2398 1236 2451 nostra

137 2500 277 2574 tempora
299 2487 694 2575 pervenerunt—Codices
716 2488 813 2577 hujus
828 2487 945 2554 fabulae
967 2486 1125 2552 Parisinos
1145 2511 1237 2553 accu-

136 2588 233 2653 ratius
254 2612 348 2676 quam
372 2590 579 2677 Musgravius
600 2590 734 2657 excussit
756 2593 897 2657 Joannes
921 2589 1121 2677 Lentingius,
1143 2590 1236 2679 cujus

136 2690 231 2756 editio
244 2692 362 2780 prodiit
391 2692 582 2779 Zutphaniae
596 2717 625 2759 a.
647 2695 739 2778 1829.

183 3014 210 3059 1.
227 2995 351 3074 Θηβαία
371 2994 474 3081 πόλις]
498 2994 679 3076 Scholiasta,
695 2997 759 3078 Τὴν
775 3000 809 3063 ἐν
823 2999 913 3084 Ἀσία
931 2997 1017 3079 λέγει
1033 2994 1238 3062 ’Ύποπλάκιον

138 3096 257 3178 Θήβην,
280 3097 315 3176 ἧς
334 3094 463 3162 Ἠετίων
487 3100 700 3177 ἐβασίλευσεν.
726 3100 799 3164 ἔνθα
819 3102 868 3164 καὶ
886 3100 941 3179 τὴν
964 3099 1088 3180 Χρύσαν
1110 3099 1159 3163 καὶ
1182 3096 1238 3179 τὴν

137 3199 316 3281 Λυρνησσὸν
338 3200 372 3263 ἑν
393 3204 433 3286 τῷ
459 3204 511 3280 τῆς
534 3200 641 3282 Θήβης
661 3204 752 3287 πεδίφ
778 3202 955 3276 τάσσουσιν,
982 3202 1020 3267 ὥς
1042 3202 1059 3264 δ
1083 3202 1237 3284 Αἰσχύλος

137 3305 328 3383 Λυρνησσίδα
341 3307 587 3386 προσαγορεύσας
601 3306 655 3384 τὴν
668 3305 878 3391 Ἀνδρομάχην
893 3307 927 3370 ἑν
941 3311 1004 3373 τοῖς
1016 3305 1139 3386 Φρυξίν.

179 3406 279 3489 πόλις]
312 3405 363 3470 Sic
386 3404 463 3470 Ald.
490 3407 592 3471 Taur.
616 3408 682 3473 Gn.
706 3410 813 3473 Havu.
850 3410 923 3473 πάλι
946 3405 1033 3471 Flor.
1051 3423 1079 3469 2.
1107 3424 1157 3470 10.
1183 3425 1235 3491 15.

138 3508 230 3572 Lasc.
252 3508 342 3571 πτάλι
357 3507 443 3573 Flor.
460 3510 503 3573 A.
521 3510 595 3575 Par.
610 3512 655 3578 A.
689 3513 802 3601 Neque
815 3535 888 3577 vero
902 3507 1153 3576 subaudiendum
1171 3509 1240 3574 ἐστί

137 3632 209 3674 cum
233 3609 405 3691 Bruuckio,
430 3635 495 3699 quo
520 3612 597 3678 nibil
622 3615 786 3704 frigidius3
811 3614 866 3681 sed
891 3628 938 3680 est
962 3608 1170 3699 compellatio,
1194 3609 1236 3675 ad

137 3735 231 3798 quam
253 3712 284 3777 in
307 3737 395 3800 sequ.
418 3737 480 3780 non
502 3716 637 3804 amplius
658 3718 831 3805 respicitur.
869 3717 941 3784 Vid.
957 3715 1051 3783 Seidl.
1069 3714 1111 3778 ad
1133 3712 1188 3777 El.
1206 3730 1235 3779 1.

138 3816 328 3880 MATTH.
477 3832 481 3839 ’

180 3918 210 3980 6.
226 3923 279 3981 νῦν
293 3916 330 3994 δ’,
344 3921 372 3983 εί
384 3944 428 3988 τις
442 3922 531 4001 άλλη,
548 3921 771 4006 δυστυχεστάτη
785 3923 875 4007 γυνή]
889 3920 966 3985 Ald.
981 3921 1089 3984 Havn.
1104 3917 1191 3983 Flor.
1203 3936 1235 3985 2.

138 4024 192 4085 νῦν
206 4019 231 4085 δ’
247 4022 325 4088 ούτις
339 4023 420 4102 άλλη
435 4026 654 4108 δυστυχεστάτη
669 4026 743 4108 γυνὴ
756 4024 851 4107 'Eucti
864 4025 938 4108 πέφ.
965 4022 1016 4088 Sic
1030 4023 1123 4087 etiam
1139 4024 1234 4088 Lasc.

137 4123 195 4188 nisi
216 4121 303 4209 quod
325 4125 547 4209 δυστυχεστίρο
567 4126 653 4212 legit.
690 4130 740 4192 At
762 4129 851 4193 Pam.
866 4127 998 4192 A.B.D.
1020 4123 1104 4189 Flor.
1122 4126 1166 4188 A.
1186 4142 1235 4189 ιο.

78 4261 80 4264 v
141 4246 189 4310 15.
207 4228 307 4291 Taur.
325 4228 390 4291 Gu.
410 4246 443 4292 et
457 4227 553 4292 schol.
576 4232 630 4293 νῦν
652 4227 676 4293 δ’
700 4232 770 4298 εἴτις
790 4231 880 4308 άλλη.
927 4229 1001 4293 Ηοο
1022 4226 1117 4313 recipi
1137 4224 1237 4291 voluit

137 4329 246 4396 Valck.
261 4328 302 4395 ad
326 4329 550 4414 Phoen.1589.
574 4330 715 4418 sequenti
738 4354 828 4397 versu
844 4329 948 4396 deleto
970 4332 1042 4409 ἐμοῦ
1062 4327 1196 4410 πέφυκεν
1216 4326 1236 4410 ἢ

136 4433 299 4516 γενήσεταί
309 4458 393 4498 ποτε.
410 4433 600 4499 ΜΑΤΤΗ.
625 4433 788 4500 verissime
803 4431 1036 4500 Valckenarius.
1060 4432 1190 4496 Versum
1202 4444 1233 4515 7.
