2864 4914
179 255 244 318 23⁶2
542 259 921 323 ANNOTATIONES

227 428 299 509 781.
316 429 476 516 πολεμίας]
495 428 584 493 Libri
598 429 718 516 aliquot
732 433 893 511 πολεμίους
908 428 955 493 vel
971 431 1133 510 πολεμίων.

226 530 300 610 782.
325 532 461 613 ἐχθροῖσι
482 536 592 598 παῖδας
606 533 674 600 τοὺς
696 533 783 613 ἐμοὺς
805 533 997 616 καθυβρίσαι]
1016 530 1146 595 Mallem
1161 529 1283 594 abesset

181 631 233 696 hic
247 656 366 712 versus,
380 657 473 720 quem
491 634 543 698 vix
558 635 730 722 genuinum
746 659 812 700 esse
834 658 912 699 reor.
950 634 1083 698 Videtur
1098 632 1249 696 confictus
1264 655 1282 695 e

181 757 211 800 v.
232 738 326 799 1060.
343 738 424 800 οὔτοι
438 735 501 800 ποτ’
518 738 603 801 ἔσται
624 736 703 801 τοῦθ’
718 739 797 805 ὅπως
815 740 934 821 ἐχθροῖς
954 739 1014 819 ἐγὼ
1028 741 1135 802 παῖδας
1156 734 1281 816 παρήσω

182 838 250 904 τοὺς
265 839 352 918 ἐμοὺς
367 840 553 919 καθυβρίσαι.
579 839 787 903 BRUNCK.
825 840 924 902 Recte
939 837 1031 901 sentit
1046 834 1226 900 Brunckius
1241 834 1281 898 de

182 941 240 1004 hoc
256 963 359 1018 versu,
374 964 467 1026 quem
485 943 533 1005 vel
554 941 631 1005 illud
651 957 722 1028 post
737 964 837 1028 pauca
852 941 947 1005 verba
970 939 1060 1002 nimis
1082 937 1209 1002 moleste
1231 961 1279 1002 re·

180 1043 312 1129 petitum
329 1049 436 1110 παῖδας
449 1045 517 1111 τοὺς
532 1047 620 1124 ἐμούς
635 1060 813 1132 suspectum
831 1043 943 1107 reddit.

225 1148 299 1228 784.
316 1144 435 1230 αὐτοὺς]
452 1147 551 1215 αὐτοῖς
565 1149 610 1212 Α.
624 1170 644 1210 a
659 1172 706 1235 pr.
723 1170 765 1210 m.
798 1148 870 1211 Non
891 1169 972 1234 opus
987 1142 1180 1208 Valckenarii
1203 1166 1277 1207 con·

175 1248 300 1333 jectura
314 1248 353 1312 ad
371 1248 483 1312 Phoen.
505 1253 595 1313 1286.
611 1251 695 1337 αὐτῇ,
711 1249 796 1337 quod
812 1273 850 1313 ex
867 1247 1062 1336 praecedente
1081 1250 1173 1310 παῖδα
1187 1253 1278 1324 βασι-

180 1348 258 1417 λέως
272 1350 361 1414 facile
375 1350 568 1439 intelligitur.
604 1353 799 1417 Valckenarii
814 1367 918 1416 autem
931 1351 1109 1436 conjectura
1122 1347 1219 1412 dncta
1233 1363 1279 1412 est

181 1476 242 1516 ev.
259 1471 331 1536 947.
347 1452 458 1537 πέμψω
474 1460 532 1537 γὰρ
548 1457 619 1542 αὐτῇ
635 1455 712 1538 δῶρ’,
729 1457 748 1520 δ
763 1456 1003 1520 καλλιστεόεται.

224 1556 297 1640 785.
316 1559 415 1638 νύμφῃ
436 1555 594 1639 φέροντας,
610 1559 696 1638 τήνδε
711 1559 751 1639 μή
766 1561 890 1640 φεύγειν
904 1555 1015 1640 χθόνα]
1041 1556 1140 1618 Hune
1154 1575 1279 1617 versum

180 1662 324 1748 proximo
340 1660 441 1724 versui
464 1661 623 1748 postponit
640 1663 680 1738 B,
695 1685 714 1725 a
729 1684 771 1726 m.
785 1659 921 1724 secunda
935 1658 966 1721 in
982 1656 1121 1743 margine
1135 1654 1277 1719 additum

182 1763 275 1826 habet
291 1764 337 1826 H.
377 1763 527 1849 Spurium
544 1787 609 1827 esse
624 1763 780 1827 verissime
790 1761 945 1849 judicavit
961 1758 1192 1823 Valckenarius.

223 1864 326 1950 τήνδε]
352 1863 532 1942 Scholiasta,
548 1865 696 1948 γράφεται
718 1870 807 1944 δῆθεν
824 1865 859 1943 δὴ
875 1862 1056 1947 (delendum
1073 1862 1160 1940 δήεκ
1177 1859 1280 1925 verbis

179 1967 331 2055 proximis
352 1966 501 2050 illatum),
517 1969 554 2032 ἵν’
567 1966 587 2054 ᾗ
601 1968 667 2032 ἀντὶ
681 1973 734 2031 τοῦ
748 1969 786 2034 ὣς
807 1967 841 2046 δὴ
856 1962 1127 2048 παραιτησομένους
1149 1965 1202 2044 τὴν
1224 1973 1278 2046 φν-

181 2071 246 2153 γήν.
270 2069 385 2134 τιθέασι
400 2074 457 2154 γδρ
468 2072 502 2134 τὸ
514 2075 603 2150 δῆθεν
613 2073 679 2135 ἀντὶ
690 2075 742 2134 τοῦ
755 2072 794 2137 ὡς
805 2075 849 2150 δή.
875 2070 1065 2156 Conjectura
1074 2066 1277 2154 grammatici,

180 2171 235 2259 qui
259 2173 315 2235 nisi
340 2173 429 2237 metri
452 2175 543 2260 plane
567 2173 730 2261 imperitus
752 2173 824 2251 fuit,
848 2176 918 2252 δῆθε
942 2171 1075 2235 scribere
1096 2170 1217 2248 debuit,
1242 2184 1278 2232 ut

180 2273 302 2338 monuit
316 2273 501 2338 Elmslcius:
526 2275 617 2361 cujus
628 2275 737 2339 formoe
750 2297 847 2338 unum
860 2289 961 2337 exstat
972 2273 1149 2359 exemplum
1163 2272 1277 2359 Eurip.

181 2376 232 2440 El.
250 2380 322 2442 268.

223 2484 359 2566 φεύγειν]
378 2487 486 2562 φυγεῖν
502 2482 597 2544 Rom.
614 2483 651 2544 C.
667 2496 698 2544 et
713 2479 885 2544 scholiasta.
920 2478 1024 2542 Verba
1041 2478 1128 2558 τήνδε
1147 2479 1187 2558 μή
1203 2480 1277 2560 φεῦ·

179 2608 245 2666 γειν
259 2587 354 2667 χθόνα
369 2583 518 2669 leguntur
534 2606 562 2645 v.
580 2602 654 2666 940.
671 2602 746 2667 943.

224 2689 297 2768 786.
323 2686 386 2749 Hic
403 2709 509 2749 versus
530 2686 681 2772 repetitur
702 2686 781 2748 infra
798 2704 871 2768 949.
909 2682 1084 2747 Deleantur
1100 2684 1183 2763 unci,
1198 2708 1278 2771 qnos

179 2811 241 2852 non
258 2788 330 2851 huic
347 2789 460 2864 versui,
476 2789 529 2851 sed
546 2790 621 2872 785.
637 2787 753 2876 apponi
769 2786 937 2850 volueram.

222 2892 349 2974 πλόκον]
368 2892 524 2970 πλόκαμον
540 2890 625 2954 Flor.
643 2913 733 2954 unus.
768 2888 881 2972 στέφος
901 2890 941 2952 Β.
979 2888 1100 2952 Eadem
1116 2888 1278 2955 diversitas
1369 2930 1372 2936 ,

178 2992 318 3056 lectionis
334 3015 364 3055 v.
382 3014 457 3077 949.

224 3098 296 3178 787.
320 3097 494 3160 Observcnt
518 3096 631 3160 tirones
653 3099 767 3178 ἆμφιθῇ
790 3119 847 3183 pro
869 3098 1039 3178 ἂμφιθήται.
1078 3096 1130 3159 Ita
1152 3118 1182 3159 v.
1203 3114 1275 3180 950.

179 3201 273 3284 ξανθᾷ
289 3199 312 3264 δ’
329 3202 405 3282 ἀμφὶ
421 3201 495 3283 κόμᾳ
514 3199 518 3284 Ι
539 3199 625 3278 θήσει
640 3200 693 3262 τὸν
709 3202 784 3262 Atta
800 3200 912 3276 κόσμον
927 3198 1010 3282 οῦΙτῖι
1023 3205 1091 3260 ταῖν
1106 3206 1209 3280 χεροῖν
1223 3207 1278 3262 λα-

179 3309 288 3379 βοῦσα.
317 3327 347 3365 ν.
371 3321 461 3385 1129.
485 3307 616 3384 χρυσοῦν
638 3328 670 3365 τε
693 3307 782 3365 θεῖσα
806 3299 960 3382 στέφανον
986 3301 1062 3382 ἀμφὶ
1087 3305 1276 3385 βοστρύχοις.

179 3404 349 3490 Euripides
372 3405 528 3467 Erectheo
551 3405 679 3490 Fragm.
697 3406 725 3466 6.
750 3405 875 3483 ὰείδοιμι
894 3407 925 3466 δὲ
945 3405 1107 3486 στεφάνοις
1129 3407 1204 3486 κόρα
1225 3409 1276 3469 πό

178 3515 246 3570 λιον
261 3507 470 3587 στεφανώσας.
509 3505 597 3568 Idem
624 3506 736 3569 Bacch.
757 3511 829 3588 176.
845 3508 969 3588 θύρσους
991 3506 1144 3580 ἀνάπτειν,
1162 3509 1208 3570 καὶ
1231 3534 1277 3571 νε-

178 3614 261 3689 βρῶν
284 3611 370 3688 δορὰς
392 3608 483 3690 ἔχειν,
505 3606 509 3692 Ι
530 3614 700 3689 στεφανοῦν
722 3634 754 3671 τε
775 3615 865 3690 κρᾶτα
887 3611 1032 3674 κισσίνοις
1049 3609 1274 3687 βλαστήμασιν.

180 3710 262 3774 Satis
283 3709 394 3772 usitata
417 3710 606 3773 constructio
626 3727 684 3788 est,
703 3727 739 3775 ut
761 3711 800 3774 de
821 3735 877 3773 suo
901 3709 948 3772 vel
968 3734 1097 3796 corpore
1118 3711 1165 3774 vcl
1189 3726 1277 3796 parte

178 3811 316 3898 corporis
331 3811 402 3895 quis
417 3811 564 3897 loquatur
578 3828 726 3899 tanquam
743 3813 783 3876 de
802 3813 910 3876 alieno
958 3813 1050 3889 Quod
1071 3828 1152 3876 stare
1174 3830 1277 3899 posset

179 3918 349 3997 θμφιθήται,
367 3913 460 3976 modo
475 3937 531 4000 per
547 3931 679 3978 metrum
695 3916 812 3994 liceret,
829 3939 892 3979 uno
902 3916 1046 4003 exemplo
1060 3917 1194 3980 ostendit
1210 3919 1277 3980 En-

177 4017 293 4104 ripides
315 4018 409 4079 Herc.
425 4036 499 4101 334.
521 4018 563 4080 dr‘
579 4018 616 4081 ἂν
631 4021 662 4082 δὲ
679 4023 790 4099 κόσμον
804 4018 1010 4100 περιβάλησθε
1026 4021 1172 4098 σώμασιν,
1194 4018 1198 4105 Ι
1217 4021 1276 4097 ἥξω

178 4121 252 4203 πρὸς
273 4123 358 4200 ὑμᾶς,
383 4119 504 4204 νερτέρᾳ
527 4122 630 4183 δόσαν
651 4126 748 4204 χθονί.
795 4121 856 4198 Qui
873 4136 975 4185 tamen
991 4121 1071 4184 dixit
1086 4121 1161 4184 ibid.
1182 4141 1273 4205 1159.

178 4221 244 4305 φέρ’
262 4224 295 4285 ἓν
310 4219 452 4284 πέπλοισι
468 4223 549 4302 κρατὶ
562 4223 717 4303 περιβάλω
732 4227 846 4290 σκότος.
870 4225 986 4287 ELM.

222 4343 294 4408 792.
320 4324 507 4407 τούντεῦθεν]
532 4323 680 4388 τοῦνθένδ’
699 4328 732 4390 ἐν
748 4330 792 4404 Α,
815 4350 910 4414 supra
932 4327 1047 4415 scripto
1069 4354 1116 4410 γρ.
1133 4353 1193 4391 τεν.
1209 4327 1275 4390 τού-

178 4424 283 4490 θένδεν
298 4427 393 4489 Rom.
413 4426 450 4489 B.
