2864 4914
215 282 258 348 46
576 280 955 347 ANNOTATIONES

215 453 297 519 mine
312 454 429 518 Dorico
444 453 559 542 legitur
572 453 659 540 apud
676 453 859 539 Sophoclem
880 453 961 518 Phil.
979 454 1052 536 849.
1070 452 1088 515 ὅ
1102 478 1129 517 τι
1144 456 1217 540 δύνᾳ
1230 453 1315 533 μύκι-

214 580 296 620 στον.
343 555 394 620 Sic
410 559 526 642 ἐπίστᾳ,
543 579 604 620 non
620 558 736 637 ἐπίοτη,
752 571 796 621 est
810 579 862 644 ap.
879 556 990 622 AEsch.
1006 558 1102 620 Eum.
1118 557 1170 620 86.
1187 571 1216 620 er
1232 557 1306 642 581.

257 660 343 743 δύνη]
363 659 469 745 Magis
484 657 592 724 Attica
604 662 715 740 forma,
727 661 810 747 δύνᾳ,
821 683 915 747 quam
929 682 1012 725 nunc
1027 660 1150 747 reposui
1166 682 1225 747 pro
1236 663 1316 741 δύνη.

216 760 320 827 Schol.
343 761 384 826 ad
415 761 455 826 Il.
480 765 516 829 Ξ.
545 782 613 847 199.
640 763 672 827 in
696 763 802 828 codice
826 763 1049 828 Townleiano:
1073 768 1179 844 δσμνᾶ·
1204 766 1234 827 οί
1260 767 1318 844 μέν

213 867 320 946 ὁμοίως
333 867 375 951 τῷ
389 871 477 948 πειρᾶ
490 868 571 945 ἐμεΐο
586 868 697 948 γεραιέ·
720 870 750 931 οἱ
763 869 796 931 δέ
813 868 919 948 δύριον
933 865 1005 930 αὐτὸ
1016 865 1076 930 ἆπδ
1091 869 1144 929 τοῦ
1154 865 1314 945 δάμναμαι·

213 971 304 1037 οὕτως
324 967 523 1052 Ἀρίσταρχύς
544 977 639 1050 φησιν
657 969 964 1054 ἐπίστο(1.ἐπι’σται)
985 970 1078 1033 δύνοι·
1102 968 1177 1032 ὅλον
1199 970 1232 1033 δέ
1255 970 1317 1032 ἐπί·

213 1095 340 1135 στοσοιε
354 1069 512 1134 —Schol
534 1069 574 1134 ad
598 1071 659 1135 Od.
684 1077 720 1135 Λ.
746 1090 818 1138 220.
842 1070 874 1135 in
898 1073 975 1136 MS.
1001 1071 1092 1136 Harl.
1106 1074 1205 1155 5674.
1228 1077 1317 1153 πειρᾶ

214 1174 294 1254 ἐμεῖο
310 1175 411 1255 γεροιέ
427 1174 473 1237 καὶ
489 1173 715 1256 ἐκφονονμένον
728 1179 781 1238 τοῦ
795 1183 820 1238 ι’.
837 1175 875 1241 ὣς
889 1174 923 1237 τὸ
935 1177 1019 1240 δύναι
1032 1172 1100 1256 παρ’
1116 1175 1244 1241 δττικοῖς
1254 1198 1261 1237 :
1273 1212 1316 1223 —

256 1397 329 1462 259.
348 1381 378 1445 ἐς
393 1377 481 1443 Flor.
497 1400 589 1443 unus.
627 1378 731 1467 Vulgo
746 1383 797 1448 είς.

256 1483 328 1546 260.
343 1481 378 1545 τὸ
391 1485 479 1565 χρῆν,
494 1504 553 1567 pro
566 1482 600 1546 τὸ
614 1486 723 1567 χρῆναι
737 1483 869 1559 dictum,
884 1504 923 1545 ex
941 1481 1094 1569 Sophocle
1108 1497 1140 1547 et
1158 1482 1315 1569 Euripide

212 1597 364 1648 memorat
392 1583 541 1649 Eustath.
570 1607 604 1671 p.
625 1603 699 1669 751,
721 1602 774 1671 54.
801 1588 890 1667 1647,
912 1604 966 1672 37.
996 1584 1174 1673 legiturque
1199 1585 1312 1649 iterum

213 1687 311 1749 Here.
326 1685 349 1749 f.
366 1687 439 1751 828.
455 1686 490 1750 τὸ
503 1691 580 1771 χρῆν
595 1712 643 1751 νιν
657 1687 811 1767 ἐξέσιιζεν,
829 1687 883 1752 ubi
896 1687 948 1752 alii
964 1688 1033 1753 libri
1051 1690 1086 1754 τὸ
1102 1691 1209 1774 χρεὸν,
1226 1690 1314 1776 quod

211 1786 273 1851 illic
295 1787 335 1852 ab
354 1788 510 1876 Euripide
529 1812 590 1853 non
614 1789 714 1877 magis
735 1790 885 1878 scriptum
906 1792 1033 1857 videtur
1056 1816 1151 1880 quom
1177 1792 1252 1881 Iph.
1270 1795 1312 1859 Τ.

215 1892 309 1972 1486.
324 1895 405 1958 οίνῶ·
427 1892 462 1956 τὸ
477 1895 535 1975 γδρ
550 1894 648 1976 χρεὸν
663 1899 720 1958 σοΰ
733 1920 767 1959 τε
782 1894 830 1959 καὶ
846 1900 922 1959 θεῶν
937 1901 1044 1977 κροτεῖ.

254 1995 525 2077 δνθρωποσφογεῖν
541 1996 628 2059 RH.
644 1995 759 2084 aliique
780 1996 907 2083 plurimi
924 2019 997 2062 cum
1013 1997 1183 2061 Eustathio
1198 1997 1219 2061 l.
1234 2023 1262 2063 e.
1280 2014 1313 2063 et
1395 2041 1400 2048 ·

212 2096 339 2162 Thoma
351 2099 402 2161 M.
418 2120 442 2161 s.
457 2102 541 2180 χρῆν.
565 2100 821 2180 ἆνθρωποιετονεῖν
834 2097 912 2163 Ald.
923 2113 955 2163 et
969 2099 1159 2164 Eustathius
1169 2121 1201 2186 p.
1218 2117 1311 2185 1179,

255 2305 328 2388 263.
348 2304 392 2388 ἐς]
411 2305 453 2370 είς
467 2301 544 2366 Ald.
562 2301 613 2365 hic
626 2318 659 2368 et
674 2326 703 2368 v.
721 2306 794 2370 266.

256 2408 327 2491 265.
342 2410 420 2490 χρῆν
435 2407 520 2471 Flor.
536 2428 621 2470 unus
635 2421 666 2470 et
682 2406 786 2471 Viteb.
809 2405 866 2490 χρῆ
881 2405 957 2469 Ald.

255 2512 327 2592 267.
344 2509 550 2594 αἰχμάλωτον]
568 2511 764 2593 οίχμιιλιύτιιν
780 2509 818 2572 Β.
834 2522 866 2572 et
881 2508 988 2594 Mosq.
1004 2508 1079 2572 duo.

255 2614 328 2696 269.
345 2611 580 2696 εὐπρεπεστάτη]
598 2610 802 2676 scribendum
820 2608 1040 2692 ἐκπρεπεστύτη
1054 2632 1125 2673 cum
1140 2611 1311 2675 Brunckio.

212 2717 394 2801 Utrumque
423 2714 484 2778 dici
514 2714 634 2802 potuit:
668 2715 721 2778 sed
752 2712 975 2800 significantius
1002 2726 1049 2776 est
1079 2713 1311 2795 ἐκπρεπεστάτη,

208 2840 307 2905 quum
324 2816 383 2882 hoc
394 2815 589 2904 potissimum
605 2815 665 2880 dici
680 2815 803 2894 debeat,
820 2815 973 2880 Helenam
990 2815 1125 2881 eminere
1148 2839 1213 2903 proe
1229 2832 1312 2882 cete-

208 2919 259 2983 ris.
305 2918 453 2984 Similiter
467 2919 499 2982 in
515 2919 588 2983 Alc.
603 2939 644 3005 33
646 2941 676 3006 5.
693 2918 753 2985 οὔτ’
770 2919 847 2986 εἶδος
864 2919 965 2986 ἄλλως
987 2919 1209 3000 ἐκπρεπεστύτη
1224 2921 1310 3002 γυνή,

208 3020 262 3086 ubi
278 3020 349 3085 libri
363 3021 455 3086 multi
468 3038 617 3087 consueto
631 3021 763 3086 librariis
776 3044 880 3087 ermre
895 3022 1128 3104 εὐπρεπεστάτη.

252 3139 326 3207 270.
341 3125 454 3211 ῆσσον]
469 3125 559 3205 ῆπον
573 3123 649 3190 Ald.
689 3127 871 3189 Correctum
889 3146 927 3187 ex
944 3123 1044 3188 tribus
1056 3123 1147 3189 oodd.

251 3227 370 3315 εύρέθη]
389 3228 487 3294 Serib.
505 3227 621 3310 ηύρέθη.

251 3347 323 3413 274.
354 3334 405 3410 τῆς
433 3334 553 3412 γεραιᾶς
582 3329 690 3414 Mosq.
716 3348 809 3391 unus.
847 3327 1030 3415 Legebatur
1059 3332 1149 3408 τῆσδε
1177 3337 1309 3413 γεραιᾶς.

206 3433 293 3521 quod
306 3437 397 3513 τῆσδε
411 3434 517 3514 γραίας
531 3433 727 3498 scribendum
744 3433 910 3498 videbatur
921 3432 1125 3499 Valckenario
1138 3435 1180 3499 ad
1193 3435 1309 3500 Phoen.

210 3535 302 3599 1688.
340 3536 447 3613 Quum
472 3536 544 3615 ἐμῆς
565 3535 732 3621 precedat,
755 3559 816 3600 non
840 3551 904 3600 tom
925 3536 1128 3601 necessarium
1150 3552 1198 3602 est
1217 3544 1310 3619 τῆσδε

206 3651 242 3701 ut
257 3650 421 3724 propterea
434 3638 540 3719 γραίας
552 3658 648 3723 quam
663 3643 784 3721 γεραιᾶς
797 3638 899 3702 dioere
917 3637 1061 3703 maluisse
1077 3639 1222 3706 videatur
1237 3645 1308 3707 Eu·

205 3739 230 3803 ri
255 3739 331 3804 ides.

232 3764 452 3926 Ρπροσπίτνειν]
471 3840 672 3906 Scribebatur
685 3846 884 3922 προσπιτνῶν.

246 3946 398 4030 παρηίδος]
423 3945 581 4027 πορειάδοτ
596 3946 643 4007 Η.
657 3966 676 4006 ο
691 3965 733 4005 m.
748 3965 809 4007 sec.
823 3957 856 4007 et
872 3956 935 4006 tres
948 3956 1139 4029 quattuorve
1153 3945 1205 4010 elii
1220 3949 1307 4014 codi-

203 4071 264 4128 oeS,
281 4069 363 4110 unus
377 4046 547 4128 παρηῖύδοι.
579 4044 733 4110 Confudit
748 4044 893 4110 librarius
907 4047 1048 4126 παρηίδος
1061 4061 1093 4110 et
1107 4049 1272 4129 γενειάδος.

247 4167 318 4234 279.
335 4150 436 4214 Orest.
454 4150 508 4213 66.
523 4149 623 4228 Tam-p
638 4148 748 4230 γέγηθε
762 4148 954 4226 κάπιλήθεται
968 4153 1075 4212 κακῶν.
1099 4152 1203 4215 POR.

248 4253 321 4319 280.
345 4247 537 4314 Simillimam
560 4271 600 4312 ex
621 4247 682 4312 alia
696 4245 858 4334 Euripidis
879 4247 987 4313 fabula
1002 4251 1185 4316 sententiam
1210 4253 1307 4322 habet

205 4354 386 4422 Alexander
407 4350 530 4416 Rhetor
551 4373 585 4436 p.
600 4350 677 4435 578,
695 4368 724 4414 2.
740 4348 790 4413 ed.
808 4347 886 4414 Ald.
906 4347 993 4416 Ἀλλ’
1016 4354 1069 4433 'll‘
1089 4353 1118 4435 μ’
1139 4353 1304 4434 ἐξέσωσεν.

203 4462 256 4542 ἣδε
268 4484 319 4543 μοι
331 4455 452 4540 τροφὸν.
469 4453 584 4535 Μήτηρ.
600 4451 727 4533 &helel
743 4451 841 4530 leole,
857 4451 980 4535 ἄγκυρα,
996 4456 1097 4538 στέγη.
1123 4458 1229 4523 POR.
