2864 4914
553 309 620 372 AD
644 306 901 372 ORESTEM.'
1212 306 1277 374 109

166 479 252 545 λίθος
264 480 529 559 constratorum.
556 481 603 543 καὶ
614 477 819 560 Ἀναξαγόρου
830 480 862 542 δὲ
875 481 1038 560 γενόμενον
1049 477 1102 541 τὸν
1113 477 1273 557 Εὗριπιλην

165 582 300 661 μαθητὴν
314 582 424 665 πέτρον
439 581 587 665 εἰρηκέναι
600 582 654 646 τὸν
667 583 766 661 ἥλιον.
812 580 936 645 Deinde
950 581 1025 644 citat
1044 595 1214 669 utrumque
1233 603 1272 644 ex

168 685 279 748 Oreste
305 685 418 749 locum.
464 685 557 764 Quod
584 684 623 748 ad
644 691 748 764 βῶλον
771 683 893 761 attinet,
919 706 991 748 cum
1014 683 1148 767 χρυσέαν
1168 689 1273 762 βῶλον

165 785 261 851 solem
283 811 407 852 vocasse
426 802 556 852 testetur
576 786 764 873 Euripidem
789 787 965 851 scholiastes
980 785 1154 875 Apollonii,
1176 786 1273 873 idque

166 911 206 951 ex
224 890 423 954 Phaethonte
437 889 552 954 diserte
570 891 644 953 citet
660 890 807 953 Laertius
824 908 852 955 ο.
870 908 920 954 10.
941 890 1077 953 maxima
1098 911 1170 952 cum
1191 889 1272 953 veri-

166 990 368 1072 similitudine
383 992 493 1080 legunt
507 992 563 1056 viri
581 992 663 1055 docti
679 991 764 1079 apud
783 992 968 1056 Strabonem
983 1012 1008 1055 1.
1023 1016 1054 1078 p.
1066 992 1120 1077 58.
1134 994 1172 1055 C.
1187 994 1270 1077 (33.)

161 1093 274 1162 Ἤλιος
289 1099 423 1179 ἀνίσχων
439 1097 553 1182 χρυσέᾳ
566 1099 659 1182 βόλῳ
674 1096 792 1178 φλέγει.
829 1094 908 1159 Vide
924 1085 1116 1159 Valckenaer.
1134 1095 1270 1159 Diatrib.

167 1221 197 1285 p.
214 1218 267 1283 3ο.
283 1218 337 1284 3ι.
355 1202 458 1264 POR.

210 1301 283 1384 981.
307 1327 340 1366 τε
363 1318 433 1389 post
455 1304 566 1386 χθονός
586 1301 709 1366 addidit
725 1303 929 1365 Hermannns
944 1300 1048 1364 Elem.
1065 1301 1169 1365 doctr.
1180 1316 1272 1366 metr.

166 1423 198 1488 p.
215 1416 287 1485 749.
312 1404 360 1468 καὶ
381 1419 451 1490 post
473 1403 569 1484 μέσον
590 1419 713 1490 ponunt
737 1402 845 1466 decem
868 1402 990 1466 codices
1013 1417 1044 1466 et
1066 1403 1214 1467 Eustath.
1238 1426 1270 1491 p.

171 1520 265 1586 1700,
283 1525 342 1570 21:
367 1506 459 1594 plane
473 1505 590 1571 omittit
605 1505 683 1571 Ald.

211 1608 285 1691 982.
301 1611 476 1693 χρυσέαισι]
494 1609 651 1693 χρυσέοισι
666 1610 754 1695 Aug.
773 1631 863 1672 unua.

212 1711 285 1797 983.
309 1713 435 1800 διναισι]
453 1717 581 1776 διναισιν
596 1711 682 1775 Flor.
707 1735 805 1775 unus:
831 1735 896 1798 quo
911 1727 1004 1800 pacto
1019 1735 1127 1776 versus
1148 1729 1194 1777 est
1216 1736 1271 1776 nn-

168 1813 356 1900 tispasticus.
402 1815 465 1894 Qui
494 1815 709 1902 praeferendus
738 1815 871 1879 iambico
896 1815 1033 1895 videtur,
1059 1839 1158 1902 quum
1189 1816 1272 1880 idem

168 1917 304 2004 proximi
321 1941 428 1983 versus
443 1933 576 1982 metrum
593 1918 641 1982 sit.

213 2018 288 2104 984.
306 2021 468 2110 ἀμβοόσιν]
487 2021 689 2086 scribebatur
702 2021 879 2101 deodoricus.

211 2124 285 2210 985.
308 2126 396 2207 πατρὶ
416 2124 548 2213 γέροντι]
565 2126 639 2187 Ηοα
660 2123 769 2188 ordine
788 2123 895 2187 decem
915 2123 1048 2187 codices,
1094 2123 1198 2209 Vulgo
1219 2124 1271 2207 γέ-

168 2253 252 2310 ροντι
265 2229 364 2309 πατρί.

214 2330 289 2414 986.
306 2333 403 2410 δόμων
417 2330 447 2394 in
464 2352 587 2395 versum
604 2330 782 2417 proximum
800 2328 945 2393 transfert
964 2328 1039 2392 Alrl.

213 2433 289 2518 988.
304 2433 435 2497 ποτανὸν
450 2434 618 2497 Porsonus.
642 2434 676 2497 τὸ
692 2431 805 2497 πτανὸν
819 2430 898 2494 Ald.

213 2555 286 2618 990.
297 2534 566 2619 Πέλοψ-φόνον]
580 2537 662 2598 Haec
675 2534 705 2597 in
719 2556 817 2598 unum
828 2556 949 2596 versum
962 2549 1036 2596 sunt
1045 2534 1273 2619 conjungenda.

172 2637 213 2700 In
232 2635 308 2700 Ald.
331 2636 490 2720 Πέλοψ-
509 2636 514 2723 Ι
534 2639 731 2718 Μυρτίλον-
750 2635 755 2723 l
774 2638 1016 2715 λενκοκόμασι-
1034 2636 1040 2720 Ι
1058 2638 1230 2701 ποντίων-
1248 2637 1254 2724 Ι

170 2741 473 2807 τοῖς-πολύστονος.

214 2842 319 2925 όπότε]
337 2843 387 2906 ότε
401 2841 493 2907 codd.
508 2841 660 2929 plerique.

214 2946 383 3029 Mvprlhov]
402 2945 575 3009 Historiam
597 2945 736 3010 omnium
760 2944 935 3032 plenissime
957 2960 1081 3010 enarrat
1100 2947 1211 3010 Tzetz.
1231 2946 1272 3009 ad

171 3048 334 3138 Lycophr.
350 3052 421 3134 156.
436 3050 582 3114 MUSG.

214 3172 289 3236 991.
306 3153 503 3232 λευκοκύμοσι
517 3150 646 3216 codices.
669 3153 869 3232 λενκοκόμασι
886 3151 961 3216 Ald.

214 3273 289 3339 992.
313 3256 508 3339 Γεραιστίαις]
536 3254 586 3319 Sic
608 3254 681 3318 inde
702 3279 721 3318 a
737 3254 886 3318 Barnesio
906 3256 1038 3334 editum,
1054 3257 1271 3321 consentienti-

169 3357 240 3434 bus,
256 3356 374 3443 siquid
390 3380 428 3421 ex
444 3356 565 3422 silentio
578 3357 787 3444 colligendum
802 3357 969 3421 codicibus.
1004 3361 1179 3440 Γεραστίαις
1195 3359 1271 3424 ΑΙό,

169 3482 264 3545 quam
281 3459 414 3523 formam
433 3458 507 3524 alibi
529 3482 591 3524 non
612 3483 683 3524 raro
705 3462 845 3546 praebere
865 3460 960 3525 libros
982 3462 1116 3548 optimos
1137 3463 1272 3528 ostendit

172 3564 214 3627 L.
227 3562 413 3626 Dindorfius
426 3561 458 3624 in
475 3562 641 3626 Thesauro
657 3563 807 3650 Stephani
823 3563 881 3627 vol.
900 3584 927 3631 2.
945 3588 974 3652 p.
990 3580 1055 3649 579
1072 3567 1108 3629 C.

215 3686 291 3752 994.
307 3665 397 3754 ᾐόσιν
412 3665 496 3730 Flor.
513 3666 587 3731 dua.
610 3668 710 3746 ἠῖόσιν
724 3666 802 3730 Ald.
826 3669 925 3732 αίόσιν
941 3668 1026 3732 Flor.
1045 3693 1137 3732 unus.

216 3786 291 3854 997.
306 3773 442 3854 λόχευμα
457 3769 608 3834 Mercurii
621 3785 751 3835 vocatur
765 3793 876 3856 agnus,
892 3771 967 3857 quia
982 3771 1044 3835 καθ’
1060 3772 1171 3854 Ἑρμοῦ
1185 3776 1274 3850 μῆνιν

171 3876 328 3956 ἑλοχεόθη.
351 3873 417 3937 vid.
434 3873 528 3937 schol.
543 3887 573 3937 et
588 3872 648 3936 hoc
663 3896 719 3960 per
737 3872 962 3959 appositionem
985 3873 1025 3937 ad
1049 3875 1106 3956 όρό
1128 3874 1273 3950 relatum,

171 3976 247 4063 quia
271 3977 340 4042 haec
365 4000 459 4041 causa
483 3977 555 4055 fuit,
578 3999 636 4040 eur
658 3999 773 4039 aureus
796 3975 847 4039 ille
872 3975 951 4039 aries
975 3975 1168 4063 gigneretur,
1193 3978 1274 4041 sicut

170 4101 267 4166 supra
283 4081 356 4144 812.
372 4103 441 4166 sqq.
456 4078 614 4144 contentio
628 4078 667 4143 de
681 4101 776 4142 aureo
790 4079 897 4156 ariete,
913 4103 985 4165 quae
1000 4080 1162 4166 epularum
1181 4080 1272 4165 Thy-

170 4197 325 4246 estearum
341 4205 450 4248 caussa
463 4181 536 4261 fuit,
552 4205 609 4270 per
628 4180 851 4269 appositionem
869 4200 997 4247 vocatur
1015 4186 1187 4266 οἰκτρότατα
1210 4189 1273 4246 θοι·

170 4284 297 4364 νάματα.
316 4286 508 4349 ΜΑΤΤΗ.

218 4405 310 4452 1000.
333 4387 455 4471 Ἀτρέος
471 4391 638 4453 Porsonus
661 4388 789 4471 Ἀτρέως
803 4387 882 4452 libri.
