2864 4914
201 265 246 332 74
560 264 941 329 ANNOTATIONES

200 434 236 516 δὴ
256 433 365 518 μητρὸς
386 432 447 500 οὔθ
466 437 482 498 ό
506 440 575 503 νοῦς
596 443 683 519 φιλεῖ
699 434 706 524 Ι
724 440 845 501 τοιαῦτα
863 435 1011 518 πράσσειν
1025 437 1092 500 οὔτε
1108 435 1195 518 δρῶσ’
1211 436 1300 503 ἑλόν-

200 543 303 604 θανεν.
326 536 382 601 ubi
395 536 466 602 cod.
484 537 580 601 Laur.
597 540 739 619 ἐλανθῡ,
753 552 836 603 10010
851 537 1011 603 Heathius
1026 537 1164 603 ἐλάνθαν’
1180 541 1229 603 ἄν.

247 642 341 704 1116.
357 642 482 721 δύστηνε
496 639 587 706 codd.
603 643 731 706 δθπανε
745 639 822 705 Ald.

248 763 340 830 1119.
356 743 407 808 σοὶ
421 744 483 828 καὶ]
501 746 555 808 σοί
566 746 661 809 τεκαὶ
675 744 780 808 11000111
796 743 889 808 codd.

248 867 340 913 1120.
356 847 573 930 αἰχμαλώτισν
589 848 634 911 Η.
651 846 749 911 etalii
763 860 924 934 quattuor.
970 844 1172 910 Scribebatur
1191 847 1299 929 αἰχμα·

200 949 336 1014 λωτίσιν.
383 949 485 1012 Recto
500 961 630 1013 accentu
645 950 860 1033 αἰχμαλώτιδες
879 970 909 1012 ν.
930 948 1024 1032 1096.
1067 945 1148 1010 Vide
1165 968 1238 1032 quae
1259 944 1301 1010 ad

203 1051 301 1138 Soph.
317 1050 373 1138 Aj.
392 1068 442 1133 71.
458 1049 535 1114 dixi.

248 1173 341 1239 1133.
358 1159 428 1221 ταῖς
441 1176 504 1217 om.
520 1154 567 1217 H.
582 1167 614 1217 et
630 1152 730 1218 Paris.
747 1175 839 1217 unus.

246 1270 338 1342 1135.
368 1257 513 1340 ὕποπτος]
545 1254 776 1342 Significatione
801 1252 903 1318 activa
929 1251 1050 1317 dictum
1080 1275 1138 1339 pro
1165 1254 1302 1336 ὑποψίαν

202 1359 282 1442 ἔχων
295 1381 335 1422 ex
349 1357 409 1421 hoc
424 1357 493 1422 loco
506 1357 667 1422 annotavit
683 1358 826 1422 Thomas
841 1359 889 1420 M.
906 1380 939 1444 p.
955 1356 1027 1439 876.

248 1481 340 1541 1141.
371 1462 474 1543 ἄρειαν
499 1457 585 1524 Flor.
615 1460 690 1526 duo.
726 1463 839 1542 αἴρειαν
868 1459 954 1525 Flor.
983 1481 1073 1524 unus.
1119 1458 1303 1546 Legebatur

201 1566 325 1646 αίροιεν.

245 1665 372 1749 στόλον]
394 1667 464 1747 δόρυ
486 1686 595 1752 margo
615 1663 702 1729 Flor.
720 1665 820 1729 unius.
866 1664 907 1728 ld
921 1662 954 1728 in
970 1676 1058 1728 textu
1073 1663 1168 1728 habet
1183 1665 1230 1743 H,
1246 1664 1301 1729 ad-

202 1767 318 1854 scripto
332 1782 436 1831 tamen
452 1770 574 1832 στόλον.

248 1871 340 1951 1146.
366 1872 450 1956 λόγιρ
474 1869 605 1934 codices.
632 1873 711 1956 δόλιρ
733 1869 811 1935 Ald.
834 1869 920 1958 quod
942 1882 1126 1934 annotatum
1149 1871 1179 1934 in
1204 1893 1301 1958 marg.

203 1972 290 2037 Flor.
306 1971 409 2036 unius.

249 2094 343 2159 1147.
361 2077 396 2140 ἐν
409 2075 587 2162 quindecim
603 2075 695 2141 codd.
712 2075 759 2141 ὑπ’
776 2075 855 2139 Ald.

249 2198 341 2264 1151.
356 2179 455 2262 χειρδς
472 2178 637 2243 Miltonus.
683 2178 773 2243 Libri
788 2184 895 2263 χεῖρες.

248 2283 281 2359 ἐξ
294 2280 386 2345 codd.
402 2280 554 2369 plerique.
579 2284 623 2347 ἐπ’
639 2281 718 2346 Ald.

250 2411 341 2477 1152.
362 2392 485 2478 θόκουν]
511 2392 683 2458 Scholiasta
699 2393 769 2458 cod.
785 2392 959 2457 Florentiui
973 2412 1027 2478 59.
1050 2395 1067 2456 δ
1091 2394 1218 2462 ἐνεστὼς
1239 2395 1305 2458 δντὶ

203 2500 401 2577 παρατατικοϋ
422 2497 461 2563 ὣς
482 2497 516 2559 τὸ
538 2498 609 2576 ἥκω.
639 2497 706 2563 ἔθος
727 2498 758 2560 δὲ
781 2501 867 2560 τοῦτο
890 2501 951 2564 τοῖς
970 2494 1116 2563 Ἀττικοῖς
1136 2496 1306 2575 λαμβάνειν

204 2598 257 2662 τὸν
282 2601 431 2663 ἐνεστῶτα
460 2600 527 2663 ἀντὶ
551 2602 801 2681 παρεληλυθότος.
847 2600 901 2663 Ex
930 2621 995 2684 quo
1019 2597 1166 2662 Matthiae
1188 2596 1306 2684 colligit

203 2697 318 2764 lectum
337 2699 432 2764 fuisse
455 2700 588 2764 θακαῦσ’.
633 2700 787 2766 Fallitur:
812 2723 883 2765 nam
903 2700 1077 2764 scholiastae
1090 2699 1250 2764 annotatio
1263 2700 1305 2764 ad

203 2802 253 2879 ίζω
269 2801 430 2865 referenda
444 2826 475 2864 v.
491 2823 585 2887 1150.
602 2827 738 2890 quocum
753 2806 813 2884 ἥκω
827 2818 996 2890 comparat.
1044 2804 1094 2866 De
1109 2825 1174 2888 quo
1192 2826 1230 2866 eo
1249 2801 1305 2866 mi-

204 2927 264 2968 nus
285 2904 422 2968 dubitari
446 2920 548 2991 potest
569 2929 668 2992 quum
691 2906 855 2970 scholiasta
876 2918 986 2993 perget
1008 2906 1047 2972 dr
1068 2904 1104 2984 δὴ
1126 2904 1235 2969 θόκουν
1257 2907 1306 2969 καὶ

204 3006 378 3084 ἐκαθίζοντο
388 3046 450 3085 -,
465 3008 552 3095 quod
568 3008 694 3073 ἐθάκουν
709 3008 943 3085 0111111101111111,
959 3007 983 3070 si
1000 3005 1119 3071 θακοῦσ’
1135 2990 1269 3093 legisset.

249 3111 388 3196 ἔχουσαι]
407 3113 581 3189 Habentes,
600 3134 698 3175 manu
720 3120 866 3175 tenentes.
891 3112 1009 3191 κερκίδα
1030 3108 1203 3174 scholiastae
1224 3123 1307 3175 10010

202 3237 259 3301 per
272 3217 400 3297 ὕφασμα
415 3230 447 3279 01
462 3214 578 3295 ίμότιον
592 3213 760 3300 explicant.

251 3345 341 3428 1156.
358 3346 498 3428 διτηθχαυ
514 3343 726 3427 σταλίσματος]
747 3339 838 3405 Pallii
853 3355 886 3405 et
900 3340 1008 3405 hastae.

249 3468 347 3539 1159.
371 3453 487 3536 γένοιτο
509 3468 572 3517 tres
592 3451 686 3518 codd.
732 3451 837 3516 Ceteri
859 3464 890 3515 et
904 3449 982 3515 Ald.
1004 3450 1153 3532 γένοιντο.
1199 3453 1307 3530 Quum

204 3579 354 3620 numerus
370 3554 500 3642 pluralis
516 3555 652 3620 ἔπαλλον
664 3553 832 3642 pracedat,
846 3553 937 3638 cujus
951 3551 1038 3616 aliud
1053 3567 1100 3616 est
1117 3553 1308 3639 subjectum,

202 3657 328 3744 ineptus
342 3659 451 3723 fuisset
465 3672 558 3745 poeta
572 3659 597 3721 si
611 3657 747 3741 γένοιντο
761 3679 856 3744 quam
872 3654 991 3736 γένοιτο
1006 3653 1108 3718 dicere
1124 3655 1296 3723 maluisset.

249 3766 399 3845 διαδοχαῖς
430 3761 609 3826 Barnesius.
655 3758 744 3823 Libri
774 3763 972 3841 διαδοχαῖσιν.
1019 3757 1095 3819 1)110
1123 3756 1216 3821 codd.
1245 3764 1308 3825 hta-

205 3868 334 3948 δοχαῖσι.

248 3968 364 4051 χεροῖν]
399 3964 604 4030 Scribendum
620 3970 718 4049 χερῶν
739 3985 778 4027 ex
805 3960 949 4026 undecim
979 3960 1069 4026 codd.
1116 3964 1157 4026 ln
1184 3964 1231 4026 H.
1261 3977 1309 4026 est

204 4160 346 4321 x‘iilig.
362 4237 431 4324 θὴρ]
449 4235 511 4319 θῆρ’
526 4236 647 4323 aliquot
661 4234 753 4301 codd.

251 4356 345 4423 1179.
367 4341 412 4405 τίς
434 4341 516 4402 ἔστιν
541 4340 580 4402 Β.
626 4336 729 4402 Ceteri
751 4335 845 4401 codd.
867 4348 898 4398 et
916 4334 995 4400 Ald.
1019 4336 1084 4400 ἔστι
1105 4360 1159 4403 τις.
1204 4334 1306 4420 Apud

207 4441 366 4507 Stobaeum
383 4459 436 4525 73,
453 4460 483 4524 9.
498 4437 517 4519 ἢ
532 4445 586 4504 νῦν
601 4440 687 4522 λέγει
705 4464 749 4505 τις
769 4435 788 4515 ἦ
809 4435 903 4502 πόλιν
922 4437 1031 4517 μέλλει
1051 4436 1165 4520 λέγειν.
1212 4435 1305 4501 Idem
