2864 4914
550 290 617 351 AD
641 288 865 353 MEDEAM.
1195 289 1259 356 189

156 455 232 519 dum
262 455 338 520 ulios
369 456 523 522 Corinthii
548 459 756 546 jugulassem.
804 457 991 545 Cujusmodi
1017 457 1258 523 narmuunculae

156 580 217 622 non
233 581 342 644 paucae
357 559 397 623 de
411 560 511 646 poetis
526 562 652 626 scenicis
666 560 929 626 circumferuntur
946 561 987 626 ab
1007 559 1186 625 umbraticis
1205 584 1258 626 ex·

155 660 299 746 cogitatoe
323 663 549 748 grammaticis:
580 663 620 728 de
643 662 759 749 quibus
785 662 863 750 quid
889 662 1018 727 sentiam
1045 661 1199 728 declaravi
1215 663 1257 728 ad

155 761 315 850 Aristoph.
331 763 418 828 Nub.
435 788 464 852 p.
482 786 551 851 113.
567 781 597 830 et
613 766 652 830 ad
670 765 846 853 fragmenta
860 763 969 830 comici
983 789 1014 852 p.
1030 781 1104 850 539.

197 1043 376 1126 ΤΡΟΦΟΣ]
409 1042 551 1106 Vetulam
586 1065 659 1128 quae
691 1041 856 1129 prologum
879 1038 945 1126 agit
966 1061 1025 1125 pro
1052 1036 1178 1102 Medeae
1200 1059 1258 1103 nu-

155 1142 230 1208 trice
251 1143 404 1231 accepisse
422 1144 547 1209 videtur
570 1144 706 1220 Ennius,
730 1145 821 1231 cujus
835 1141 931 1206 verba
952 1140 1077 1205 afferam
1101 1139 1143 1204 ad
1158 1163 1187 1204 v.
1202 1140 1256 1220 48.

154 1245 318 1310 Nutricem
347 1269 413 1310 eam
445 1246 560 1311 diserte
588 1247 726 1334 appellat
757 1244 867 1310 Cicero
892 1243 960 1308 loco
985 1243 1025 1307 ad
1051 1266 1081 1306 v.
1104 1247 1158 1327 56.
1184 1242 1258 1307 alle-

154 1363 237 1435 gato.
295 1350 347 1413 Ita
377 1349 491 1414 scilicet
521 1363 691 1414 statuerant
722 1345 928 1435 grammatici,
956 1369 1092 1434 quorum
1124 1348 1257 1412 ἐκδόσεις

154 1473 356 1538 personarum
379 1452 532 1516 indicibus
553 1452 713 1517 instructae
727 1466 824 1515 erant.
869 1452 918 1513 At
932 1448 1008 1512 nihil
1022 1447 1195 1535 quidquam
1210 1465 1258 1512 est

153 1554 185 1618 in
200 1554 268 1641 ipsa
282 1555 401 1632 fabula,
414 1555 500 1642 quod
520 1555 592 1620 huic
614 1554 750 1642 opinioni
774 1552 899 1640 pondus
920 1550 1025 1615 addet.
1072 1550 1257 1615 Scholiastes

152 1657 244 1721 etiam
269 1657 349 1722 hanc
370 1681 465 1721 anum
488 1672 600 1744 quater
621 1662 787 1740 πρεσβῦτιν
808 1652 956 1741 appellat,
979 1653 1028 1718 bis
1049 1658 1154 1735 γραῦν,
1173 1670 1269 1717 nun-³

152 1781 247 1845 quam
275 1763 399 1842 τροφόν.
445 1761 564 1824 Melius
593 1761 689 1848 igitur
711 1761 841 1825 fortasse
865 1759 897 1823 in
923 1757 1024 1822 indice
1053 1781 1257 1842 personarum

152 1863 308 1949 legeretur
331 1870 457 1928 ΓΡΑΎΣ
480 1863 529 1928 vel
550 1868 795 1929 ΘΕΡΑΠΑΙΝΑ
810 1885 904 1949 quam
922 1867 1096 1927 ΤΡΟΦΟΣ.
1143 1863 1183 1925 In
1201 1863 1257 1927 So-

152 1964 272 2052 phoclis
288 1966 465 2030 Trachiniis
485 1966 644 2031 inducitur
666 1965 769 2054 primo
785 1965 972 2048 Θεράπαιιια,
989 1964 1102 2029 deinde
1123 1966 1255 2049 Τροφὸς,

152 2067 260 2132 eadem
288 2069 418 2132 fortasse
443 2068 564 2146 ancilla,
591 2085 674 2134 certe
699 2092 761 2133 non
789 2068 886 2156 magis
911 2067 1034 2150 Τροφὸς
1062 2091 1157 2154 quam
1188 2069 1256 2134 haec

153 2188 267 2235 nostra.
313 2170 497 2235 Contrarius
519 2171 591 2236 huic
613 2195 699 2236 error
721 2189 767 2236 est
789 2171 820 2235 in
840 2170 1004 2256 Euripidis
1018 2170 1254 2250 Andromacha,

153 2271 207 2336 ubi
230 2273 418 2338 Hermiones
440 2273 548 2338 nutrix
571 2275 748 2357 Θεράπαινα
768 2273 955 2361 appellatur.
1000 2273 1164 2338 Nutricem
1190 2297 1256 2338 esse

151 2375 320 2440 ostendunt
334 2377 387 2440 illa
402 2377 508 2442 τέκνον
523 2393 555 2441 et
569 2376 592 2442 ὦ
607 2385 672 2456 παῖ,
687 2402 707 2443 a
722 2377 867 2442 Phoedroe
886 2376 1006 2441 nutrice
1027 2377 1057 2440 in
1075 2376 1255 2464 Hippolyto

150 2478 242 2542 etiam
264 2494 423 2566 usurpata.
470 2479 532 2544 Sed
555 2480 621 2545 haec
643 2480 776 2566 quaestio
792 2479 844 2544 vix
858 2479 954 2566 digna
969 2494 1015 2544 est
1031 2479 1083 2543 cui
1098 2495 1145 2543 tot
1160 2480 1256 2543 verba

151 2580 377 2668 impendamus.
425 2581 559 2668 Majoris
576 2582 723 2647 momenti
738 2598 795 2660 est,
811 2581 896 2669 quod
918 2582 1061 2646 lectorem
1085 2581 1136 2646 hic
1157 2581 1256 2646 moni-

151 2698 217 2747 tum
240 2682 344 2761 velim,
367 2683 492 2748 tertium
517 2684 695 2749 histrionem
719 2685 751 2749 in
774 2685 832 2749 hae
855 2685 963 2749 fabula
988 2708 1253 2772 supervacaneum

151 2784 256 2861 fuisse,
271 2785 303 2848 in
318 2809 382 2871 qua
396 2786 510 2850 scilicet
529 2802 643 2873 proeter
663 2803 766 2852 mutas
787 2809 947 2875 personas,
963 2809 1124 2873 nunquam
1148 2786 1255 2874 plures

149 2885 273 2953 duabus
295 2888 386 2952 simul
410 2889 609 2954 inducantur.
655 2893 728 2955 Hoc
745 2891 776 2954 in
793 2890 879 2955 nulla
893 2889 953 2955 alia
967 2890 1130 2978 Euripidis
1146 2890 1254 2956 fabula

150 2992 315 3080 superstite
329 2993 452 3071 accidit,
467 3009 677 3081 praeterquam
692 2993 724 3057 in
739 2992 908 3058 Alcestide.
952 2994 991 3057 In
1008 2992 1169 3058 Alcestide
1184 2993 1256 3080 qui-

151 3094 221 3159 dem
235 3118 337 3159 coram
354 3111 441 3183 patre
455 3113 486 3160 ct
501 3113 599 3161 matre
613 3096 754 3184 loquitur
769 3095 918 3185 parvulus
931 3095 1096 3174 Eumelus,
1113 3095 1167 3159 sed
1182 3119 1256 3161 con·

150 3221 269 3262 cessum
285 3198 380 3263 fuisse
396 3198 533 3278 videtur,
550 3214 585 3264 ut
601 3199 689 3287 pueri
705 3200 867 3284 loquentes
881 3212 970 3262 extra
980 3221 1144 3261 numerum
1162 3197 1256 3263 indu-

149 3315 301 3364 cerentur.
348 3301 434 3365 Hinc
449 3325 514 3365 esse
528 3316 618 3388 puto,
634 3301 720 3387 quod
737 3301 767 3364 in
784 3300 1011 3365 Andromacha
1030 3312 1167 3387 quatuor
1185 3325 1255 3388 per-

151 3425 234 3466 sonae
255 3402 286 3465 in
311 3425 402 3466 scena
423 3417 506 3467 stant
528 3427 599 3468 av.
617 3406 692 3489 546.
718 3402 880 3488 usquead
902 3427 932 3467 v.
949 3417 1022 3486 747.
1067 3402 1101 3466 Si
1125 3403 1254 3470 adultus

150 3504 258 3569 fuisset
279 3504 517 3570 Andromaches
538 3505 622 3569 filius
645 3504 815 3585 Molossus,
838 3520 910 3570 ante
934 3504 1020 3570 Pelei
1041 3505 1213 3571 adventum
1236 3531 1253 3572 e

150 3630 242 3671 scena
257 3607 453 3672 discessisset.
470 3610 585 3673 ELM.

197 3731 224 3773 1.
243 3712 362 3774 Totum
379 3710 492 3787 locum,
507 3724 542 3774 ut
556 3711 596 3774 ab
608 3709 715 3773 Ennio
728 3733 836 3774 versus
848 3724 905 3790 est,
919 3710 1113 3775 conservavit
1128 3713 1254 3778 Auctor

149 3812 189 3876 ad
207 3813 402 3876 Herennium
421 3833 448 3877 2.
463 3832 513 3877 22.
527 3835 625 3900 prope
640 3827 740 3876 totum
758 3811 936 3876 Priscianus
950 3811 990 3875 de
1006 3812 1145 3878 versibus
1160 3814 1254 3879 comi-

147 3915 190 3979 cis
202 3939 233 4002 p.
242 3934 333 4000 1325,
346 3935 394 3999 15.
419 3917 551 3980 Utinam
559 3937 598 3979 oe
607 3917 643 3978 lo
655 3935 779 3977 nemore
791 3914 879 3978 Pelio
890 3915 1052 3978 securibus
1063 3915 1158 3980 Caeru
1170 3918 1252 3980 acci-

148 4020 245 4082 disset
259 4019 397 4105 obiegua
412 4019 455 4081 od
469 4028 587 4083 terram
600 4018 725 4089 traber‚·
759 4016 848 4079 Neve
868 4016 1050 4081 indecoris
1067 4017 1254 4083 inchoandae

147 4122 312 4186 exordium
338 4122 500 4208 Coepisset,
523 4143 594 4208 quae
615 4142 700 4184 artur
721 4121 904 4182 nominatur
925 4120 1050 4182 nomine
1064 4119 1166 4207 Argo,
1188 4143 1252 4207 qua

147 4314 340 4379 παραδεδομέναις
351 4315 455 4378 χρῆσθαι
466 4317 551 4364 καλῶς.
574 4315 604 4363 τὸ
618 4311 644 4362 δὲ
655 4316 733 4363 καλῶς
744 4312 769 4361 ri
779 4312 892 4375 λέγομεν,
905 4314 1005 4373 εἴπωμεν
1016 4310 1175 4376 σαφέστερον.
1198 4315 1252 4362 lm

147 4394 192 4456 μὲν
202 4397 248 4461 γὰρ
259 4397 320 4446 οὕτω
330 4395 438 4457 γίνεσθαι
448 4395 495 4453 τὴν
504 4396 586 4459 πρᾶξιν
597 4395 675 4458 ὥσπερ
686 4395 709 4444 ol
718 4394 814 4444 παλαιοὶ
824 4394 924 4454 ἐποίουν,
934 4392 1026 4445 «ulvas
1035 4393 1073 4444 rol
1082 4393 1251 4455 γινόσκοντιιι,

148 4476 251 4541 καθάπερ
263 4478 301 4528 καὶ
313 4476 436 4541 Εὐριπίδης
447 4475 559 4535 ἐποίησεν
569 4476 755 4527 ἂτοκτείνουσιιν
765 4473 821 4526 τοὺς
831 4477 915 4526 παῖδας
925 4474 973 4535 τὴν
984 4474 1097 4535 Μήδειον.
