2864 4914
554 256 622 320 AD
647 256 872 321 MEDEAM.
1204 258 1268 321 alo

205 444 279 510 392.
297 428 355 511 κεί]
373 427 428 491 κᾶν
444 442 505 491 tres
518 428 649 494 codices

206 548 284 614 394.
295 532 330 594 οὐ
345 533 574 613 γὰρ-ἅλγυνεῖ
586 531 672 618 κέαρ]
689 533 771 598 Haec
783 536 916 618 παρηδεῖ
928 529 1062 617 Eupolis
1075 529 1161 618 apud
1177 530 1265 595 Lon·

163 631 273 718 ginum
290 656 317 697 c.
335 637 385 699 26.
402 636 518 717 οὐγὰρ,
534 640 576 715 μὰ
590 636 643 715 τὴν
659 641 823 718 Μαραθῶνι
839 636 894 717 τὴν
912 634 985 715 ἐμην
998 633 1109 717 μάχην,
1129 632 1135 720 Ι
1153 636 1267 718 χαίρων

163 761 207 802 τις
222 736 318 800 αὐτῶν
332 738 440 819 τούμὸν
455 740 581 821 θλγυνεῖ
602 738 682 821 κέαρ.
720 740 824 804 Verba
838 755 911 804 snut
927 736 1093 815 Miltiadis,
1108 736 1140 801 ni
1163 736 1265 817 fallor,

164 836 193 900 in
210 838 318 903 fabula
334 840 456 921 Δήμοις,
469 841 509 905 de
519 865 583 929 qua
598 840 984 908 videndusValckenarius
995 839 1130 904 Diatrib.
1145 863 1178 928 p.
1190 856 1264 926 252.

163 942 280 1006 ELM.

207 1045 283 1128 398.
300 1054 357 1127 σφι
372 1046 410 1108 Β.
451 1046 634 1133 Legebatur
650 1056 735 1128 σφιν,
752 1045 838 1134 qnod
854 1044 1073 1110 revocandum.

208 1149 298 1235 σφιν]
317 1149 356 1210 ln
373 1149 467 1212 Rom.
485 1152 529 1212 A.
546 1172 641 1235 supra
655 1149 805 1236 scriptum
822 1176 854 1214 σι
868 1151 975 1214 λείπει.
1010 1148 1108 1214 Unde
1123 1156 1180 1229 σφι
1190 1145 1265 1221 olim

164 1250 277 1312 lectum
294 1248 429 1337 colligas.
455 1251 633 1317 Brunckius
647 1253 739 1317 etiam
753 1264 809 1336 σφι
824 1252 922 1318 edidit
937 1278 954 1318 e
969 1250 1168 1328 membranis,
1183 1272 1267 1314 com-

164 1368 274 1438 parato
291 1352 445 1439 Sophocle
460 1355 540 1418 OEd.
558 1358 597 1419 C.
610 1374 685 1434 421.
701 1354 788 1420 Ἀλλ’
805 1358 833 1420 ol
848 1359 914 1421 θεοί
926 1364 983 1437 σφι
996 1354 1070 1435 μήτε
1084 1352 1138 1433 τὴν
1152 1378 1268 1434 πεπρω-

164 1454 258 1535 μένην
277 1455 282 1542 Ι
301 1458 389 1536 ὕβριν
419 1457 651 1535 κατασβέσειαν,
683 1458 716 1522 ἓν
745 1456 769 1522 τ’
798 1459 863 1539 ἐμοὶ
887 1458 975 1526 τέλος
994 1456 1000 1546 Ι
1019 1459 1121 1523 αὐτοῖν
1149 1455 1268 1539 γένοιτο

165 1562 255 1636 τῆσδε
277 1564 328 1638 τῆς
349 1559 446 1643 μάχης
467 1560 545 1643 πέρι.
593 1561 676 1624 Mihi
692 1584 766 1626 vero
787 1561 956 1648 utrobique
977 1574 1127 1649 praestare
1143 1558 1270 1624 videtur

167 1669 252 1741 σφιν,
269 1661 355 1746 quod
371 1678 477 1726 nostro
492 1663 560 1727 loco
575 1663 725 1728 revocavi.
764 1663 845 1728 Vide
860 1662 1049 1751 AEachylum
1072 1664 1178 1728 Prom.
1196 1681 1269 1747 252.

165 1766 240 1847 456.
258 1766 346 1828 Pers.
364 1768 438 1848 761.
456 1767 530 1849 809.
552 1766 735 1853 Sophoclem
752 1766 834 1831 OEd.
851 1768 888 1830 C.
904 1786 978 1848 444.
991 1785 1067 1852 451·
1087 1786 1181 1851 1490.
1199 1763 1271 1851 (ubi

167 1874 242 1946 σφιν
262 1890 321 1953 pro
343 1866 491 1954 singulari
515 1871 544 1932 ol
567 1869 710 1956 usurpari
733 1884 860 1934 monent
883 1868 1092 1957 grammatici)
1115 1869 1170 1956 Aj.
1193 1887 1268 1954 570.

166 1970 219 2032 El.
245 1988 338 2051 1070.
385 1972 424 2035 In
449 1970 498 2034 his
514 1970 660 2035 omnibus
680 1980 755 2053 σφιν
778 1985 878 2035 metro
899 1971 1105 2036 necessarium
1130 1987 1189 2049 est,
1212 1979 1270 2053 σφι

165 2094 239 2136 vero
254 2095 419 2159 nusquam.
449 2075 590 2138 Metram
607 2073 733 2160 quidem
751 2073 922 2161 corrumpit
937 2082 1023 2157 σφιν,
1039 2072 1126 2161 quod
1141 2072 1269 2138 exhibet

166 2174 286 2238 Aldina
296 2175 382 2263 apud
397 2176 580 2264 Sophoclem
595 2176 710 2240 Trach.
719 2177 792 2240 880.
805 2176 942 2251 Τάλαιν’,
953 2178 1086 2258 ὀλεθρία,
1099 2178 1157 2241 τίνι
1170 2178 1268 2262 τρόπῳ

167 2282 269 2341 θανεῖν
287 2288 363 2360 σφιν
378 2280 454 2360 prim
480 2278 542 2344 Sed
563 2279 631 2366 ejus
653 2277 720 2343 loco
740 2302 802 2343 non
823 2287 881 2362 σφι
902 2279 955 2344 sed
976 2288 1038 2363 σφε
1060 2294 1269 2365 reposuerunt

166 2381 360 2445 recentiores.
404 2380 586 2445 Accusativi
617 2381 719 2445 locum
748 2380 897 2446 invasisse
928 2381 1052 2446 videtur
1077 2391 1153 2464 σφιν
1181 2381 1269 2469 apud

166 2483 354 2570 AEschylum
373 2485 478 2548 Theb.
495 2504 569 2569 933.
586 2484 640 2548 ubi
660 2484 815 2571 scriptura
828 2483 946 2549 incerta
960 2501 1017 2550 est.
1062 2485 1180 2550 Dativo
1195 2494 1270 2569 σφιν

167 2586 319 2650 rarissime
336 2586 435 2651 utitur
450 2587 631 2674 Euripides,
647 2609 750 2674 neque
764 2585 838 2652 alibi
853 2587 884 2650 in
900 2587 1029 2674 integris
1044 2586 1171 2666 fabulis,
1182 2587 1269 2675 quod

166 2688 271 2768 sciam,
286 2712 380 2775 quam
404 2689 455 2753 hic
477 2706 508 2753 et
525 2689 638 2777 Suppl.
656 2692 727 2773 769.
746 2692 846 2771 Οῖμοι,
867 2692 951 2776 πόσῳ
970 2699 1046 2772 σφιν
1059 2688 1217 2770 ξυνθανεῖν
1232 2691 1271 2756 ἃν

165 2792 287 2871 ἤθελον.
313 2791 469 2877 Tragicos
484 2792 571 2879 apud
587 2791 750 2856 Platonem
766 2791 807 2857 de
819 2794 902 2881 Rep.
917 2816 949 2881 p.
963 2813 1020 2857 111
1040 2794 1082 2857 Ε.
1099 2794 1180 2858 οόπω
1194 2801 1270 2876 σφιν

167 2898 303 2975 ἐξίτηλον
318 2897 389 2975 αίμα
404 2897 561 2975 δαιμόνων.
585 2896 699 2960 ELM.

210 3018 285 3082 399.
308 2997 485 3084 Distinguit
505 2998 585 3062 inter
611 2997 721 3080 γάμους
740 3011 772 3063 et
799 3003 894 3078 κῆδος,
917 3012 952 3063 ut
976 3022 1072 3087 snpra
1093 3022 1122 3062 v.
1141 3002 1218 3084 360,
1242 3020 1269 3063 1.

166 3100 248 3164 inter
271 3104 407 3183 νυμφίοις
429 3117 460 3166 et
481 3103 669 3182 κηδεύσασιν.
711 3105 751 3166 Ol
771 3103 967 3182 κηθεόσαντες
985 3115 1058 3164 aunt
1074 3103 1103 3165 οί
1121 3103 1270 3184 πενθεροὶ,

167 3206 270 3267 Creon
293 3203 415 3268 scilicet.
454 3207 655 3291 Quapropter
669 3202 757 3267 addit
773 3205 821 3267 καὶ
836 3205 934 3284 φυγὰς
955 3205 1027 3282 ἐμὰς
1045 3202 1165 3286 χθονὸς,
1180 3203 1271 3290 cnjus

165 3306 288 3393 injuriae
302 3323 412 3370 auctor
426 3309 541 3371 Creon.
566 3306 680 3370 ELM.

207 3427 282 3487 402.
308 3410 369 3490 ἕρπ’
394 3412 436 3475 είς
458 3408 491 3471 τὸ
519 3406 633 3494 δεινόν]
663 3405 954 3493 Pseudogregorius
975 3430 1005 3470 v.
1027 3408 1103 3488 480.
1123 3410 1160 3471 τὰ
1178 3405 1270 3470 δεινά.

168 3511 284 3575 Melior
299 3526 345 3574 est
361 3510 496 3597 vulgata.
536 3512 652 3574 Noster
668 3511 749 3574 Hec.
763 3524 839 3594 515.
861 3514 923 3577 πῶς
946 3512 998 3574 καί
1015 3535 1062 3574 κιν
1081 3505 1250 3591 ἐξεπρόξοτ’
1261 3536 1270 3584 ;

166 3613 211 3697 ἆρ’
235 3615 420 3694 αίδοόμενοι;
444 3611 449 3700 Ι
467 3611 485 3691 ἢ
507 3612 580 3695 πρὸς
602 3611 636 3675 τὸ
662 3611 761 3676 δεινὸν
783 3609 898 3691 ἤλθεθ’,
920 3613 958 3678 ὣς
979 3613 1102 3694 ἐχθρὰν,
1125 3611 1227 3694 γέρον,
1248 3609 1254 3698 Ι

168 3719 341 3782 κτείνοντες.
388 3716 439 3780 Sic
461 3715 553 3781 etiam
578 3717 688 3795 τόλαης
714 3712 738 3777 δ’
766 3713 825 3794 εἶμι
848 3711 923 3794 πρὸς
944 3713 978 3776 τό
1002 3712 1144 3796 κάρτερον
1166 3711 1274 3800 paullo

166 3839 238 3884 ante
254 3842 284 3882 v.
300 3820 374 3903 388.
391 3822 433 3886 είς
447 3819 480 3882 τὸ
495 3817 652 3898 μαλθακὸν
666 3818 902 3899 προσηγόμεσθα
918 3815 973 3880 Or.
991 3833 1063 3901 713.
1085 3818 1127 3883 cis
1148 3815 1181 3880 τὸ
1197 3819 1273 3896 θῆλυ

166 3924 347 4003 τρεπόμενος
362 3920 436 3985 Hel.
452 3940 527 4006 997.
552 3920 666 3984 ELM.

208 4045 285 4109 403.
307 4027 377 4107 ὁρᾶς
398 4027 418 4089 ά
439 4023 582 4110 πάσχεις]
606 4023 727 4088 Eadem
745 4021 840 4087 verba
858 4045 896 4087 ex
911 4020 1066 4108 Aristoph
1093 4019 1180 4085 Nnb.
1196 4022 1270 4088 662.

167 4128 284 4193 indicat
299 4128 479 4193 Elmsleius.
1260 4139 1261 4143 ’

210 4235 320 4315 ὀφλεῖν
334 4230 513 4296 Elmsleius.
553 4229 755 4295 Scribebatur
770 4229 890 4311 ὅφλειν,

209 4355 283 4416 404.
305 4341 367 4400 τοῖς
382 4333 565 4416 Σισυφείοις,
582 4338 642 4399 τοῖς
656 4329 680 4394 τ’
697 4329 834 4398 Ἰάσονος
855 4328 976 4417 γάμοις]
996 4325 1196 4414 Ηοογοίιὶιιει
1219 4331 1270 4391 Σι-

167 4440 311 4520 συφείοις.
351 4438 526 4520 Κορινθίοις,
544 4441 654 4504 κακοῖς.
678 4433 737 4500 άπὸ
753 4436 889 4518 Σισύφου
903 4429 1068 4513 βασιλέως.
1093 4428 1209 4493 ELM.

739 4555 795 4617 1³4
