2864 4914
565 274 633 336 AD
657 273 883 337 MEDEAM.
1212 269 1276 335 263

174 442 318 529 componi
341 441 440 506 solent
463 457 498 507 ut
520 459 591 532 post
613 444 784 509 secundum
810 467 969 531 quemque
991 442 1157 508 tertiumve
1180 441 1276 507 doch-

175 544 272 608 mium
296 545 483 610 vocabulum
507 546 700 612 terminetur.
746 546 802 611 Ab
825 547 938 612 usitata
959 546 1018 610 hac
1042 545 1162 611 ratione
1184 543 1278 608 inter-

174 646 251 710 dum
266 646 472 712 discesserunt
488 648 596 735 tragici
619 649 772 737 augendae
794 649 916 713 numeri
933 647 1136 713 vehementioe
1158 669 1276 710 caussa.

176 748 227 812 Sic
249 746 280 811 in
304 751 403 812 Herc.
420 749 443 813 f.
466 768 559 830 1042.
576 755 718 830 Καδμεῖοι
738 747 885 832 γέροντες,
902 751 937 815 οὐ
952 756 1025 831 σῖγα
1040 756 1115 831 σῖγα
1128 749 1182 813 τὸν
1196 751 1277 834 ὕπνιρ

173 849 354 932 παρειμένον
376 851 474 915 ἐάσετ’
499 851 680 917 ἐκλαθέσθαι
703 860 817 926 κακῶν;
846 852 1013 939 Exemplis
1035 850 1216 938 Euripideis
1240 850 1279 915 si-

174 952 337 1017 millimum
362 970 407 1018 est
431 954 636 1042 AEschyleum
662 957 748 1041 Sept.
768 954 808 1019 ad
833 955 897 1018 Th.
915 955 990 1039 698.
1015 953 1069 1018 ubi
1091 951 1206 1040 pariter
1224 976 1278 1016 sex

174 1057 240 1122 sine
255 1082 353 1143 pausa
366 1058 501 1122 dochmii
525 1074 599 1123 sunt
613 1059 783 1146 conjuncti,
800 1061 882 1123 ἀλλὰ
898 1058 937 1123 σὺ
950 1058 990 1138 μὴ
1003 1056 1169 1138 ’ποτριίνοα
1192 1056 1279 1123 κακὸς

174 1161 209 1225 οὗ
225 1161 362 1241 κεκλήσει
376 1162 447 1241 βίον
463 1163 496 1226 εὖ
512 1163 646 1244 κυρήσας·
670 1162 845 1243 μελαναιγὶς
866 1161 919 1225 οὐκ
942 1160 1001 1223 εἶσι
1024 1156 1129 1239 δόμους
1149 1157 1276 1240 Ἐρινὺς,

174 1264 247 1327 όταν
277 1266 309 1328 έκ
339 1272 489 1348 >reptio—⁸
513 1265 563 1329 cui
592 1265 694 1330 versui
720 1265 887 1354 respondet
912 1288 944 1329 v.
972 1280 1046 1349 705.
1075 1268 1128 1327 νῦν
1153 1265 1203 1327 ότε
1228 1288 1278 1326 σοι

173 1363 369 1447 παρέστακεν·
395 1369 460 1432 ἐπεὶ
475 1371 585 1448 δαίμων
600 1368 731 1448 λήματος
746 1371 779 1432 έν
793 1368 918 1452 τροπαίᾳ
939 1368 1045 1451 χρονίᾳ
1059 1366 1275 1446 μεταλλακτδς,

173 1470 245 1534 ἴσως
264 1466 302 1532 ἀν
318 1470 401 1533 ἔλθοι
423 1468 670 1556 θαλερωτέρῳ.-
708 1469 862 1534 Consulto
875 1483 992 1546 autem,
1010 1491 1071 1532 uon
1087 1461 1173 1546 casu,
1189 1468 1276 1532 hunc

172 1592 191 1632 a
213 1570 313 1657 poetis
333 1572 510 1636 institutum
533 1596 598 1636 esse
620 1571 835 1636 dochmiorum
855 1571 1032 1649 decursum,
1047 1594 1085 1635 ex
1109 1594 1147 1634 eo
1168 1568 1272 1656 colligi

174 1688 276 1759 potest
297 1674 385 1760 quod
407 1697 464 1761 par
485 1674 516 1737 in
541 1672 721 1761 hujusmodi
745 1672 820 1738 locis
844 1689 891 1738 est
916 1690 949 1738 et
974 1674 1111 1761 strophae
1135 1688 1167 1737 et
1191 1671 1272 1736 nnti-

173 1774 292 1863 strophi
315 1777 405 1841 ratio.
452 1779 565 1864 Neque
586 1777 668 1841 enim
692 1775 844 1841 alterutra
857 1777 890 1840 in
909 1776 1058 1841 dimetros
1080 1774 1172 1862 pleno
1186 1797 1276 1838 voca-

173 1876 249 1941 bulo
263 1878 443 1944 terminatos
457 1878 557 1966 digeri
573 1891 686 1966 potest.

219 1996 310 2067 1259.
328 1984 438 2063 φονίαν
455 1981 518 2066 (vel
534 1983 670 2064 φοινίαν)
687 1981 833 2047 τάλαιναν
847 1981 928 2046 libri.
959 1981 1170 2068 Transposuit
1187 1979 1274 2045 seid-

172 2080 265 2146 lerus.
725 2103 726 2106 ’

217 2188 311 2249 1260.
326 2186 458 2270 Ἐρινὺν]
476 2183 615 2267 Ἐριννὺν
631 2187 737 2273 vulgo.
763 2190 862 2269 ε’ρινῦν
875 2190 921 2251 Α.

214 2287 262 2351 ὑπ’
286 2285 477 2372 ἀλαστόρων]
504 2288 544 2350 In
568 2290 661 2353 Rom.
685 2292 729 2354 A.
753 2312 848 2375 supra
871 2289 986 2376 scripta
1007 2288 1051 2376 gl.
1073 2292 1272 2370 πεμφθεῖσαν·

173 2390 225 2453 Ita
239 2389 346 2453 similis
361 2406 440 2453 esset
454 2390 644 2455 constructio
660 2390 829 2456 Platonicae
847 2393 901 2471 τὴν
915 2392 972 2456 ὑπὸ
988 2398 1047 2456 τῶν
1061 2391 1174 2473 ὀλίγων
1189 2393 1274 2454 tvva-

172 2495 277 2557 στείαν
293 2491 415 2558 Politic.
431 2516 464 2580 p.
482 2511 541 2577 291
560 2493 604 2558 D.
620 2493 660 2557 de
674 2516 739 2580 qua
755 2492 815 2558 vid.
834 2493 1002 2559 Heindorf.
1019 2493 1059 2558 ad
1083 2492 1164 2557 Plat.
1182 2491 1274 2556 Phoe-

171 2594 245 2659 don.
271 2597 297 2678 δ.
319 2615 388 2659 110.
411 2618 444 2681 p.
464 2595 534 2659 188.
555 2596 721 2683 Wyttenb.
743 2595 820 2660 ibid.
844 2619 877 2683 p.
896 2599 970 2661 261.
993 2595 1086 2660 etad
1111 2593 1273 2659 Plutarch.

171 2720 204 2784 ρ.
222 2717 282 2782 213
299 2722 346 2784 sq.
387 2698 574 2764 scholiastes
590 2697 683 2762 verba
698 2698 894 2785 itajunxisse
909 2697 1053 2763 videtur:
1078 2696 1124 2762 ὑπ’
1141 2695 1272 2762 ἀλαστό-

170 2826 231 2882 ρων
252 2800 349 2881 μάταν
367 2800 478 2885 μόχθος
501 2802 578 2882 έρρει
600 2799 720 2866 τέκνων.
767 2802 850 2865 Nam
867 2814 1014 2866 annotat:
1038 2800 1143 2881 μάτην,
1168 2801 1272 2882 φησὶν,

170 2903 227 2967 ὑπὸ
244 2901 390 2983 δαιμόνων
404 2909 542 2985 πονηρῶν
557 2902 725 2968 ἀπόλλυται
738 2906 775 2968 τά
790 2902 890 2968 τέκνα.
915 2905 1105 2969 ΜΑΤΤΗ.

217 3008 309 3072 1261.
324 3005 436 3071 τέκνων
450 3006 571 3071 codices
587 3020 619 3072 et
634 3008 726 3071 Losc.
743 3012 802 3072 τῶν
817 3007 930 3073 τέκνων
945 3009 1021 3072 Ald.

218 3112 310 3176 1262.
333 3109 430 3191 μάταν
445 3111 503 3192 ἀρα
518 3111 734 3197 Musgravius.
757 3111 815 3192 ἀρα
828 3110 926 3191 μάταν
940 3109 1031 3174 οοθά.
1049 3110 1198 3198 plerique.
1223 3113 1271 3175 καὶ

169 3213 267 3292 μάταν
282 3213 361 3277 Ald.
384 3213 482 3294 μάταν
496 3214 596 3277 solum
613 3213 704 3277 estin
723 3215 818 3277 Rom.
834 3215 871 3277 C.
889 3210 972 3276 Flor.
991 3230 1021 3278 2.
1037 3212 1130 3277 Lasc.

214 3317 324 3400 ἔτεκες]
343 3314 424 3382 τέκες
441 3315 517 3379 Ald.

218 3419 310 3500 1264.
326 3423 436 3499 πετρᾶν
451 3417 652 3502 ἀξενωτάταν]
670 3423 786 3499 πετρῶν
800 3417 991 3497 ἀξενωτάτων
1006 3419 1048 3480 Α.

216 3556 309 3638 1265.
322 3554 425 3618 δειλέα
439 3556 484 3618 Α.

217 3658 308 3719 1266.
324 3657 498 3737 προσπίτνει
512 3653 694 3721 Elmsleius.
718 3663 896 3738 προσπιτνεῖ
907 3655 986 3721 libri.

216 3761 309 3839 1267.
339 3755 434 3840 φόνος
463 3759 619 3839 ἀμείβεται
644 3781 684 3822 sc.
709 3756 802 3844 φόνῳ,
828 3759 924 3823 coedes
948 3759 1033 3824 coede
1055 3771 1266 3847 permutatur,

168 3861 280 3924 coedcm
295 3860 395 3924 caedet
409 3862 560 3947 requitur,
577 3875 614 3924 ut
630 3861 730 3924 Orest.
747 3861 820 3942 967.
840 3859 926 3941 ἑτέρα
945 3860 970 3924 δ’
987 3860 1098 3944 ἑτέροις
1113 3863 1268 3943 ἀμείβεται

168 3962 298 4043 πήματα.
336 3962 453 4026 Electr.
479 3979 570 4046 1097.
599 3965 626 4025 εί
655 3960 678 4024 δ’
705 3963 865 4045 ἀμείψεται
893 3961 991 4044 φόνον
1017 3961 1140 4040 δικάζων
1164 3964 1266 4047 φόνος.

169 4066 359 4129 ΜΑΤΤΗ.

215 4168 433 4248 1268-1270.
463 4169 604 4255 Cognati
626 4168 789 4254 cangunin
811 4167 847 4229 in
870 4175 987 4232 terram
1006 4170 1138 4256 prqfuci
1156 4172 1267 4258 piacu-

166 4271 231 4333 lnm
250 4291 355 4358 grave
377 4278 423 4333 ert
444 4270 638 4348 nwrtulibur,
655 4271 851 4356 miseriisque
869 4275 1083 4336 οοαςιιιίααιίε
1097 4283 1127 4336 et
1145 4274 1189 4337 nd
1202 4276 1265 4337 cri·

167 4374 263 4436 minin
286 4372 539 4459 magnitudinem
561 4373 761 4459 comparatis,
776 4392 847 4459 μισ
868 4373 1026 4438 divinitus
1042 4374 1184 4441 domibus
1204 4378 1264 4442 im·

168 4476 348 4553 mittuntur,
359 4475 545 4561 parricidae
558 4475 699 4561 afflictat.
724 4474 930 4540 PFLUGK.

693 4581 744 4641 s4
