2864 4914
194 272 238 341 16
554 270 932 336 ANNOTATIONES

240 445 332 509 1186.
350 444 541 532 πεφύκαμεν]
556 445 710 527 πεφύκασι
723 442 788 507 duo
802 442 894 507 codd.

240 567 333 633 1193.
356 545 483 612 δύναιντ’
499 547 538 610 δν
551 546 649 610 codex
671 543 835 610 Leidensia
855 568 907 632 ap.
928 542 1074 608 Valcken.
1097 540 1139 605 ad
1161 538 1293 627 Hippol.

195 670 268 735 294.
314 648 497 736 Legebatur
511 651 662 714 δύνανται.

241 773 334 838 1194.
356 752 516 816 ἀπύλοντ’·
540 754 619 820 οὔτις
634 752 733 817 codex
754 775 836 817 unus
856 748 977 838 Kingii.
1021 747 1126 813 Ceteri
1147 746 1240 812 codd.
1264 762 1296 810 et

194 855 301 921 Aldus
315 856 472 919 άπκύλοντο
487 856 593 922 κούτις.

240 975 334 1041 1197.
351 956 386 1024 δς
401 957 439 1020 Β.
457 955 572 1043 aliique
588 955 739 1021 nonnulli.
785 956 933 1044 Plerique
948 969 980 1019 et
994 953 1073 1019 Ald.
1088 958 1159 1021 πῶς.

240 1079 331 1145 1199.
347 1060 476 1144 πρῶτον]
494 1061 551 1139 μὶν
564 1060 687 1124 addunt
703 1061 748 1124 H.
764 1074 796 1124 et
810 1059 875 1125 duo
889 1059 953 1124 alii.

237 1160 353 1250 οὔποτ’]
370 1158 428 1225 οὔτ’
445 1161 492 1225 Η.

241 1285 332 1329 1101.
349 1263 424 1348 οὔτ’]
445 1261 649 1328 Scribendum
666 1262 737 1327 οὐδ’.

240 1368 334 1434 1208.
350 1367 481 1451 εὐτύχει]
500 1368 599 1431 Recte
614 1367 734 1450 ηὐτύχει
748 1366 848 1432 codex
864 1365 1024 1431 Parisinus
1039 1388 1132 1430 unus.

241 1488 332 1555 1215.
356 1467 477 1550 ἔσημηύ
495 1470 534 1532 Β.
557 1483 589 1533 et
611 1468 742 1533 sedecim
763 1467 814 1533 alii
835 1468 1172 1550 001111.ἐσήμαινἈ111.
1219 1471 1296 1534 Sen-

193 1594 263 1637 sum
279 1584 362 1636 reete
376 1569 545 1635 declaravit
559 1570 656 1636 schol.
668 1570 737 1635 cod.
754 1570 860 1636 Guelf.
879 1574 1005 1636 εἰποῦσα
1018 1576 1076 1656 γὰρ
1090 1572 1235 1654 ἡἝκάβη
1248 1574 1293 1648 τὸ,

192 1675 270 1761 ἡνίχ’
293 1678 377 1758 ἡμεῖς
397 1675 490 1739 οὐκέτ’
513 1676 588 1756 ἦμεν
609 1677 644 1741 ἐν
665 1674 746 1758 φάει,
771 1673 922 1758 ἐπήγαγεν
944 1676 1051 1757 ἑφεξῆς
1071 1675 1116 1754 τὸ,
1144 1681 1244 1762 καπνῷ
1270 1675 1295 1740 δ’

194 1777 316 1859 ἑσήμηύ
332 1781 407 1843 doru
427 1781 579 1857 πολεμίων
593 1780 662 1857 lino,
677 1778 811 1844 τουτέστι
830 1778 864 1842 τὸ
878 1779 953 1858 ἡμᾶς
966 1777 1069 1859 μηκέτι
1084 1779 1160 1843 εἶναι
1175 1780 1209 1843 ἐν
1223 1778 1296 1861 φάει

194 1881 324 1962 ἐσήμηνε
348 1882 396 1946 καὶ
418 1881 510 1960 ἔδειξε
532 1881 566 1944 τὸ
588 1882 664 1945 ἄστυ
687 1884 721 1945 ἐν
740 1882 781 1966 τῷ
805 1883 905 1967 καπνῷ
924 1882 982 1946 ύπδ
997 1888 1056 1946 τῶν
1070 1885 1231 1963 πολεμίων·
1254 1883 1297 1945 ὦν

193 1987 252 2067 γδρ
266 1985 284 2065 ἡ
298 1986 386 2050 πόλις
398 1984 467 2063 πυρὶ
481 1983 688 2064 παραδέδοται,
705 1986 817 2049 τούτων
831 1985 879 2048 καὶ
893 1985 911 2065 ἡ
927 1985 1047 2068 η’νιτιχέα
1066 1984 1140 2065 δήλη
1158 1987 1297 2050 ἐντεῦθεν

195 2087 280 2152 ἐστὶν
295 2089 336 2154 εἰς
349 2087 437 2151 οὐδὲν
451 2085 627 2169 χωρήσασα.

240 2207 334 2271 1224.
358 2189 405 2253 καὶ
425 2189 485 2269 μὴν
506 2188 625 2271 τρέφον
642 2191 700 2269 μὲν
722 2191 761 2258 ὥς
782 2216 820 2255 σε
841 2190 920 2257 παῖδ’
944 2193 1035 2275 ἐχρῆν
1058 2188 1194 2274 τρέφειν]
1220 2190 1297 2253 MS.

194 2294 277 2379 Reg.
302 2293 370 2356 Soc.
391 2314 441 2378 ap.
465 2294 596 2357 Porson.
620 2293 741 2374 καὶμὴν
755 2293 944 2377 τρέφωνμέν
957 2291 1049 2358 παῖδά
1063 2290 1090 2374 γ’
1107 2293 1147 2358 ὥς
1162 2289 1190 2354 σ’
1208 2293 1231 2355 ἑ.
1249 2317 1295 2374 τρ.

195 2399 244 2461 M·
262 2394 342 2461 παῖδ’
358 2397 397 2462 ὥς
413 2395 441 2459 σ’
458 2398 560 2480 ἐχρῆν.
576 2398 604 2461 F
606 2397 663 2461 lor.
681 2417 728 2461 10.
748 2397 866 2479 καὶμὴν
880 2423 924 2480 τρ.
941 2397 995 2461 τὸν
1008 2395 1099 2461 παῖδά
1120 2393 1147 2479 γ’
1169 2397 1208 2463 ὣς
1229 2398 1296 2480 ἓχρ.

194 2524 239 2582 τρ.
256 2498 409 2584 1101133.
434 2501 483 2564 καὶ
503 2500 563 2580 μὴν
581 2525 626 2581 τρ.
649 2526 685 2584 γε
705 2499 781 2564 παῖδ’
800 2502 839 2568 ὡς
862 2503 926 2583 ἔχρ.
943 2525 986 2581 τρ.
1003 2499 1090 2564 Flor.
1104 2514 1153 2582 17.
1177 2499 1298 2578 καὶμὴν

194 2627 239 2685 τρ.
254 2604 320 2682 μὲν,
338 2603 376 2669 ὣς
390 2600 469 2666 παῖδ’
486 2604 551 2686 έχρ.
566 2628 609 2685 τρ.
656 2604 721 2667 11ae
742 2601 846 2666 turbae
865 2600 951 2665 nulla
968 2602 1029 2665 alia
1043 2600 1084 2666 de
1097 2625 1190 2665 causa
1204 2615 1298 2664 motae

194 2727 260 2768 esse
276 2702 433 2782 videntur,
451 2702 508 2768 nisi
523 2727 563 2767 ex
579 2727 626 2782 eo,
641 2702 728 2791 quod
744 2702 934 2789 trepidantes
949 2702 1065 2768 librarii
1084 2701 1295 2767 accusativum

194 2812 287 2871 παῖδα
300 2828 373 2871 cum
389 2805 509 2887 τρέφων
523 2805 664 2892 proxime
677 2803 826 2891 conjungi
838 2803 995 2871 volebant.
1009 2806 1199 2870 MATTH.
1224 2806 1298 2871 Vid.

195 2909 235 2975 ed
252 2909 345 2974 Med.
360 2924 435 2992 473.

241 3012 334 3076 1226.
356 3009 464 3093 ἁγαθοὶ
486 3009 654 3072 Porsonus.
703 3007 792 3073 Libri
815 3009 868 3073 alii
894 3013 923 3074 ol
945 3012 1054 3094 ἀγαθοὶ
1074 3023 1110 3073 ut
1131 3009 1223 3090 Ald.,
1245 3010 1298 3076 alii

196 3113 225 3175 ol
239 3109 348 3193 ’γαθοί

240 3213 443 3298 σαφέστατοι]
468 3213 652 3296 σαφέστεροι
676 3215 720 3277 Η.
745 3228 777 3277 et
803 3228 865 3278 tres
889 3214 950 3278 alii.
996 3213 1169 3301 Vulgatum
1194 3229 1298 3280 tamen

196 3336 349 3399 superscr.
363 3313 396 3379 in
414 3317 460 3380 H.

242 3416 335 3482 1228.
352 3417 483 3501 εύιύχει]
503 3417 709 3483 Scribendum
724 3419 844 3504 ηὐτύχει
858 3443 897 3485 ex
911 3420 1032 3508 aliquot
1046 3420 1138 3485 codd.

244 3536 336 3602 1231.
352 3518 387 3581 τέ
400 3519 464 3602 σοι]
483 3517 509 3583 θ’
525 3522 554 3584 ol
569 3522 622 3583 σοί
636 3521 681 3583 Η.

243 3638 338 3704 1233.
354 3627 449 3702 φανεῖ
462 3621 570 3706 Mosq.
587 3643 679 3684 unus.
704 3624 786 3704 φανῇ
801 3620 878 3685 Ald.
901 3624 1000 3706 φανῇς
1015 3623 1059 3685 Η.

243 3722 335 3808 1238.
352 3725 390 3785 τὰ
404 3725 521 3804 χρηστδ
534 3720 707 3805 πράγματα]
728 3722 822 3786 Conf.
838 3746 869 3786 v.
886 3722 979 3803 1189.

245 3842 336 3908 1249.
360 3825 400 3903 μὴ
413 3822 516 3887 ’δικεῖν
531 3823 720 3888 Brunckiua.
765 3824 855 3888 Libri
870 3824 910 3904 μὴ
924 3825 1045 3889 ἀδικεῖν.
1092 3828 1299 3894 Scribendum

196 3928 340 4008 μάδικεῖν.
379 3923 450 3989 Vid.
466 3924 505 3988 ad
522 3925 649 3989 Heracl.
663 3945 738 4010 459.

245 4047 338 4114 1254.
363 4029 461 4091 Hunc
478 4048 599 4091 versum
623 4025 694 4090 libri
709 4027 940 4113 Agamemnoni
965 4028 1120 4094 tribuunt.
1166 4033 1300 4096 Correo·

198 4146 266 4196 tum
289 4129 320 4193 in
342 4128 597 4216 interpretatione
621 4128 736 4192 Latina
759 4128 895 4206 Camilli,
917 4153 990 4215 quae
1005 4131 1081 4196 edit.
1099 4132 1301 4197 Commelini-

199 4257 267 4298 anae
282 4232 390 4297 addita
405 4245 460 4295 est.

241 4338 347 4400 ούκουν
370 4330 558 4398 11111110111111.
604 4329 694 4393 Libri
718 4332 834 4395 οὐκοῦν.
862 4333 915 4396 ούκ
937 4335 990 4398 οὖν
1012 4334 1176 4400 scholiasta
1198 4337 1299 4402 Hom.

201 4437 241 4503 Il.
259 4445 300 4519 N,
312 4459 381 4523 154.
405 4433 569 4520 Aristoph.
586 4433 661 4497 Pac.
679 4434 751 4516 865.
768 4435 874 4498 ούκονν
888 4438 1015 4514 δικαίως,
1031 4437 1187 4510 ὄστις-;

242 4540 387 4624 εἰργάσω]
406 4540 561 4619 εἴργασται
575 4533 670 4600 schol.
688 4534 832 4600 Homeri.
