2864 4914
554 291 623 356 AD
647 290 872 368 MEDEAM.
1201 289 1266 360 199

162 459 308 542 Μήδειον,
325 463 357 541 έξ
378 463 413 543 ἧς
426 468 529 527 ταῦτα.
555 462 702 545 Ὀλάμαν,
719 465 835 544 ὀλόμαν
850 461 931 525 dixit
944 459 1116 548 Euripides
1132 460 1205 547 Iph.
1223 462 1266 524 Τ.

164 585 175 626 1
181 581 236 649 51.
252 564 306 628 ubi
322 565 428 629 Aldus
443 567 574 646 ὠλόμαν,
597 566 728 647 ὠλόμαν,
750 564 836 630 haud
859 587 948 630 secus
968 579 1065 652 atque
1086 564 1171 652 apud
1188 564 1264 629 Ari·

160 668 356 754 stophanem.
398 669 502 733 Verba
516 692 589 755 quae
603 674 735 754 παρῳδεῖ
746 669 891 748 comicus,
909 667 1035 733 Jasonis
1048 667 1080 732 in
1098 666 1267 732 Melanthii

161 770 279 835 Medea
293 771 388 835 fuisse
403 771 560 835 videntur.
577 772 693 836 ELM.

203 877 254 958 98.
273 873 384 962 μάτηρ]
403 874 609 939 Scribendum
624 873 718 956 μήτηρ
732 897 771 939 ex
786 874 907 961 aliquot
921 873 1013 939 oodd.
1058 871 1183 937 Formis
1198 871 1267 936 vul-

158 976 286 1063 garibus
303 976 402 1041 utitur
416 976 547 1055 Nutrix,
565 976 689 1041 Doricis
704 976 831 1041 Medea.

202 1099 253 1164 99.
271 1085 347 1143 κινεῖ
359 1082 391 1143 δὲ
405 1078 517 1164 χόλον]
535 1079 763 1167 Aristophanes
779 1080 872 1166 Vesp.
882 1097 958 1157 402.
982 1077 1059 1143 Εἰπέ
1073 1104 1133 1159 μοι,
1149 1080 1182 1143 τί
1192 1076 1266 1157 μέλ·

158 1190 253 1264 λομεν
268 1190 361 1249 κινεῖν
375 1186 492 1265 έκείνην
506 1185 561 1263 τὴν
575 1184 683 1267 χολὴν,
704 1182 709 1263 Ι
727 1184 821 1265 ἥνπερ
834 1181 908 1263 ἡνίκ’
932 1185 971 1246 ἀν
991 1207 1035 1248 τις
1056 1183 1138 1261 ἡμῶν
1158 1183 1266 1268 ὀργίσῃ

158 1286 213 1365 τὴν
228 1287 378 1368 σφηκιάν;
405 1287 493 1351 Inter
514 1293 607 1352 κινεῖν
621 1288 718 1370 χόλον
737 1301 768 1350 et
791 1293 884 1351 κινεῖν
900 1286 999 1370 χολὴν
1020 1283 1097 1349 nihil
1120 1284 1266 1348 interesse

159 1387 295 1452 videtur.
312 1390 429 1453 ELM.

206 1510 275 1553 100.
292 1493 457 1576 σπεύσατε]
475 1493 619 1556 σπεύδετε
631 1489 752 1577 aliquot
767 1489 859 1555 codd.

205 1611 277 1657 102.
294 1592 500 1678 φυλάσσεσθ’]
518 1592 721 1676 φνλάσσοισά
737 1592 814 1658 Ald.
860 1594 1047 1658 Correctum
1062 1614 1100 1656 ex
1116 1590 1209 1656 codd.

204 1714 275 1779 105.
293 1696 359 1780 νῦν]
381 1696 586 1760 Scribendum
604 1722 667 1761 νυν.

206 1800 275 1862 ιοό.
299 1802 391 1877 δῆλον
405 1797 429 1862 δ’
446 1796 552 1884 ἀρχῆς]
570 1797 738 1863 Genitivus
751 1798 792 1863 ab
810 1802 903 1878 δῆλον
917 1797 1041 1886 pendet.
1057 1796 1134 1861 Ald.
1155 1812 1187 1862 et
1205 1797 1262 1861 ali·

157 1915 237 1984 quot
251 1899 372 1964 codices
387 1902 418 1979 ἐξ
434 1902 526 1983 ἀρχῆς
540 1922 579 1963 ex
594 1898 788 1986 glossemate.

204 2019 275 2083 107.
298 2000 425 2085 ἀνάψει]
445 2000 629 2087 Subjectum
644 2003 722 2082 esti]
738 2000 864 2081 Μήδεια.
909 2001 1047 2087 Aliquot
1065 1999 1135 2064 libri
1150 2000 1262 2079 ἀνάξει·

157 2124 253 2186 quam
279 2103 463 2190 scripturam
488 2102 652 2168 scholiasta
676 2126 805 2190 quoque
829 2119 993 2182 memorat,
1015 2104 1106 2190 cujus
1129 2104 1197 2168 liaec
1217 2117 1264 2168 est

156 2205 327 2283 annotatio,
344 2209 450 2284 Δῆλον
464 2205 522 2288 γάρ
537 2208 621 2270 έστιν
635 2205 694 2271 ἀπὸ
717 2211 769 2285 τῆς
790 2208 882 2290 ἀρχῆς
904 2211 953 2285 τῆς
975 2209 1111 2289 οἰμωγῆς,
1127 2208 1172 2271 ὅτι
1194 2206 1265 2271 ἀνά

157 2313 221 2388 ψει.
243 2305 376 2386 ἢοῧτως,
392 2313 479 2371 τοῦτο
494 2311 552 2389 γάρ
566 2308 601 2371 τὸ
617 2306 654 2386 έξ
671 2310 764 2392 ἀρχῆς
784 2310 975 2390 έξαιρόμενον
996 2309 1087 2391 νέφος
1105 2314 1156 2390 τῆς
1178 2313 1264 2389 οἶμο-

154 2413 210 2491 γῆς
224 2411 371 2489 δηλονότι,
387 2414 520 2488 σκηπτοῦ
539 2413 622 2489 δίκην
636 2412 866 2493 έγκατοσκῆψαί
885 2436 952 2484 τινι,
970 2413 1017 2475 καὶ
1031 2410 1110 2492 μέγα
1124 2437 1153 2476 τι
1168 2412 1260 2475 κακὸν

156 2511 408 2596 κατεργάσασθαι.
432 2515 487 2576 έᾶν
507 2514 540 2576 δέ
562 2511 711 2594 γράφεται
731 2511 844 2590 ἀνάξει,
868 2514 933 2576 οῖον
955 2515 1082 2581 ἐπιπολὺ
1104 2513 1206 2592 ἀνάξει
1225 2517 1263 2578 τά

155 2616 206 2692 τῆς
220 2615 319 2696 ὀργῆς,
334 2616 399 2678 οῖον
414 2617 475 2678 ἀνω
490 2616 564 2693 ἀξει,
582 2617 624 2681 είς
641 2616 720 2697 ὕψος
742 2616 901 2689 ἀνατείνει,
923 2617 941 2678 ὅ
963 2616 1047 2679 έστιν
1067 2615 1189 2696 αὐξήσει
1209 2615 1263 2680 τὸν

155 2718 257 2796 θυμόν.
281 2719 313 2795 ἐξ
330 2718 365 2781 οὗ
379 2715 473 2781 πάλιν
487 2721 579 2797 δῆλον
594 2719 634 2785 ὡς
654 2715 839 2797 αὐξανομένη
859 2717 987 2782 έπιπολὺ
1007 2718 1026 2796 ἡ
1048 2717 1123 2801 ἀργὴ
1145 2717 1263 2786 πάντας

156 2822 256 2884 δεινόν
272 2844 301 2883 τι
316 2819 486 2902 ἐργάσεται.
1012 2818 1014 2822 ’

201 2923 379 2986 108-110.
403 2923 623 3006 τί-κακοῖσιν]
651 2921 714 2985 His
737 2921 840 2986 verbis
862 2919 963 2985 utitur
984 2921 1126 2985 Galenus
1148 2921 1209 2988 vol.
1227 2941 1259 3009 5.

155 3046 186 3110 p.
202 3042 272 3087 121.
288 3040 319 3087 et
334 3023 446 3087 omisso
461 3025 492 3086 τί
504 3021 567 3088 ποτ’
584 3024 744 3106 ἐργάσεται
760 3024 906 3089 Stobaeus
922 3042 975 3100 20,
991 3043 1044 3108 30.

200 3147 272 3190 111.
286 3130 351 3190 αἰαῖ
361 3127 437 3210 οἰοῖ]
454 3125 543 3189 Libri
559 3125 699 3212 plerique
715 3126 748 3189 αῖ
760 3125 800 3199 οἶ,
817 3123 904 3212 quod
919 3141 965 3188 est
979 3125 1011 3189 in
1028 3127 1119 3200 Ain..
1134 3127 1186 3191 alii
1203 3127 1218 3192 έ
1233 3127 1258 3203 ἓ,

154 3228 187 3291 αῖ
200 3227 242 3304 αῖ,
256 3228 342 3314 quod
360 3228 453 3292 habet
469 3230 513 3304 A,
531 3227 545 3291 ἓ
562 3227 576 3291 έ
593 3227 607 3291 έ
623 3227 637 3291 ἓ
654 3230 692 3293 B.
739 3227 944 3292 Scribendum
961 3231 1034 3293 atat.

196 3330 333 3414 τλάμων]
350 3330 469 3409 τλήμων
486 3333 528 3394 Α.
544 3329 660 3415 aliique
676 3329 827 3394 nonnulli.

201 3451 272 3517 115.
289 3432 423 3519 τλήμων]
440 3436 553 3512 τλῆμον
568 3431 688 3518 aliquot
704 3431 795 3496 codd.
811 3454 883 3495 cum
900 3430 978 3497 Ald.

201 3556 319 3618 ι19-ι
325 3555 376 3620 30.
401 3539 483 3598 δεινὰ
506 3534 868 3623 τυράννων-ἀπέδωκεν]
887 3534 1132 3622 Philosophatur
1151 3535 1257 3599 nutrix

152 3660 238 3700 inore
254 3637 439 3723 Euripideo‚
456 3636 510 3700 sed
527 3636 615 3699 valde
638 3638 890 3719 ἀπροσδιονύσιος,
910 3652 945 3702 ut
967 3638 1042 3701 mihi
1065 3636 1192 3724 quidem
1209 3638 1256 3702 vi·

152 3739 254 3803 detur.
300 3738 385 3817 Quid
408 3739 490 3802 enim
512 3761 582 3802 cnm
608 3740 733 3803 Medeae
755 3739 932 3804 conditione
954 3763 1119 3804 commune
1142 3738 1258 3804 habent

152 3866 224 3928 quae
238 3841 278 3905 de
293 3864 401 3928 regum
418 3841 522 3905 animo
536 3840 637 3905 dicit?
676 3841 845 3905 Homerica
864 3841 932 3906 loca
948 3840 988 3907 ll.
1003 3843 1047 3907 A.
1064 3842 1115 3908 80.
1131 3845 1169 3907 B.
1185 3847 1256 3927 196.

152 3943 265 4029 allegat
281 3943 468 4007 scholiastes.
485 3944 601 4007 ELM.

199 4064 268 4110 120.
292 4044 369 4127 ὀλίγ’
393 4043 565 4128 ἀρχόμενοι,
585 4047 687 4109 πολλά
711 4045 898 4132 κροτοῦντες]
915 4047 1026 4111 Pauca
1047 4048 1183 4111 oliorum
1206 4069 1257 4112 vo-

150 4151 281 4226 luntate,
293 4150 445 4235 pleraque
459 4170 520 4211 aaa
532 4157 673 4235 agentes.
691 4148 835 4211 MUSG.

196 4271 264 4316 ιιι.
280 4249 543 4336 μεταβάλλουσιν]
563 4250 602 4313 1d
618 4264 664 4313 est
678 4250 846 4338 deponunt.
948 4326 952 4333 ,

197 4372 266 4434 124.
282 4352 309 4436 γ’
327 4352 485 4418 Reiskius.
502 4351 526 4416 τ’
543 4351 625 4417 libri.

673 4472 731 4532 ⁰4
