2864 4914
324 292 392 356 AD
416 293 720 358 IPHIGENIAM
744 293 1077 358 AULIDENSEM.
1187 291 1251 360 467

193 477 268 543 572.
285 463 361 526 ἐνὸν
378 462 598 527 Marklandus.
622 465 709 529 ἔνδον
723 464 806 529 libri.
844 464 1036 552 “Singulari
1050 464 1169 529 ratione
1183 463 1248 528 dic-

152 575 205 625 tus
227 565 336 644 ιιόσμος
358 568 374 629 ὁ
396 566 595 647 μυριοπληθὴς
616 567 657 630 de
678 565 829 632 modestis
851 590 924 654 quae
942 564 1086 654 plurimis
1105 565 1138 631 in
1157 564 1251 630 rebus

150 664 320 751 conspicua
342 666 390 743 sit,
413 690 513 753 eoque
538 690 558 731 s
581 667 748 732 mulierum
772 667 986 754 temperantia,
1009 690 1082 754 quoe
1106 667 1148 731 ad
1171 666 1251 732 solas

153 763 306 831 referatur
320 790 368 831 res
383 789 538 845 venereas,
554 768 707 834 differat.”
729 770 883 834 HERM.

195 887 260 950 574
270 870 379 954 -589.
397 872 491 934 Hanc
505 870 650 934 carminis
663 887 783 959 partem
796 894 857 936 non
869 872 910 937 ab
922 871 1078 959 Euripide
1092 871 1249 959 scriptam,

152 969 207 1033 sed
222 971 263 1035 ab
278 972 446 1036 recentiore
461 972 610 1061 scriptore
621 973 773 1061 adjectam
788 997 854 1038 esse
867 998 988 1051 censeo,
999 975 1108 1039 eodem
1121 974 1251 1039 fortasse

151 1071 208 1158 qui
229 1072 383 1157 paredum
399 1073 486 1139 chori
508 1075 619 1163 amplis
639 1076 859 1141 additamentis
874 1077 973 1141 auxit.
1018 1076 1081 1153 Qui
1102 1075 1251 1140 hocloco

152 1174 273 1239 iudiciis
287 1201 319 1240 se
334 1176 473 1264 prodidit
487 1201 549 1242 non
566 1179 668 1243 miuus
681 1202 775 1265 quam
791 1178 852 1243 illic
867 1178 1046 1244 manifestis.
1083 1181 1135 1242 Ac
1149 1178 1251 1265 primo

152 1275 279 1362 quidem
302 1279 406 1366 inepte
429 1280 518 1343 Paris
532 1280 648 1345 dicitur
666 1280 741 1344 illuc
755 1280 875 1344 venisse
894 1279 951 1344 ubi
970 1280 1122 1345 educatus
1142 1279 1249 1359 fuerit,

152 1379 357 1460 ἔμολες-ᾗτε
377 1383 417 1446 σύ
432 1381 651 1464 γε-ἐτρθφης,
668 1406 724 1447 nec
746 1381 845 1447 multo
859 1381 967 1446 melior
980 1381 1086 1446 evadit
1100 1381 1251 1445 sententia

153 1481 178 1544 si
205 1480 266 1562 ᾗτε,
292 1484 378 1569 quod
403 1484 434 1547 in
461 1483 600 1571 linguam
628 1484 809 1549 Atticorum
839 1499 954 1569 peccat,
984 1470 1015 1546 in
1046 1485 1112 1547 εὖτε
1138 1495 1249 1549 mutes.

154 1583 279 1650 Deinde
291 1586 386 1650 verba
397 1588 518 1666 εύθυλοι
533 1588 565 1650 δὲ
580 1586 726 1668 τρέφοντο
741 1588 815 1665 βόες
829 1585 1011 1649 sententiam
1026 1583 1163 1650 efficiunt
1177 1584 1251 1649 ridi-

151 1686 253 1751 culam
269 1704 301 1752 et
315 1688 555 1764 subabsurdsm,
567 1697 680 1775 pastor
690 1688 841 1753 educatus
855 1709 888 1753 es
902 1688 990 1775 opud
1005 1688 1111 1752 Idoeos
1123 1689 1249 1765 vitulas,

153 1812 331 1856 mamnrosae
346 1813 419 1856 uero
438 1791 529 1856 boves
544 1790 769 1878 pascebantur,
784 1812 879 1877 qrrnm
895 1790 1025 1853 dearum
1037 1791 1202 1877 judicium
1221 1798 1251 1855 tc

151 1894 187 1955 ιἰι
205 1895 364 1958 Graeciam
380 1895 513 1958 υαααυὶθ.
559 1893 659 1955 Porro
673 1913 774 1977 neque
790 1891 1043 1974 ἑλεφαντοδέτους
1061 1895 1167 1973 δόμους
1184 1891 1249 1956 dic-

142 2011 244 2059 turus
258 2011 323 2059 erat
338 1993 509 2082 Euripides
521 2006 554 2059 et
568 1995 668 2058 multo
682 1995 785 2058 minus
800 1994 852 2058 illa
862 1996 1035 2082 scripturus
1050 1996 1083 2065 ὃς
1096 2002 1149 2065 reis
1162 1995 1251 2061 Ἐλί-

153 2123 207 2166 υας
223 2101 256 2162 ἓν
271 2099 416 2164 ἀντωποῖς
429 2095 633 2179 βλεφάροισιν
648 2096 742 2178 ἔρωτα
756 2096 894 2163 δέδωκας.

195 2219 234 2284 57
237 2220 270 2285 5.
285 2199 455 2283 ἀργενναῖς]
481 2197 591 2284 Hujus
611 2196 758 2284 adjectivi
775 2196 862 2262 nulls
875 2211 999 2263 exstant
1014 2199 1044 2263 in
1061 2199 1249 2285 tragicorum

152 2303 274 2390 scriptis
287 2302 443 2390 exempla.

194 2424 270 2488 577.
285 2405 461 2489 Οὐλύμπου]
490 2403 541 2468 Sic
564 2404 711 2469 Matthiae
733 2403 829 2468 editio
850 2429 888 2469 ex
909 2405 1088 2492 conjectura
1111 2405 1250 2470 Heathii.

154 2508 244 2572 Libri
258 2507 425 2587 Ὀλύμπου,
441 2507 528 2593 quod
544 2506 762 2571 revocandum.
808 2509 859 2571 Dc
873 2507 1012 2594 Olympo
1026 2507 1152 2573 tibicine
1167 2509 1249 2573 anti·

150 2610 302 2698 quissimo
329 2610 505 2674 testimonis
528 2625 666 2674 veterum
696 2608 822 2695 collegit
851 2610 1017 2673 Clintonus
1047 2610 1133 2674 Fast.
1163 2612 1251 2675 Hell.

155 2713 217 2778 vol.
245 2733 272 2777 1.
301 2736 332 2800 p.
354 2733 430 2798 344.
468 2712 577 2777 Ionica
606 2711 738 2775 nominis
765 2711 867 2776 forms
895 2711 996 2775 utitur
1024 2712 1252 2800 Aristophanes

155 2815 264 2900 Equis.
281 2834 311 2898 9.
326 2815 488 2892 ξυναυλίαν
504 2815 679 2893 κλαύσωμεν
694 2814 857 2893 Οὐλύμπου
873 2815 974 2891 νόμον.

197 2933 271 2999 579.
294 2916 420 3003 πνείων]
443 2915 542 2980 πνέων
564 2915 684 2979 codices
704 2914 820 2993 cuncti,
839 2937 879 2978 ne
902 2913 986 2980 Flor.
1005 2933 1033 2980 2.
1048 2915 1176 3001 quidem
1199 2940 1252 2981 ex-

153 3031 253 3101 cepto,
269 3016 310 3080 de
324 3040 389 3102 quo
404 3031 485 3080 tacet
501 3017 657 3082 Matthiae.
691 3017 810 3082 πλέκων
827 3016 904 3082 Ald.
920 3017 1006 3103 quod
1029 3039 1088 3104 pro
1102 3033 1253 3084 correcto-

155 3119 197 3184 ris
219 3117 330 3183 Aldini
357 3117 483 3183 invento
508 3119 566 3182 erit
592 3118 782 3197 habendum,
807 3119 907 3183 donec
930 3118 1045 3184 codicis
1066 3120 1252 3185 auctoritate

152 3224 369 3286 confirmatum
392 3219 497 3285 fuerit.
542 3219 650 3283 Inanis
672 3218 832 3282 Huschkii
853 3219 959 3306 opinio
979 3220 1042 3285 fuir
1063 3220 1167 3307 (epist.
1182 3221 1251 3286 crit.

154 3348 186 3412 p.
208 3325 279 3408 47.)
304 3322 473 3408 respexisse
497 3321 538 3385 ad
564 3321 648 3386 hunc
673 3320 777 3386 locum
804 3319 961 3385 Telestem
988 3321 1019 3385 in
1046 3322 1187 3387 versibus
1211 3324 1252 3387 ab

155 3427 314 3492 Athenaeo
327 3425 427 3489 allatis
445 3443 493 3505 14.
515 3446 546 3510 p.
563 3427 623 3503 617
642 3425 680 3487 B.
703 3424 869 3504 πνεύματος
890 3426 1032 3507 εὔπτερον
1053 3428 1147 3508 αὔραν
1162 3428 1251 3509 ἄμφι-

154 3528 274 3592 πλέιιων
289 3523 442 3605 καλάμοις.
488 3523 625 3588 Restitui
638 3540 743 3589 autem
760 3540 860 3588 metro
874 3525 1050 3612 postulante
1064 3529 1184 3593 πνείων.

196 3630 270 3714 581.
286 3631 349 3714 ὅτε]
367 3630 414 3692 ὅτι
429 3626 513 3691 Flor.
533 3647 560 3690 1.
576 3644 605 3689 2.

196 3731 299 3811 ίμαινε
313 3729 362 3794 vel
378 3731 467 3811 ἔμηνε
482 3730 694 3792 Hermannus.
735 3729 918 3816 Legebatur
932 3731 1029 3811 ἔμενε.

195 3834 271 3918 582.
294 3831 446 3896 Deleatur
461 3834 501 3898 είς
515 3830 556 3894 ab
571 3831 756 3892 Hermanno
770 3830 911 3895 additum
935 3848 1062 3920 propter
1077 3838 1248 3921 responsio·

152 3957 222 3999 nem
238 3956 310 4020 quae
324 3934 382 4020 ipsi
397 3933 555 3996 videretur
567 3929 835 4017 antistrophicam.

194 4038 270 4122 583.
291 4034 447 4118 πάροιθεν]
471 4031 594 4115 πάροιθε
616 4033 644 4095 F
646 4033 702 4095 lor.
725 4052 748 4095 1.
766 4050 797 4096 α.
838 4032 997 4097 vocabulo
1010 4034 1150 4117 πάροιθεν
1165 4039 1249 4105 lrunc

152 4159 276 4202 versum
292 4149 375 4200 recte
389 4135 534 4199 terminat
549 4133 624 4197 Ald.

195 4241 268 4323 584.
292 4238 338 4324 ὃς]
358 4236 490 4301 Videtur
504 4237 539 4299 ού
553 4233 720 4322 scripsisse,
736 4234 802 4313 abi,
817 4234 904 4320 quod
923 4238 1085 4323 proposuit
1102 4241 1251 4328 Musgru-

152 4365 231 4405 vius.

192 4446 268 4530 588.
284 4446 361 4508 Duo
377 4465 483 4508 rursus
496 4442 528 4506 in
543 4440 621 4506 Ald.
636 4463 772 4526 quorum
785 4439 863 4506 alter
877 4444 968 4507 ναυσί
980 4441 1004 4505 τ’
1021 4443 1096 4528 ἄγει.

652 4563 675 4606 11
691 4541 748 4609 ha
