2864 4914
317 290 385 353 AD
409 291 713 357 IPHIGENIAM
738 290 1072 356 AULIDENSEM.
1184 289 1249 354 477

143 474 202 537 est,
229 474 338 547 utpote
356 484 421 525 rem
444 478 476 527 et
497 485 662 550 personam
686 461 873 549 ignorantis:
897 462 941 526 od
965 463 1114 548 temporis
1124 459 1248 546 fleturi

143 561 315 626 arbitrium
331 566 503 651 pertinere,
518 588 589 653 quta
610 566 737 630 diceret
758 584 865 644 aenea,
879 585 936 629 uec
956 564 1052 628 aliter
1072 562 1248 650 dyredieari

138 685 253 748 porse,⁸
272 668 396 752 grauia
417 676 521 731 tumen
543 689 619 746 esee,
641 676 671 731 et
692 689 758 732 rem
782 690 846 732 uon
866 668 981 755 eeigtei
1000 666 1146 730 umenti
1162 665 1248 729 iudi-

144 787 228 830 core.
251 769 397 833 MUSG.

189 871 304 934 ἀνοίσει
319 872 539 938 Marklandus.
579 873 762 960 Legebatur
777 873 815 936 ἂν
830 873 904 958 ὤσῃ.

189 973 262 1036 866.
287 977 382 1052 δεξιᾶς
405 976 486 1038 ἕκατι
499 976 539 1056 μὴ
553 974 654 1056 μέλλ’,
671 978 699 1039 εἴ
715 1001 744 1037 τι
757 999 808 1055 μοι
825 972 941 1060 χρῄζεις
956 972 1074 1056 λέγειν]
1101 970 1245 1036 Illustra-

146 1073 259 1137 tionem
275 1074 414 1161 postulat
428 1075 479 1140 hic
493 1077 590 1140 locus.
617 1081 726 1155 Δεξιῖις
741 1077 824 1141 ἕκατι
838 1097 1000 1162 nunquam
1016 1072 1169 1160 significat
1184 1073 1248 1136 Per

145 1177 302 1254 deutrum,
321 1177 586 1264 quemadmodum
608 1189 754 1243 vertunt:
779 1177 832 1242 sed
855 1177 917 1253 vel,
937 1185 1069 1264 propter
1089 1176 1247 1252 deutrum,

145 1278 206 1356 vel,
222 1282 365 1344 deutrum
376 1281 459 1368 quod
472 1284 592 1347 attinet.
613 1305 715 1368 neque
728 1280 891 1370 probabile
905 1298 963 1359 est,
974 1281 1147 1367 Reginum,
1159 1281 1248 1364 Aga-

146 1382 319 1446 memnonis
340 1406 482 1462 uxorem,
497 1384 727 1448 obsecraturum
749 1406 815 1447 esse
837 1405 963 1447 servum
987 1404 1079 1445 suum
1101 1403 1160 1467 per
1174 1381 1249 1444 dea-

146 1493 230 1548 trum
245 1484 322 1572 ejus.
346 1507 417 1549 nam
432 1485 525 1571 longe
539 1485 670 1550 diversae
687 1501 759 1550 sunt
774 1484 1025 1564 circumstantiae,
1049 1484 1102 1548 ubi
1120 1482 1249 1570 Iphige-

146 1586 198 1650 nia
213 1585 244 1651 in
261 1586 389 1663 Tauris,
404 1610 434 1650 v.
454 1589 546 1652 1068.
567 1587 721 1675 supplicat
740 1588 847 1653 Choro
868 1587 942 1669 apis
964 1591 1068 1666 δεξιάς,
1089 1607 1149 1673 per
1169 1586 1247 1648 dex-

147 1699 242 1754 trum.
288 1689 358 1754 Illae
380 1690 460 1755 enim
484 1690 630 1778 ingenuae
651 1705 751 1769 erant,
766 1692 838 1756 licet
852 1691 1002 1778 captivae:
1028 1703 1059 1753 et
1081 1689 1175 1771 φίλας
1196 1709 1249 1751 eas

146 1792 283 1880 appellat
298 1792 475 1880 Iphigenia,
490 1789 610 1879 v.‘458.
626 1809 656 1859 et
673 1794 828 1877 φιλτάτας,
845 1817 875 1857 v.
895 1794 987 1878 1056.
1031 1790 1137 1854 Aliter
1151 1788 1248 1877 expli-

146 1896 246 1960 canda
267 1896 335 1960 haec
360 1910 444 1960 sunt.
489 1898 617 1982 Regum
643 1913 675 1962 et
704 1911 884 1982 magnatum
912 1918 980 1959 mos
1008 1905 1075 1958 erat
1103 1893 1249 1957 dextram

147 1998 345 2061 osculandam
370 1997 419 2062 vel
446 1998 634 2084 tangendam
664 1999 821 2086 porrigere
847 1999 942 2063 servis
971 2011 1002 2061 et
1030 1995 1249 2060 humilioribus

147 2099 388 2186 quibuscunque
408 2099 465 2186 qui
487 2099 579 2163 fidem
600 2123 636 2164 ac
656 2100 878 2187 protectionem
903 2121 1010 2163 eorum
1034 2098 1247 2184 implorarent,

147 2216 203 2266 aut
217 2200 302 2265 aliud
318 2199 393 2287 quid
410 2215 561 2287 peterent,
576 2201 626 2266 rel
647 2202 762 2289 gratias
776 2216 915 2289 agerent,
930 2200 980 2266 vel
995 2200 1247 2287 gratularentur:

147 2303 196 2368 vel
212 2302 346 2389 denique
368 2301 556 2388 simpliciter,
571 2301 604 2367 in
626 2303 749 2390 siguum
770 2302 1004 2392 approbationis
1018 2325 1137 2367 eorum.
1182 2303 1249 2366 Res

148 2421 195 2472 est
216 2405 375 2470 notissima
399 2404 445 2486 (in
471 2404 599 2491 regibus
620 2404 724 2469 adhuc
746 2406 866 2492 durat‚)
890 2421 922 2471 et
943 2406 1087 2494 exempla
1110 2404 1245 2491 ubique:

148 2509 211 2574 rid.
233 2507 352 2573 Alcest.
371 2526 441 2591 194.
467 2505 649 2590 Sophoclem
673 2506 752 2572 OEd.
775 2510 857 2595 Tyr.
882 2523 954 2592 779.
978 2509 1150 2573 Arrianum
1175 2507 1249 2571 Dis-

148 2624 220 2677 sert.
237 2611 264 2674 1.
288 2631 334 2696 19.
373 2612 474 2674 Senex
492 2608 599 2696 itaque
614 2632 672 2695 pro
686 2632 772 2674 more
793 2612 926 2697 gratiam
941 2612 1022 2676 hanc
1036 2611 1249 2700 exspectabat,

147 2728 243 2800 atque
257 2712 337 2777 hanc
352 2711 610 2799 exspectationem
633 2726 725 2798 gestu
745 2712 851 2799 aliquo
866 2713 1052 2799 significasse
1068 2736 1248 2800 supponen-

148 2815 209 2879 dus
223 2829 278 2879 est.
325 2813 386 2878 Sed
403 2814 654 2902 Clytaemnestra,
669 2836 766 2878 morae
788 2814 963 2902 impatiens,
981 2816 1074 2903 jubet
1088 2839 1159 2881 eum
1178 2839 1250 2904 per-

147 2940 221 3004 gere
236 2931 383 3002 tanquam
401 2915 459 2979 hoc
473 2914 596 3001 signum
611 2915 795 3000 accepisset:
818 2921 902 3005 quod
918 2920 962 2983 ud
982 2923 1126 2984 deutrum
1147 2941 1247 2983 meum

148 3021 321 3084 attinetur
343 3027 494 3091 cunctere,
514 3019 544 3082 ai
564 3017 642 3105 quid
663 3018 853 3082 intermitti
874 3021 986 3085 dicere.
1031 3022 1195 3087 Reticetur
1214 3022 1247 3087 in

148 3119 324 3184 narratione
337 3120 418 3182 aetio
430 3117 536 3204 aliqua
549 3117 639 3196 senis,
654 3120 704 3181 vel
714 3127 838 3206 gestata
850 3143 943 3206 quern
960 3135 1150 3209 spectatores
1164 3123 1249 3187 vide-

149 3223 242 3287 bant:
265 3220 530 3309 quemadmodum
562 3219 676 3284 Martae
701 3221 793 3300 actio,
817 3222 867 3286 vel
896 3223 1102 3310 apprehensio
1130 3224 1248 3310 pedum

149 3323 278 3389 Domini
307 3323 403 3387 nostri
434 3323 464 3387 in
495 3324 555 3388 isto
583 3323 626 3386 D.
649 3323 782 3387 Joannis
812 3341 862 3387 20.
891 3341 940 3401 17.
976 3324 1029 3405 Μή
1057 3351 1115 3406 μον
1143 3327 1249 3390 dureo.

151 3427 304 3491 MARK.
350 3428 430 3490 Haec
444 3424 520 3489 mihi
535 3424 628 3512 plane
643 3423 831 3490 incredibilis
845 3449 910 3490 esse
932 3427 1146 3514 interpretatio
1161 3427 1249 3493 vide·

150 3541 214 3590 tur.
256 3527 344 3591 Nihil
360 3527 446 3591 aliud
464 3528 531 3592 haec
545 3527 641 3591 rerba
656 3527 828 3613 significare
849 3543 981 3615 possunt
995 3551 1089 3616 quam
1100 3551 1162 3616 per
1175 3530 1251 3593 dea·

150 3638 233 3693 hum
256 3639 285 3694 te
305 3652 368 3708 oro,
390 3652 445 3693 nec
467 3629 647 3693 indecorum
669 3630 728 3692 hoc
752 3644 799 3694 est
820 3630 947 3718 reginae,
967 3631 1000 3694 in
1022 3654 1060 3695 eo
1078 3630 1247 3717 prasertim

150 3756 215 3818 quo
228 3732 365 3818 agitatur
379 3731 475 3796 animi
489 3748 588 3809 motu,
604 3755 660 3818 per
675 3731 817 3796 dextrum
839 3756 949 3819 rogare
963 3734 1095 3797 παλαιὸν
1109 3732 1251 3814 δωμάτων

151 3835 255 3916 λάτριν
270 3858 309 3898 ne
322 3850 487 3899 cunctetur
501 3835 604 3920 eloqui
620 3856 693 3920 quta
708 3835 840 3900 dicenda
854 3835 979 3901 habeat.

195 3939 269 4019 867.
283 3935 323 4021 γ’]
344 3936 545 4000 Scribendnm
561 3935 589 4017 μ’
605 3959 676 4000 cum
694 3939 845 4001 Porsono.

197 4041 269 4123 869.
285 4039 313 4121 μ’
331 4041 365 4103 ἐν
379 4038 508 4103 codices.
531 4037 566 4117 δή
580 4064 617 4118 με
632 4037 712 4102 Ald.

197 4143 271 4223 872.
286 4140 366 4226 ποθ’]
384 4139 461 4204 πεῖθ’
478 4139 563 4203 Flor.
583 4159 610 4202 1.
628 4158 657 4204 s.

197 4245 270 4328 873.
288 4243 360 4306 880.
378 4247 491 4306 κτενεῖν
506 4239 686 4303 Elmsleius.
726 4241 816 4306 Libri
834 4249 960 4307 κτανεῖν.

197 4347 269 4429 875.
285 4349 337 4423 τῆς
349 4344 479 4408 codices.
502 4343 557 4422 τὴν
571 4341 648 4406 Ald.

198 4447 269 4510 881.
287 4444 385 4529 λάβῃ]
401 4443 495 4524 λάβοι
508 4445 537 4508 F
540 4442 594 4508 lor.
615 4464 640 4506 1.
659 4462 688 4507 2.
