2864 4914
168 267 235 335 ³94
532 270 911 335 ANNOTATIONES

166 460 227 501 nus
249 438 356 526 prodit
376 450 440 505 abu
467 462 484 502 a
510 458 603 526 poeta
624 441 745 519 Attico,
769 442 822 505 sed
845 464 864 504 a
886 438 1090 527 grammatico
1112 461 1177 502 esse
1199 461 1274 504 con-

166 541 268 605 fictos.

213 644 282 708 180.
301 645 339 708 δν
355 645 501 729 Scaliger.
528 645 616 709 Libri
633 646 682 722 δν,
698 646 785 733 quod
800 643 1019 709 revocandum.
1047 643 1140 721 Quod
1156 666 1274 730 praeoe-

167 745 215 809 dit
230 747 318 814 αὐτὸς
339 770 400 811 non
423 746 484 812 alia
503 748 543 811 de
564 772 673 813 caussa
691 749 835 813 additum
859 763 906 812 est
923 769 1020 834 quam
1037 761 1073 809 ut
1089 769 1196 810 versus
1215 770 1275 811 ex-

168 850 319 935 pleretur.

217 953 393 1034 184-192.
408 951 474 1037 τάχ’
491 954 806 1038 οῦν-στρατηλάτου]
834 951 1120 1039 Impudentissimoe
1143 950 1201 1015 hoc
1223 968 1274 1015 est

166 1052 196 1116 in
213 1053 358 1117 omnibus
372 1077 445 1140 quae
461 1071 628 1143 supersunt
644 1056 752 1141 tragici
772 1056 899 1133 fabulis,
916 1054 1085 1142 Iphigenia
1099 1054 1272 1118 Aulidensi

49 1202 55 1211 .
166 1171 307 1242 excepta,
322 1156 567 1242 interpolationis
589 1159 779 1246 exemplum.
825 1160 907 1223 Nam
932 1158 988 1222 hos
1010 1180 1138 1244 quoque
1161 1180 1271 1222 versus

166 1281 227 1321 non
244 1259 284 1322 ab
300 1259 457 1348 Euripide
471 1285 536 1325 esse
551 1262 718 1348 profectos,
734 1260 787 1324 sed
811 1260 851 1325 ab
866 1261 1015 1348 scriptore
1031 1259 1137 1323 multis
1158 1258 1272 1323 seculis

165 1361 345 1442 recentiore,
359 1364 459 1426 omnis
474 1378 505 1427 et
519 1363 677 1449 coff'tandi
695 1380 727 1427 ct
744 1363 911 1449 eloquendi
935 1363 1164 1449 sententiasque
1187 1363 1272 1427 inter

165 1487 197 1527 se
212 1465 414 1529 connectendi
430 1465 509 1529 ratio
523 1465 625 1543 docet,
641 1465 844 1551 omniumque
858 1467 991 1529 maxime
1003 1465 1097 1528 rerba
1111 1478 1272 1551 postrema

164 1566 335 1631 ostendunt
357 1569 392 1631 οὗ
412 1568 498 1653 χρείη
520 1571 624 1635 πόλεις
644 1569 758 1632 πολλοὶ
773 1566 906 1632 διώλοντ’
923 1571 1033 1635 ἐνδεεῖς
1050 1569 1269 1648 στρατηλάτου.

167 1671 279 1756 Neque
295 1672 477 1752 ἀφηγεῖσθαι
491 1671 588 1735 verbo
604 1695 678 1735 usus
694 1686 774 1735 esset
788 1670 960 1756 Euripides
976 1694 1005 1732 v.
1025 1673 1095 1735 186.
1113 1671 1166 1734 ubi
1190 1670 1272 1735 nihil

166 1772 369 1850 narrandum,
389 1772 444 1835 sed
465 1773 545 1836 ratio
564 1789 686 1838 tantum
710 1789 757 1837 est
779 1772 948 1837 reddenda.
994 1774 1150 1837 Praeterea
1171 1775 1274 1838 verba

166 1877 325 1938 Πελοπίαν
344 1876 447 1956 παρεὶς
467 1878 564 1959 χθόνα
584 1901 612 1940 v.
632 1877 702 1954 184.
725 1878 793 1940 loco
807 1875 1005 1940 incommodo
1019 1891 1093 1939 sunt
1107 1876 1273 1942 collocata.

166 1977 286 2063 Ejectis
301 1992 405 2040 autem
423 1976 471 2040 his
486 1978 626 2041 versibus
641 1977 771 2041 Adrasti
786 1978 887 2041 oratio
900 1977 1059 2063 aptissima
1074 1979 1182 2042 linitur
1197 2003 1272 2043 sen-

165 2079 262 2142 tentia
276 2103 305 2143 v.
325 2083 505 2164 176-179.
522 2104 617 2166 quam
634 2081 664 2143 in
681 2082 742 2144 fine
762 2079 904 2144 collocari
925 2080 1031 2166 potius
1044 2104 1137 2166 qnam
1155 2083 1275 2148 mediae

164 2181 294 2246 orationi
311 2181 402 2246 inseri
418 2183 590 2270 oportebat.

208 2286 278 2367 187.
295 2286 358 2365 ὠμὴ
374 2288 539 2349 Canterus.
561 2284 629 2364 η’μὴ
644 2285 726 2363 libri,
741 2284 798 2348 nisi
814 2285 900 2371 quod
915 2287 985 2366 ἡμῖν
1001 2288 1088 2352 Flor.
1107 2311 1135 2352 1.

210 2408 279 2469 190.
295 2387 367 2451 τότ’
380 2391 481 2470 οἰκτρὰ
495 2391 553 2470 γὰρ
568 2388 701 2470 δέδορκε]
721 2390 795 2451 Ηοο
806 2411 844 2450 ex
859 2411 887 2450 v.
905 2400 975 2472 179.
991 2392 1123 2477 sumpsit
1134 2393 1276 2478 scriptor

163 2492 274 2554 horum
292 2515 448 2556 versuum.

212 2597 279 2679 198.
308 2594 447 2657 Elmslei.
471 2611 631 2680 comparat
658 2593 833 2657 Andocidis
859 2596 954 2658 verba
978 2619 1007 2682 p.
1025 2617 1055 2679 3.
1075 2598 1127 2661 ed.
1155 2599 1273 2665 Reislr.

164 2698 223 2778 ἐγὼ
240 2700 283 2771 δὲ,
300 2696 323 2761 ιδ
338 2700 450 2778 ἄνδρες,
466 2697 544 2760 πολὺ
558 2696 612 2774 τὴν
627 2697 766 2759 ἐναντίαν
781 2699 895 2763 τούτοις
910 2699 1030 2779 γνώμην
1046 2700 1114 2783 ἔχω.

210 2819 281 2864 201.
298 2804 331 2864 ἐκ
345 2799 534 2881 πεφυρμένου
550 2799 628 2861 Ald.
654 2799 877 2879 ἒκπεφυρμέυον
891 2800 1019 2864 codices

210 2921 282 2966 202.
298 2902 469 2988 θηριώδους]
486 2904 610 2982 θηριώδη
630 2903 700 2964 Par.
716 2904 761 2963 A.

210 3024 280 3088 203.
297 3012 414 3086 πρῶτον
428 3004 557 3068 codices.
583 3011 682 3084 πρῶτα
697 3001 775 3065 Ald.

211 3126 281 3185 207.
299 3110 400 3192 υηδόν]
421 3107 571 3171 Telluris

208 3213 297 3294 τοῖσι]
315 3210 519 3274 Scribendum
530 3213 630 3272 τοῖσδε
645 3231 717 3271 cum
731 3207 918 3273 Blomfielclo
936 3213 1022 3274 Mus.
1037 3213 1225 3301 Cantabrig.
1242 3235 1273 3282 ο.

165 3336 197 3399 p.
212 3314 280 3378 182.

209 3417 278 3480 208.
298 3415 383 3478 αἶθόν
398 3412 422 3477 τ’
439 3414 605 3477 Miltonus.
631 3414 722 3478 αἶθον
738 3414 817 3477 libri.

208 3536 279 3581 211.
297 3523 402 3597 σαφῶς
416 3516 545 3580 codices.
569 3521 653 3597 σαφῆ
669 3515 746 3579 Ald.

209 3638 279 3701 217.
296 3622 406 3701 φρεσὶν
421 3619 551 3682 codices.
576 3623 683 3702 χερσὶν
699 3620 777 3683 Ald.

209 3741 281 3787 221.
307 3725 346 3788 ὣς
368 3723 483 3799 ζώντων
506 3723 596 3809 θεῶν]
620 3725 687 3798 Τυ,
706 3723 820 3809 inquit,
841 3722 919 3785 filias
943 3722 1118 3807 hospitibus
1139 3723 1274 3804 dedisti,

163 3827 290 3889 oraculo
305 3825 452 3901 monituS,
467 3823 599 3910 ideoque
622 3826 675 3903 sic,
693 3840 728 3888 ut
746 3825 801 3911 qui
824 3849 888 3888 esse
911 3824 986 3888 deos
1007 3825 1165 3889 crederes:
1194 3850 1275 3894 mox

163 3946 267 3992 autem
289 3926 516 4013 expeditionem
541 3929 712 4013 suscepisti,
730 3927 877 4013 neglectis
895 3943 1001 3991 ratum
1026 3928 1162 4004 monitis,
1188 3948 1225 3994 ut
1247 3931 1276 3995 si

164 4031 241 4095 uulli
257 4045 357 4094 essent
373 4029 424 4092 dii.
467 4031 617 4093 Refertur
633 4032 702 4108 hoc,
719 4032 834 4105 ζώντων
849 4036 936 4106 θεῶν,
952 4031 992 4094 ad
1008 4031 1156 4111 ἀτιμώσας
1173 4036 1278 4102 θεούς.

164 4159 194 4197 ν.
214 4153 285 4219 230.
311 4134 464 4196 HERM.

208 4259 278 4304 222.
295 4240 389 4322 δῶμα]
410 4244 496 4316 σῶμα
513 4239 585 4299 Ριιι·.
603 4238 687 4299 AB.
705 4237 791 4300 Flor.
813 4259 838 4299 1.
857 4258 885 4299 2.

208 4361 279 4426 225.
304 4344 409 4420 δόμους
427 4340 557 4403 codices
588 4341 705 4420 φόβους
721 4338 796 4402 Ald.
822 4338 1014 4426 Melanippen
1028 4342 1069 4403 fr.
1091 4360 1140 4406 12.
1158 4350 1285 4413 παῖδας

162 4450 297 4527 θυραίους
312 4448 343 4512 ἐς
357 4446 463 4523 δόμους
479 4442 622 4521 ἐκτήσατο
636 4460 797 4529 comparat
814 4441 971 4505 Matthiae.
