2864 4914
184 273 250 340 226
546 276 924 341 ANNOTATIONES

187 449 302 513 Noster
317 445 391 511 Hel.
411 466 504 511 1111.
522 449 548 511 εἰ
562 446 586 511 δ’
601 449 681 529 ἦσθα
698 451 813 531 μετρία,
829 448 928 512 τδλλά
942 446 969 530 γ’
984 448 1088 527 ἡδίστη
1111 448 1188 510 θεῶν
1205 441 1216 530 Ι
1229 440 1284 506 πέ-

186 560 281 635 φυκας
295 553 504 633 άνθράποισιν.
530 553 582 616 οὐκ
597 554 697 620 άλλως
710 553 803 635 λέγω.
829 554 943 615 ELM.

229 656 302 738 631.
321 655 476 737 Κύπρις-
494 652 500 741 Ι
520 656 681 738 εὔχαρις-
699 653 706 742 Ι
723 655 807 735 μή-
825 654 830 741 Ι
849 652 1117 737 χρυσέων-ἐφίης
1131 649 1210 714 Ald.

229 757 318 840 ona]
336 759 427 823 οὕτως
440 758 483 820 Α.
500 770 532 820 11
545 757 686 844 quinque
700 756 761 821 alii.

230 860 303 943 633.
327 857 437 946 τόξων]
454 861 575 922 Arcum
591 874 621 924 et
638 859 765 945 sagittas
781 858 894 923 Veneri
910 857 1020 921 tribuit
1037 869 1141 943 poeta,
1155 867 1288 941 cognata

188 957 315 1022 Veneris
329 973 361 1022 et
376 959 504 1024 Amoris
520 960 647 1024 numina
660 961 866 1025 confundens.
1104 961 1106 966 ’

230 1061 346 1146 ἕφείης]
365 1064 451 1143 ἓφίης
466 1062 543 1127 Ald.
559 1082 590 1128 11
606 1087 678 1151 pars
693 1063 835 1127 codicum
851 1084 922 1126 cum
940 1059 1087 1125 Eustath.
1101 1082 1134 1146 p.
1147 1056 1222 1144 568,
1236 1076 1286 1137 24.

230 1165 301 1247 634.
318 1165 422 1228 οἰστόν
439 1167 610 1230 Porsonus.
650 1166 753 1246 Libri,
771 1181 804 1230 ut
821 1164 932 1242 solent,
948 1166 1062 1228 ὀϊστόν.

230 1270 303 1351 635.
321 1266 458 1355 στέργοι]
475 1268 595 1351 στέργει
609 1268 688 1333 Α111.
705 1283 736 1333 et
750 1269 870 1355 aliquot
885 1267 978 1333 codd.

232 1371 304 1452 636.
319 1369 473 1449 μηδέποτ’
492 1368 576 1454 (libri
591 1369 887 1455 μηδέποτ’)-νείκη]
905 1372 1000 1434 Unus
1014 1392 1131 1434 versus

230 1474 303 1552 640.
319 1472 491 1554 προσβάλοι
507 1477 589 1537 δεινὰ
605 1477 648 1538 Α.
664 1489 695 1538 11
710 1488 827 1560 septem
842 1473 893 1536 alii
908 1473 999 1537 codd.
1031 1472 1177 1536 Aliorum
1193 1471 1286 1534 libro-

186 1596 257 1637 rum
274 1574 349 1638 vitia
360 1590 434 1639 sunt
448 1577 653 1658 προσβάλοιμι
667 1580 761 1654 δεινδ,
773 1575 975 1658 προσβάλοιμ’
988 1574 1011 1639 δ
1024 1578 1106 1641 δεινὰ
1118 1577 1170 1658 (ut
1181 1572 1287 1653 Ata),

186 1676 409 1758 προσβάλλοιμ’
432 1676 454 1741 δ
477 1678 570 1743 δεινά.
607 1681 712 1766 Prope
733 1702 753 1742 a
776 1702 848 1743 vero
865 1680 954 1743 abest
977 1680 1067 1743 Lasc.
1094 1677 1287 1759 προσβάλλοι

186 1778 276 1842 δεινά.

230 1881 430 1965 ἀπτολέμους]
449 1882 617 1962 άπολέμονς
632 1882 710 1947 Ald.
726 1898 757 1948 et
772 1883 863 1948 codd.
880 1880 1034 1947 nonnulli.

230 1984 302 2062 642.
321 1984 427 2070 κρίνοι]
445 1988 536 2066 κρίνει
552 1984 627 2048 ΑΙά.
657 1992 752 2067 κρῖναι
767 1985 941 2050 scholiasta.

229 2087 428 2170 645-650.
465 2088 518 2151 τὸν
532 2126 575 2136 -
594 2087 599 2174 Ι
619 2088 857 2171 δυσπέρατον-
877 2087 882 2175 Ι
901 2085 1096 2167 οἰκτροτάτων
1109 2122 1152 2134 -
1171 2082 1177 2171 Ι
1196 2083 1288 2148 θανά-

186 2213 271 2273 τιρ-
289 2188 294 2276 Ι
314 2189 471 2270 ἂμέραν-
490 2191 495 2277 Ι
515 2192 610 2255 οὐκ-
629 2191 634 2277 Ι
653 2190 878 2272 ἢ-στέρεσθαι
893 2189 969 2253 Ald.

231 2295 304 2375 645.
323 2295 490 2376 ἀμαχανίας
505 2292 685 2357 Elmsleius.
720 2295 886 2376 ἀμηχανίας
901 2291 983 2356 libri.

230 2397 410 2479 649-651.
427 2394 758 2479 ἁμέραν-στέρεσθαι]
784 2396 865 2458 Haec
887 2395 918 2458 in
942 2416 1042 2458 unum
1063 2413 1188 2456 versum
1210 2413 1284 2455 corr-

183 2496 358 2582 jungenda‚
373 2514 405 2561 et
420 2497 450 2560 in
465 2496 662 2584 antistrophe
675 2499 855 2563 660-662.
871 2498 912 2578 μὴ
926 2497 1171 2579 φίλους-ἔσται.

230 2602 304 2682 649.
320 2598 434 2680 δμέραν
449 2599 528 2664 τάνδ’
546 2600 733 2687 ἓξονύσασα]
757 2601 826 2681 πρὶν
848 2600 962 2681 ἁμέραν
983 2597 1063 2662 τάνδ’
1080 2598 1221 2677 ἐξανύσαι
1242 2598 1285 2658 Α.

187 2725 204 2764 a
220 2718 403 2781 correctore,
418 2727 456 2767 ex
471 2703 666 2789 glossemate.

232 2808 306 2890 650.
322 2808 444 2888 μόχθων
460 2805 499 2890 δ’]
518 2806 542 2870 δ’
557 2828 620 2869 001.
636 2804 755 2892 aliquot
769 2803 862 2869 codd.

230 2914 305 2992 651.
320 2908 458 2991 πατρίας]
476 2906 612 2992 πατρῴας
629 2910 671 2970 Α.

232 3014 307 3096 657.
323 3009 475 3098 ᾤκτειρεν]
496 3009 701 3074 Scribendum
719 3007 845 3096 ᾤκτισεν
859 3031 930 3072 cum
948 3007 1144 3094 Musgravio.
1176 3006 1287 3090 Neque

189 3112 269 3175 enim
297 3112 444 3177 credibile
470 3128 516 3176 est
545 3111 684 3197 ᾤκτειρεν
712 3112 846 3176 scribere
870 3111 1014 3175 maluisse
1043 3126 1165 3198 poetam
1192 3129 1286 3194 quam

188 3213 323 3299 ᾤκτισεν,
339 3215 424 3300 quod
440 3213 544 3280 versui
559 3214 716 3303 strophico
730 3228 873 3277 accurate
887 3214 1064 3299 respondet.

233 3318 305 3400 658.
322 3317 505 3401 δεινότατον]
523 3319 678 3380 δεινότατα
692 3315 813 3380 codices
829 3315 981 3402 plerique.

233 3421 307 3502 659.
345 3417 783 3499 πάρεστι-άνοίξαντα-ἒμοὶ
818 3421 873 3499 μὲν
905 3419 989 3481 Α.Β.
1019 3417 1142 3504 aliique.
1186 3415 1288 3501 Vulgo

189 3519 670 3601 παρέσται-άνοίξαντι-κάμσί.

233 3624 306 3700 664.
323 3621 444 3705 φίλους]
463 3624 565 3702 φίλοις
579 3626 621 3687 Α.
638 3638 670 3687 11
686 3621 763 3688 Α111.

232 3724 306 3785 666.
331 3724 499 3807 ἔπιστροφᾷ
514 3724 592 3787 Α111.
610 3727 701 3789 Lasc.
734 3727 908 3810 ἓπιστρωφᾷ
932 3728 1021 3791 Α.Ε.
1040 3727 1181 3813 [aliique]
1202 3725 1287 3811 quod

191 3839 221 3890 ct
237 3823 379 3912 analogia
394 3825 539 3911 ρο51111111.
565 3829 596 3889 Α
614 3828 691 3907 νέμω
706 3829 787 3891 enim
805 3834 917 3912 νωμζιν,
932 3854 951 3893 a
966 3829 1086 3912 στρέφω
1102 3833 1255 3912 στρωφᾷν,
1271 3851 1290 3890 a

190 3927 286 4010 τρέπο
301 3932 420 4011 τρωπᾷν
439 3928 575 3993 formant
592 3931 707 3994 Graeei.
755 3931 863 3995 Solum
887 3932 1023 4011 πέτομαι,
1038 3948 1192 4018 quantum
1217 3930 1290 4009 scio,

190 4045 222 4093 11
236 4034 385 4093 ποτᾶσθαι
399 4044 430 4093 et
443 4036 598 4096 πωτδσθαι
611 4032 695 4097 facit.
719 4034 821 4097 POR.

233 4132 308 4194 668.
325 4131 467 4220 ἐστάλης]
486 4133 595 4202 ἱκάνεις
610 4135 685 4199 Ald.

234 4237 307 4318 673.
329 4235 381 4297 οὐκ
398 4236 490 4314 ἐσμὲν
505 4236 590 4316 εὐνῆς
606 4239 709 4321 ἄζυγες
724 4241 884 4323 γαμηλίου]
911 4239 1081 4302 Scholiasta
1097 4253 1159 4302 tres
1175 4259 1290 4300 memo-

189 4355 237 4405 rat
254 4360 366 4403 uxores
382 4337 562 4414 Pandionis,
579 4340 710 4425 primam
727 4341 885 4420 Melitam,
902 4342 1069 4406 secundam
1087 4341 1290 4426 Chalciopen,
