2864 4914
334 303 402 367 AD
426 302 731 369 lPHlGENIAM
755 302 1087 369 AULIDENSEM.
1194 303 1262 375 489

158 472 321 560 proximae
340 475 508 540 sententiaa
527 490 656 562 spectat.
704 474 875 563 Lentingio
889 475 942 539 καθ
962 472 1161 540 scribendum
1174 474 1261 540 vide-

161 574 266 639 batur.

204 692 279 760 397.
294 680 375 757 ταρά
391 676 549 742 Βοὶςλὶιιι.
571 678 649 759 πέρα
663 675 743 742 libri.

205 778 297 861 δίκης]
329 778 536 843 Scribeudum
562 782 646 857 δίκην
668 798 740 842 cum
771 778 921 843 Poraono.
966 777 1158 866 Hesychius,
1180 781 1263 862 ταρλ

163 880 264 958 δίκηνε
288 883 369 962 παρά
384 880 418 945 τθ
433 882 555 944 δίκαιον.

204 998 279 1064 407.
295 989 528 1066 συσσωφρονεῖν
541 1009 592 1048 σοι
605 983 744 1066 βούλομ’,
759 982 828 1048 ἀλλ’
844 983 880 1048 οὔ
894 987 1056 1047 συννοσεῖν
1068 980 1151 1048 libri.
1185 983 1263 1047 Cor-

162 1097 282 1147 rectum
297 1108 337 1149 ex
353 1085 441 1149 Plut.
458 1086 545 1149 Mor.
559 1108 592 1173 p.
607 1087 651 1166 64
666 1087 706 1151 C.

205 1205 279 1267 412.
299 1188 384 1271 αὔχει
400 1187 609 1274 Tyrwhittua.
647 1187 830 1274 Legebatur
843 1187 956 1271 αιἰχεῖς.

205 1308 278 1374 4¹3·
302 1291 411 1371 φίλους
432 1287 456 1352 τ’
473 1291 517 1354 ἐπ’
533 1290 662 1377 ἀλλους]
683 1290 788 1355 Verba
808 1290 939 1355 fortaaoe
959 1311 1022 1354 non
1044 1288 1086 1353 ab
1107 1287 1263 1374 Euripide

163 1405 287 1477 scnpta.

204 1513 389 1575 414-441.
410 1495 505 1558 Hanc
519 1493 774 1559 declamationem
788 1492 891 1557 nuntii
906 1492 1026 1579 quique
1039 1514 1108 1556 eam
1123 1509 1263 1579 sequun-

163 1610 215 1661 tur
229 1596 295 1660 duo
309 1617 417 1660 versus
431 1596 681 1682 Agamemnonis
699 1595 741 1660 ab
755 1595 880 1660 homine
894 1594 1087 1682 ineptiaaimo
1100 1616 1166 1659 ease
1178 1616 1263 1659 oom-

162 1699 294 1786 positam
310 1713 393 1763 recte
402 1697 558 1785 judicavit
573 1699 616 1762 L.
632 1697 828 1775 Diodordus,
842 1698 933 1785 cujus
948 1697 1016 1762 haeo
1030 1711 1078 1761 eat
1090 1695 1131 1761 ad
1143 1718 1175 1760 v.
1185 1711 1263 1782 425.

72 1825 78 1839 ’
162 1802 330 1867 annotatio.
353 1809 375 1841 “
386 1803 535 1867 adnuerat
556 1803 615 1883 γάρ
630 1800 766 1882 στράτος,
782 1807 889 1883 ταχεῖα
910 1803 943 1864 δὲ
965 1803 1046 1879 διῇξε
1066 1798 1150 1882 φήιη
1170 1803 1264 1864 rana

162 1905 221 1984 σὴν
243 1904 421 1988 ἀφιγμένην.
467 1903 579 1968 Mirari
601 1925 675 1968 aane
696 1902 781 1967 subit
802 1917 850 1967 tot
867 1902 1006 1967 virorum
1026 1901 1191 1967 dootorum
1204 1899 1263 1988 qui

162 2006 194 2069 in
220 2005 416 2070 emendanda
438 2005 497 2070 hac
520 2005 629 2071 fabula
650 2004 763 2070 versuti
788 2020 861 2069 aunt
884 2005 965 2070 haue
982 2003 1075 2092 plane
1098 2003 1262 2068 barbaram

162 2108 333 2172 orationem
355 2108 542 2186 contraxisse,
568 2105 650 2195 διῇξε
673 2107 756 2190 φήμη
781 2113 872 2172 παῖδα
895 2107 953 2186 σήν
974 2105 1154 2190 ἀφιγμένην.
1195 2105 1263 2170 Ubi

162 2210 290 2298 quidem
319 2216 412 2275 παῖδα
437 2209 496 2288 σήν
524 2208 694 2291 ἀφιγμένην
715 2225 772 2274 aut
794 2209 835 2274 ab
858 2214 939 2296 διῇξε
966 2206 1117 2295 pendebit
1141 2219 1198 2272 aut
1223 2231 1262 2272 ex

163 2313 256 2393 φήμη.
302 2311 335 2377 Si
358 2310 456 2397 prius,
476 2310 584 2397 inepta
604 2311 760 2377 enascitur
780 2310 949 2375 sententia:
972 2331 1081 2374 rumor
1099 2308 1265 2375 concitavit

162 2412 257 2477 filiam
273 2426 360 2477 tuam
376 2411 439 2476 huc
452 2412 623 2499 profectam
632 2437 643 2492 3
666 2413 712 2476 ain
727 2412 872 2491 alterum,
889 2413 933 2477 uti
948 2411 1026 2490 dixi,
1041 2410 1133 2500 plane
1146 2411 1262 2476 barba·

162 2539 233 2580 rum
252 2527 300 2580 eat
321 2518 402 2602 διῇξε
422 2514 505 2596 φήμη
526 2520 620 2579 παῖδα
633 2516 694 2594 σήν
708 2513 886 2597 ἀφιγμένην,
902 2514 989 2602 quod
1008 2529 1065 2579 aut
1083 2513 1187 2582 παιδὸς
1208 2518 1264 2594 σῆς

163 2617 330 2701 ἀφιγμένης
342 2631 399 2681 aut
413 2620 506 2681 παῖδα
520 2617 579 2695 σὴν
593 2618 722 2701 ἀφῖχθαι
736 2618 907 2681 necessario
920 2615 1088 2681 dicendum
1101 2629 1180 2679 erat.
1218 2616 1264 2681 Et

163 2721 222 2784 hoc
237 2719 364 2805 quidem
388 2732 510 2783 tantum
533 2718 644 2783 vitium
668 2718 791 2784 tantula
813 2718 986 2783 mutatione
1006 2716 1145 2795 tolletur,
1166 2716 1264 2782 iuter-

163 2822 332 2908 puuotione
353 2819 448 2885 modo
473 2843 644 2908 parumper
663 2820 845 2886 emendata:
869 2821 1018 2886 πέπυσται
1045 2823 1104 2903 γδρ
1127 2821 1263 2902 στρατὸς,

163 2930 269 3008 ταχεῖα
294 2924 327 2986 δὲ
350 2923 431 3009 διῇξε
462 2922 555 3004 φήμη,
581 2929 673 2987 παῖδα
701 2923 758 3002 σήν
779 2916 962 3006 ἀφιγμένην.
1009 2921 1106 2987 Unde
1128 2935 1162 2986 et
1184 2921 1265 2987 illud

163 3023 319 3089 oomrnodi
331 3039 496 3088 enaaeetur
508 3024 596 3111 quod
610 3024 695 3089 istud
710 3025 858 3091 πέπυσται
871 3029 929 3108 γδρ
944 3027 1070 3108 στρατός
1079 3023 1146 3110 jam
1161 3024 1265 3090 minua

163 3148 259 3212 quam
281 3140 374 3190 antea
387 3126 472 3189 nude
486 3139 518 3190 et
535 3127 644 3213 jejune
664 3126 784 3191 dictum
798 3142 855 3192 eat.
900 3129 1011 3213 Atque
1024 3126 1143 3191 utinam
1159 3127 1265 3193 omnia

163 3251 236 3315 quoe
262 3226 335 3292 huic
358 3227 426 3292 Ιοοο
450 3250 548 3315 prava
572 3228 680 3293 ineunt
705 3243 769 3294 tam
795 3228 877 3294 facili
902 3251 998 3315 opera
1023 3228 1263 3316 oorrigereutur.

165 3330 340 3394 Barbarum
355 3328 437 3393 euim
452 3331 591 3417 eoquod
610 3330 705 3396 modo
718 3331 911 3396 excussimus
929 3352 992 3394 non
1007 3329 1112 3394 minua
1125 3344 1172 3394 eat
1186 3330 1265 3396 illud

164 3455 255 3496 versu
269 3432 364 3512 418.:
387 3431 481 3514 μήτηρ
495 3432 520 3497 δ’
536 3436 660 3516 ὁμαρτεῖ
674 3438 730 3513 σῇς
751 3432 1016 3515 Κλυταιμνήστρας
1029 3432 1119 3513 δέμας
1133 3433 1182 3498 nal
1194 3440 1266 3501 ταῖς

162 3533 317 3617 Ὀρέστης,
334 3537 413 3600 ὥστε
430 3537 587 3617 τερφθείης
609 3538 690 3612 ίδῖιν,
704 3538 818 3620 χρόνον
832 3535 965 3600 παλαιὸν
977 3535 1120 3616 δυμάτιιν
1142 3536 1266 3616 ἔκδημος

116 3694 117 3698 ,
163 3638 213 3702 ὤν.
260 3638 327 3704 Ubi
342 3637 368 3702 ai
383 3637 461 3702 illud
475 3639 554 3702 ὥστε
568 3640 725 3721 τερφθείης
739 3640 810 3703 ίδάν
823 3661 863 3702 ex
877 3636 984 3702 nuncii
999 3659 1131 3724 peraoua
1143 3637 1264 3702 dictum

162 3753 221 3818 eet,
248 3741 327 3805 dore
348 3742 506 3823 τερφθείης
530 3740 570 3805 δν
595 3742 664 3805 ίδάν
684 3740 835 3827 seriptum
866 3737 1025 3826 oportuit3
1048 3738 1095 3803 aiu
1124 3761 1164 3803 ex
1191 3736 1267 3825 Cly-

165 3855 363 3920 taemneetrae,
378 3845 457 3910 ὅπως
470 3844 627 3926 τερφθείης
641 3845 721 3908 lton.
760 3843 812 3907 Ita
825 3864 957 3928 quoquo
971 3854 1002 3905 te
1018 3840 1156 3920 verteris,
1171 3839 1267 3905 inevi-

165 3942 268 4008 tabilia
283 3944 439 4009 barbaries
453 3945 585 4010 orationi
599 3945 783 4011 adhaerebit.
825 3947 928 4024 Quam
944 3943 1037 4009 video
1049 3943 1177 4031 quidem
1193 3943 1268 4008 aub-

163 4044 262 4109 latum
279 4045 316 4109 iri
330 4047 513 4134 corrigendo
528 4049 567 4116 ὦς
580 4074 609 4113 τι
621 4049 778 4131 τερφθείης
795 4049 883 4113 trun:
909 4045 962 4112 aed
977 4046 1129 4133 frigidum
1144 4045 1224 4110 illud
1238 4047 1271 4110 τί

164 4148 235 4234 quia
250 4170 312 4212 nou
328 4148 439 4213 sentiat
453 4148 614 4214 sententiae
636 4171 747 4214 nocere
767 4147 949 4236 plusquam
972 4147 1142 4236 prodesse?
1165 4149 1268 4213 Porro

163 4250 204 4315 ad
227 4249 280 4314 illa
300 4249 351 4315 fac
372 4250 511 4315 animum
536 4249 682 4316 advertas
702 4274 730 4314 ιι.
749 4271 824 4334 420.
849 4250 917 4317 ἀλλ’
945 4253 983 4319 ὥς
1001 4254 1118 4333 μακρὰν
1142 4251 1267 4329 ἔτεινον,

164 4356 286 4436 εὔρυτον
307 4356 388 4435 ταρά
413 4353 522 4435 κρήνην
548 4356 742 4438 ἀναψύχουσι
765 4357 917 4436 θηλύπουν
938 4354 1042 4434 βόσιν.
1089 4354 1135 4444 In·
1151 4352 1268 4440 quibua

164 4455 291 4521 minime
305 4478 440 4543 agnosco
456 4457 601 4522 Graroam
615 4457 806 4523 orationem:
830 4459 870 4525 ὥς
883 4454 965 4521 enim
991 4470 1026 4521 ut
1040 4467 1160 4522 rectum
1171 4469 1268 4532 earet,
