2864 4914
204 287 247 349 50
566 281 944 348 ANNOTATIONES

246 473 320 537 421.
343 456 527 535 πεντήκοντα
547 453 576 537 γ’
591 456 718 536 ἅμααραι
739 454 851 519 τέκνων
873 453 961 518 Flor.
983 451 1049 516 duo
1063 462 1095 516 et
1117 449 1306 516 Eustathius

204 581 236 646 p.
250 560 326 642 639,
339 571 390 642 57.
406 556 590 635 πεντήκοντά
602 556 631 640 γ’
646 558 762 639 ίίμοιροι
777 558 863 621 B.H.
879 555 994 642 aliique
1011 553 1163 618 nonnulli.
1198 553 1306 631 aer-nl-

205 660 283 726 νοντ’
300 663 415 744 φμοιροι
429 660 542 726 τέκνων
555 675 627 725 octo
639 657 701 723 alii.
734 657 904 739 πεντήκοντ’
920 659 1037 739 ἄμοιροι
1050 656 1086 736 δὴ
1099 654 1212 721 τίκνυυ
1225 654 1304 719 Ald.

204 765 317 829 Veram
340 763 525 851 scripturam
546 762 716 828 Elmsleios
736 761 839 850 glossa
855 759 1006 848 Hesychii
1028 758 1234 835 confirmavit,
1249 757 1305 844 qui

203 866 233 947 γ’
248 868 375 948 ἃμμοροι
395 888 454 952 pro
471 866 618 949 γάμμοροι
639 864 768 952 accepit,
785 863 952 946 Γάμμοροιτ
977 863 1128 946 ἀμέτοχον,
1145 861 1305 945 ἐστερημέ-

204 996 258 1035 νοι.
305 970 433 1058 Duplici
449 992 553 1034 errore
573 967 660 1057 apud
682 966 812 1033 Suidam
829 967 1005 1048 Γάμβοροςε
1029 965 1218 1048 ὁᾶμίτοχος.
1265 967 1305 1028 In

201 1070 303 1137 lexico
317 1071 495 1159 Upsaliensi
511 1071 597 1158 apud
612 1069 761 1135 Aurivill.
776 1092 809 1156 p.
828 1089 877 1133 10.
894 1068 1093 1151 Γάμβορος,ὴ
1111 1068 1273 1151 γάμμορος,
1289 1070 1305 1131 ὁ

202 1174 357 1257 ἀμέτοχος.
404 1173 504 1238 Simili
526 1171 704 1261 corruptela
724 1170 811 1260 apud
836 1171 1032 1258 Hesychium
1056 1174 1232 1253 δομῶροφον
1246 1187 1305 1247 est,

201 1275 289 1363 quod
303 1299 343 1341 ex
358 1275 383 1340 δ’
399 1279 560 1359 ὁμόροφον
577 1275 700 1341 videtur
714 1275 872 1339 coaluisse.

241 1399 318 1463 425.
334 1378 357 1444 ὦ
374 1379 501 1444 Canteri
517 1378 625 1444 editio.
649 1377 672 1442 b
688 1377 764 1442 Ald.
781 1391 824 1456 et,
839 1391 876 1441 ut
889 1377 1027 1456 videtur,
1043 1376 1174 1441 codices.

245 1483 366 1567 ἀθλίας]
393 1483 599 1547 Scribendum
616 1504 707 1546 sensu
722 1480 901 1568 postulante
915 1482 1006 1546 ἀθλία
1018 1502 1090 1544 cum
1114 1477 1307 1542 Marklando

201 1582 243 1646 ad
260 1584 364 1671 Iphig.
382 1587 423 1648 Τ.
443 1605 535 1670 1490.
571 1586 692 1648 Locum
710 1583 900 1649 simillimum
917 1586 1019 1650 Orest.
1040 1601 1132 1669 1029.
1147 1605 1307 1668 compara-

201 1685 248 1749 vit
263 1689 432 1764 Porsenna,
449 1685 595 1767 ὦμίλεος
616 1689 695 1766 ἥβης
716 1692 781 1767 σῆς,
796 1685 939 1769 Ὀρέστα,
955 1688 1004 1751 καὶ
1021 1688 1133 1766 πότμου
1151 1685 1158 1773 Ι
1177 1684 1306 1750 θανάτου

201 1787 225 1852 τ’
238 1791 345 1872 ἀώρου.

243 1895 320 1972 446.
335 1891 431 1981 χαῖρ’]
447 1891 525 1976 χαῖρ’
542 1891 565 1955 ὦ
579 1890 672 1957 codd.
689 1892 791 1957 multi.

244 1995 344 2076 τέμοι
359 1995 519 2060 Matthiae.
549 1993 575 2059 τ’
592 1998 660 2074 ἐμοί
674 1995 766 2060 codd.
781 1997 1045 2084 quattuordecim,
1061 1995 1143 2059 inter
1159 2017 1239 2081 quos
1262 1996 1303 2073 B,

201 2113 233 2163 et
248 2098 421 2164 scholiasta.
445 2097 469 2161 τ’
487 2097 541 2178 ἐμή
558 2100 604 2162 H.
620 2098 735 2185 aliique
750 2099 891 2163 nonnulli
905 2122 976 2163 cum
993 2098 1071 2164 Ald.

244 2218 318 2284 427.
336 2202 420 2283 loru
433 2202 503 2265 τόδε
518 2202 562 2264 Η.
578 2200 694 2290 aliique
709 2203 849 2267 nonnulli
861 2226 932 2267 cum
945 2201 1119 2269 scholiasta.
1143 2202 1210 2266 ἔστι
1223 2199 1303 2285 χαρά

204 2303 281 2367 Ald.

245 2407 318 2484 428.
336 2409 431 2487 Θρῃξὶ
447 2408 661 2470 Hermannus.
700 2407 797 2493 Θρᾳξὶ
812 2408 892 2472 libri.

243 2525 319 2591 429·
334 2507 375 2596 δ’]
390 2506 417 2590 γ’
435 2509 481 2573 Η.
496 2522 529 2572 et
544 2522 606 2572 tres
620 2509 681 2574 alii.

243 2628 318 2694 430.
335 2607 516 2697 ουγκλῄσει]
534 2610 736 2676 scribebatur
750 2614 936 2695 συγκλείσει.

244 2730 320 2796 432.
334 2711 363 2791 μ’
378 2735 441 2777 orn.
459 2712 546 2777 Flor.
562 2728 722 2799 quattuor.

243 2834 319 2900 434.
334 2813 421 2892 τήνδε
436 2813 460 2876 τ’
477 2816 565 2879 Β.Η.
600 2816 679 2896 τήνδ’
695 2816 734 2881 ἔτ’
750 2817 830 2881 Ald.

245 2935 287 3001 43
290 2936 323 3000 5.
347 2917 430 2981 Cum
456 2916 578 2983 delectu
601 2918 738 3006 positum
765 2922 877 2999 ὄνομαε
901 2918 1053 3006 significat
1076 2919 1158 2983 enim
1186 2943 1218 2984 sc
1240 2942 1304 2984 non

201 3018 259 3083 nisi
274 3019 399 3084 nomine
414 3035 505 3085 tenus
520 3023 590 3087 luce
603 3021 708 3087 adhuc
721 3022 799 3087 frui.
822 3022 1012 3086 ΜΑΤΤΗ.

243 3124 317 3208 436.
333 3125 450 3209 ξίφους]
469 3124 632 3213 Polyxena
644 3146 705 3188 non
721 3123 842 3188 incedet
853 3124 935 3190 inter
945 3128 1032 3208 ξίφος
1045 3139 1078 3190 et
1091 3125 1205 3206 avpdv:
1229 3147 1302 3189 nam

200 3223 241 3288 de
256 3225 347 3312 cujus
361 3228 442 3309 ξίφει
457 3227 561 3315 potuit
575 3227 685 3314 loqui?
709 3227 830 3291 Dicunt
849 3226 889 3292 de
905 3226 1030 3316 Ulyssis
1050 3226 1156 3314 gladio
1170 3251 1236 3293 esse
1256 3227 1304 3293 in-

201 3325 416 3414 telligendum,
433 3329 487 3394 sed
502 3329 623 3395 facilius
636 3343 684 3393 est
697 3328 796 3406 dictu,
812 3352 907 3416 quam
926 3329 1094 3395 intellectu.
1140 3329 1301 3417 Equidem

197 3429 301 3518 jungo
322 3434 426 3514 ξίφους
449 3433 496 3497 καί
514 3438 617 3516 πυρᾶς,
632 3446 664 3496 et
685 3431 753 3497 baec
772 3432 838 3497 duo
857 3433 950 3498 simul
969 3456 1035 3497 esse
1055 3432 1114 3497 viae
1134 3434 1304 3497 terminum

201 3548 292 3620 puto.
339 3535 438 3599 Poeta
452 3536 556 3616 ξίφους
570 3533 726 3599 duntaxat
740 3534 789 3598 rel
804 3540 898 3617 πυρᾶς
914 3535 1016 3598 dicere
1030 3547 1163 3621 poterat,
1178 3548 1210 3598 et
1224 3535 1305 3599 forte

201 3634 365 3714 debuerat,
382 3659 421 3701 ne
435 3635 553 3725 duplex
568 3637 726 3725 genitivus
740 3638 908 3703 obscurum
923 3638 1040 3703 faceret
1054 3637 1165 3702 locum.
1194 3639 1302 3704 Verte·

200 3761 285 3804 rem:
309 3739 384 3804 dum
409 3742 549 3827 spatium
573 3743 693 3828 viceque
718 3741 923 3806 intervallum
949 3742 1086 3827 trepido,
1108 3741 1192 3829 quod
1214 3762 1262 3804 me
1283 3763 1305 3805 o

196 3842 311 3930 gladio
325 3843 447 3927 Pyrrhi
464 3853 495 3908 et
509 3844 641 3908 Achillis
663 3866 743 3931 rogo
763 3845 909 3921 secernit,
925 3844 1000 3907 dum
1022 3845 1145 3908 ambulo
1166 3844 1241 3908 binc
1260 3847 1307 3908 od

196 3945 346 4032 gladium
360 3954 390 4009 et
404 3945 447 4009 ad
460 3967 585 4033 rogum.
609 3947 813 4011 BOISSON.
854 3945 986 4032 Proprie
998 3949 1109 4027 μεταξὺ
1122 3946 1204 4012 duos
1217 3947 1305 4034 geni-

201 4047 280 4111 tivos
294 4046 459 4134 adjunctos
474 4047 578 4126 habet,
594 4048 650 4134 qui
664 4047 800 4113 diversas
812 4071 860 4111 res
876 4047 1053 4135 designant,
1068 4048 1232 4113 intervallo
1245 4047 1302 4113 ali·

200 4175 266 4237 quo
287 4151 442 4215 diremtas.
490 4150 552 4215 Sed
574 4174 612 4215 ex
637 4152 685 4216 bis
705 4172 932 4237 nonnunquam
954 4174 1017 4216 una
1041 4166 1161 4217 tanturn
1188 4152 1303 4217 diserte

202 4265 403 4332 memoratur,
426 4253 523 4318 altera
549 4254 648 4319 facilis
675 4254 834 4320 intellectu
862 4254 1078 4340 supprimitur.
1124 4255 1176 4320 Sic
1201 4255 1301 4342 Soph.

202 4357 279 4422 (Ed.
297 4359 367 4422 Col.
386 4375 456 4440 291.
473 4359 511 4420 τὰ
525 4358 558 4420 δὲ
572 4357 681 4436 μεταξὺ
695 4359 799 4420 τούτου
813 4360 951 4436 μηδαμῶς
965 4358 1071 4439 γίγνου
1085 4360 1172 4425 κακός
1193 4379 1251 4442 pro
1266 4362 1303 4422 τὰ
