2864 4914
177 247 245 319 828
541 247 919 314 ANNOTATIONES

179 417 329 484 Θάνατος.
376 419 427 482 Ita
451 443 578 507 quoque
605 423 687 486 Hor.
712 422 820 485 Carm.
840 440 868 485 1.
891 420 1012 502 2819.
1035 417 1159 481 τιυίίκιιιι
1180 418 1282 484 Soevu

178 529 275 606 caput
289 521 483 606 Proserpina
484 524 597 611 fugit.
621 524 744 588 Locum
761 521 883 610 Virgilii
898 544 970 586 cum
986 534 1092 584 nostro
1105 518 1282 584 contulerat

181 621 364 686 Macrobius
387 624 545 688 Saturnal.
559 646 653 711 5.19.
669 627 706 689 in
725 625 908 712 lracfirbalo
921 628 1094 688 internam
1111 624 1213 686 Orcus
1226 622 1280 685 ia-

179 724 308 788 ducitur
327 725 478 813 gladium
502 737 647 814 gestaru,
676 751 738 816 quo
766 729 885 792 crinem
912 725 1077 791 abscindat
1100 724 1279 789 Alcestidia.

179 826 253 890 Vid.
271 828 653 915 Turn.Advers.19.17.
669 829 780 896 Valck.
800 831 841 895 ad
857 830 972 894 Pboen.
986 830 1061 915 576.
1087 833 1171 909 (Πῶς
1192 824 1216 890 δ’
1240 827 1279 891 αὖ

180 927 317 1010 κατύρξει
339 930 485 1010 θυμάτων,
509 933 589 995 ἑλὼν
610 934 700 995 πόλιν
712 935 735 1014 ;)
766 933 805 996 In
830 931 904 1019 Iph.
927 932 971 994 T.
985 951 1040 1011 40.
1064 929 1167 1015 inquit
1190 927 1280 1015 Ipbi-

177 1030 280 1118 genia,
297 1032 491 1117 Κατάρχομαι
511 1035 576 1113 μὲν,
593 1033 712 1115 σφάγια
726 1031 750 1099 δ’
766 1036 907 1098 ἄλλοισιν
921 1032 1016 1112 μίλει.
1031 1030 1140 1095 eadem
1155 1054 1184 1094 v.
1201 1033 1277 1114 605.

177 1133 380 1221 interroganti
396 1135 510 1214 Oresti,
526 1136 605 1214 Αὐτὴ
624 1137 705 1216 ξίφει
727 1139 849 1209 θύουσα,
866 1140 956 1214 θῆλυς
978 1136 1125 1216 ἄρσενας;
1149 1155 1278 1219 respon-

177 1234 241 1316 det,
257 1236 331 1312 Οθκ,
348 1239 430 1302 ἆλλῒι
444 1238 550 1320 χοιτὴν
565 1238 641 1319 ἆμφὶ
657 1239 715 1317 σὴν
728 1239 920 1322 χερνίψομαι.
942 1237 1045 1301 MON
1050 1237 1093 1302 K.

222 1356 272 1422 77.
297 1341 349 1423 78.
376 1340 483 1404 Choro
509 1339 739 1404 tribuebantur.
785 1339 930 1404 Correxit
953 1339 1134 1404 Barnesius.
1179 1337 1278 1403 Scho-

176 1440 276 1520 liasta,
296 1445 328 1506 ἐκ
350 1444 500 1524 γερόντων
520 1443 657 1523 Φεραίων
678 1443 694 1505 ὁ
717 1444 816 1525 χορός.
841 1446 995 1523 διαιρεῖται
1017 1445 1049 1506 δὲ
1072 1445 1114 1509 είς
1135 1444 1187 1507 δύο
1208 1443 1277 1521 ἡμι·

178 1570 277 1628 χορια.

222 1665 276 1731 91.
291 1648 373 1729 ἡμιχ.
389 1645 554 1731 praefixum
570 1645 662 1710 etiam
678 1645 710 1709 in
728 1647 801 1710 Par.
818 1647 947 1712 B.D.E.

221 1769 272 1834 93.
288 1750 448 1833 φθιμένας]
468 1749 674 1813 Scribendum
690 1749 836 1832 φθιμίνης
850 1772 919 1814 eum
938 1749 1083 1814 Monkio.

221 1871 273 1936 94.
297 1854 406 1934 οὐγὰρ
425 1851 460 1930 δὴ
479 1853 607 1934 φροῦδός
628 1849 655 1933 γ’
672 1854 705 1931 ἐξ
727 1855 815 1916 οἴκων
837 1850 921 1919 νίκνς
941 1851 1011 1938 ἤδη]
1036 1850 1277 1916 Dubitationem

177 1976 277 2019 meam
300 1952 340 2017 de
360 1953 514 2040 scriptura
536 1953 647 2017 horum
670 1953 835 2018 verborum
858 1952 889 2016 in
912 1952 1112 2018 annotatione
1133 1952 1277 2040 exposui.

177 2059 210 2122 N
213 2079 272 2121 unc
287 2055 371 2120 addo
385 2078 424 2119 ne
440 2055 607 2121 sententias
622 2055 749 2142 quidem
765 2072 846 2120 recte
861 2056 1040 2143 procedere.
1085 2058 1167 2121 Nam
1184 2056 1209 2119 si
1224 2054 1278 2118 ille

176 2159 233 2247 qui
258 2158 377 2244 primus
403 2158 524 2223 dixerat
550 2160 585 2223 οὔ
609 2157 665 2222 τᾶν
686 2158 831 2241 φθιμίνης
852 2158 878 2240 γ’
904 2161 1052 2237 ἐσιώπων,
1073 2159 1161 2224 alteri
1184 2159 1278 2246 plane

176 2286 247 2328 cum
271 2288 307 2328 eo
329 2260 531 2327 consentienti
554 2259 660 2346 objicit
682 2263 796 2333 πόθενς
820 2262 872 2325 οὐκ
894 2262 986 2345 αὐχῶ·
1012 2264 1043 2326 τί
1061 2288 1097 2327 σε
1112 2262 1254 2342 θαρσύνει
1266 2287 1275 2333 ;

176 2367 253 2454 quid
268 2365 354 2431 aliud
370 2387 465 2452 quam
481 2386 568 2428 suam
585 2364 650 2449 ipse
664 2362 839 2449 opinionem
855 2362 1026 2428 convellit?
1064 2362 1276 2442 Quamobrem

176 2493 261 2535 nunc
283 2484 384 2534 totum
407 2465 492 2531 istud
514 2464 761 2529 additamentum
779 2465 814 2528 ού
829 2467 887 2547 γὰρ
902 2466 937 2544 δὴ
952 2467 1080 2547 φροῦδός
1094 2466 1120 2548 γ’
1136 2464 1174 2544 ἐξ
1186 2468 1276 2529 οἷκον

177 2572 262 2639 νέκυς
276 2572 340 2652 ἤδη,
356 2568 442 2656 quod
458 2584 490 2632 et
504 2567 594 2630 metri
609 2567 709 2630 forma
724 2582 754 2632 et
768 2568 910 2633 codicum
926 2567 1134 2655 discrepantia
1153 2591 1276 2655 suspec-

177 2693 243 2741 tum
261 2673 376 2752 reddit,
390 2671 561 2736 tollendum
577 2694 642 2734 esse
657 2672 800 2736 arbitror.

219 2799 270 2863 95.
287 2778 318 2839 τί
331 2801 367 2838 σε
383 2776 536 2859 θαρσύνει]
555 2776 598 2840 τίς
612 2800 648 2837 σε
663 2777 804 2856 θρασύνει
819 2778 891 2841 Par.
908 2776 947 2839 Β.
965 2777 1053 2840 Flor.
1070 2791 1118 2860 15.

221 2898 292 2942 100.
315 2875 444 2961 χίρνιίύ]
464 2875 576 2959 χέρνιψ
597 2875 648 2939 hic
667 2891 713 2939 est
728 2901 781 2941 vas
796 2876 874 2943 illud
889 2877 981 2942 fictile
997 2880 1175 2960 (ὄστρακον)
1190 2899 1275 2962 aqua

174 2981 295 3046 lustrali
311 2979 450 3066 plenum,
466 2977 553 3064 quod
568 2978 670 3041 stabat
685 2993 757 3042 ante
775 2979 858 3043 redes
873 2980 904 3043 in
927 2979 1045 3066 quibus
1067 2995 1275 3066 exponeretur

174 3101 340 3156 mortuus;
365 3081 505 3165 ἀρδάνιον
527 3080 706 3158 vocabatur,
730 3097 807 3148 teste
831 3082 958 3148 Polluce
974 3085 1004 3149 8.
1028 3106 1062 3170 p.
1080 3084 1152 3165 894.
1176 3084 1223 3146 καὶ
1245 3085 1276 3147 ol

175 3191 224 3254 ἐπὶ
239 3189 293 3267 τὴν
307 3186 403 3251 αίκίαν
418 3188 470 3247 τοῦ
485 3188 664 3250 πενθοῦντος
683 3186 902 3266 ἀφικνούμενοι,
920 3183 1052 3264 ἐξύοντες
1071 3186 1272 3266 ἕκαθαίροντο,

174 3294 257 3355 ὕδατι
281 3288 545 3371 περιρραινόμενον
580 3285 614 3349 τὸ
640 3289 673 3351 δὲ
699 3290 851 3369 προύκειτο
879 3290 912 3351 ἓν
935 3288 1048 3373 ἀγγείῳ
1076 3286 1215 3371 κεραμίῳ,
1240 3289 1272 3364 ἐξ

174 3395 269 3472 ἄλλης
291 3393 384 3458 οἰκίας
406 3387 629 3469 κεκομισμένον.
675 3390 752 3453 Ηυο
770 3389 934 3476 respiciens
949 3389 1130 3476 Hesychius
1144 3395 1274 3470 πηγαῖον

176 3495 293 3580 (suppl.
320 3492 461 3575 χέρνιβα)
490 3490 524 3556 τὸ
551 3493 708 3573 ὄστρακον,
736 3492 752 3558 ὃ
775 3494 823 3556 καὶ
846 3493 985 3574 ἁρδάνιον
1009 3494 1117 3572 ὁμοίως
1140 3490 1272 3572 λέγεται,

174 3595 254 3661 Vide
276 3617 346 3658 eum
372 3617 424 3657 vr.
447 3595 600 3675 Ἀρδανίαι
619 3593 654 3676 (l.
671 3595 808 3677 ἆρδάνια)
832 3609 863 3659 et
885 3597 1040 3676 ὄστρακον.
1065 3592 1155 3656 Suid.
1175 3617 1204 3654 v.
1219 3594 1270 3673 ἄρ·

173 3699 284 3770 δάνιον,
307 3697 506 3776 τούστρακονι
540 3695 599 3758 hoc
623 3698 756 3782 respexit
779 3697 877 3762 Arist.
901 3696 1128 3781 Eccles1025.
1147 3693 1275 3762 Ὕδατος

176 3803 208 3865 δὲ
223 3798 351 3863 κατάθου
366 3800 547 3879 τοῦστρακον
562 3798 619 3879 πρὸ
634 3803 685 3877 τῆς
701 3801 800 3877 θύρας.
824 3798 878 3862 ubi
900 3799 959 3867 ista
980 3799 1087 3864 citavit
1108 3800 1272 3862 Kusterus.

177 3903 280 3966 MON
286 3902 328 3964 K.

219 4023 289 4088 103.
314 4000 498 4070 Notandum
523 4003 630 4065 νολαία
652 4001 796 4089 adjectivi
819 4005 916 4070 instar
935 4028 1007 4072 cum
1034 4007 1100 4089 χείρ
1127 4004 1275 4091 conjunc·

177 4123 257 4172 tum.

221 4228 289 4288 107.
307 4206 397 4289 χρῆν]
416 4203 623 4269 Scribeudum
641 4209 698 4289 χρή
713 4233 750 4274 ex
767 4211 925 4276 codicibus
940 4226 971 4276 et
988 4213 1079 4276 Lasc.

219 4310 288 4376 108.
304 4309 419 4392 ψυχᾶς]
440 4306 644 4370 scribendum
662 4316 771 4393 ψυχῆς.

219 4434 286 4493 1¹4·
303 4409 322 4493 ἢ
338 4409 462 4496 Δυκίας]
482 4409 523 4476 Id
537 4424 582 4474 est
597 4406 615 4487 ἢ
631 4414 741 4478 Λυκίας
756 4413 850 4495 ἔδρας,
867 4413 953 4498 quod
969 4438 1008 4479 ex
1023 4414 1121 4482 altero
1138 4415 1276 4481 membro
