2864 4914
167 281 232 349 468
529 284 909 349 ANNOTA'I'IONES

211 455 272 537 ἔρις
286 454 346 536 ἔρις
361 456 435 519 Par.
452 456 498 518 A.
522 454 581 536 ἔρις
596 455 659 536 ἔριν
673 453 765 520 codd.
782 454 895 544 reliqui
910 469 942 520 et
956 454 1034 520 Ald.

210 559 285 643 589.
300 555 440 639 πέργαμα
453 558 563 639 Τροίας
578 556 794 623 Blomfieldus.
824 557 918 624 Libri
930 559 1042 640 Τροίας
1054 557 1210 641 πέργαμα.

209 662 393 745 590-639,
417 662 507 724 Inter
526 659 584 724 hos
598 683 707 725 versus
727 682 790 725 non
812 660 919 748 plures
932 682 1027 748 quam
1043 659 1109 725 duo
1125 660 1286 726 videntur

167 783 233 826 esse
247 761 414 848 Euripidei
430 765 503 848 633.
519 764 593 848 ⁶34·

254 861 277 927 ὦ
292 863 388 943 σέβας
403 864 468 943 ἐμοὶ
481 863 638 947 μέγιστον,
652 864 851 948 Ἀγαμέμνων
864 863 953 944 ἄναξ,

252 966 363 1047 ἥκομεν
378 969 521 1049 ἐφετμαῖς
536 968 589 1032 οὐκ
604 969 784 1032 θπιοτοῦσαι
798 968 899 1033 σέθεν.

166 1067 219 1132 De
240 1067 369 1155 reliquis
389 1091 462 1155 quae
488 1068 620 1135 dicenda
642 1068 804 1148 habemus,
829 1069 894 1134 suis
916 1091 1053 1156 quaeque
1078 1066 1153 1132 locis
1176 1090 1284 1157 expo-

166 1191 288 1235 nemus.

207 1274 393 1357 590-598.
409 1274 481 1337 Hos
495 1295 605 1338 versus
619 1273 674 1360 qui
690 1272 823 1350 addidit,
839 1272 918 1337 bene
940 1272 1034 1338 sensit
1056 1287 1280 1359 postestatum

165 1373 253 1439 chori
276 1374 444 1440 desiderari
467 1391 642 1464 anapaestos
664 1375 834 1463 coryphaei,
856 1375 974 1463 quibus
996 1374 1281 1461 Clytaemnestram

165 1489 262 1564 atque
285 1477 483 1565 Iphigeniam
506 1478 668 1543 advenisse
689 1477 874 1542 nuncietur:
898 1477 952 1542 sed
966 1499 1047 1564 quos
1067 1476 1142 1541 fecit
1162 1499 1282 1542 versus

164 1578 299 1644 colorem
321 1579 440 1645 habent
462 1579 590 1644 minime
610 1579 833 1667 Euripideum,
854 1579 943 1666 quod
965 1579 1056 1644 facile
1076 1578 1191 1645 sentiet
1216 1580 1280 1666 qui

164 1704 239 1769 quae
254 1680 406 1746 similibus
420 1681 452 1745 in
468 1682 543 1746 locis
557 1681 638 1746 dixit
653 1680 823 1769 Euripides
840 1679 941 1765 (velut
956 1683 1074 1747 Electr.
1089 1684 1181 1768 998.)
1198 1704 1278 1747 cum

165 1783 250 1847 inani
272 1806 420 1848 versuum
440 1784 495 1870 qui
517 1783 568 1847 hic
589 1782 740 1870 leguntur
761 1783 950 1870 loquacitate
968 1806 1149 1872 comparare
1174 1784 1276 1851 volet.

167 1885 265 1950 Plane
286 1885 493 1972 incogitanter
508 1885 657 1974 scriptum
674 1901 721 1950 est
735 1909 765 1950 v.
780 1904 855 1971 593.
871 1887 1012 1951 ἄνασσαν
1029 1886 1111 1967 ἐμήν,
1127 1886 1218 1972 quod
1233 1887 1280 1953 de

167 1986 334 2074 Iphigenia
359 1987 420 2053 dici
445 2011 507 2053 non
533 1989 679 2076 potuita
704 1987 800 2052 choro
821 1987 977 2074 virginum
1005 1987 1279 2056 Chalcidioarum.

166 2090 261 2168 Quod
277 2090 387 2155 vitium
403 2114 464 2156 non
485 2090 557 2155 licet
571 2089 709 2155 tollendo
724 2091 798 2171 ἐμὴν
812 2089 976 2177 corrigere,
991 2111 1065 2177 quoe
1079 2091 1189 2155 Botbii
1204 2115 1280 2158 sen-

166 2190 334 2271 teutisca,
349 2215 449 2280 quum
471 2192 652 2257 incredibile
670 2191 710 2258 sit
729 2213 852 2257 versum
872 2192 1096 2279 paroemiacum
1116 2192 1180 2259 hoc
1202 2193 1280 2262 loco

165 2317 231 2358 csse
252 2295 409 2381 positum:
432 2295 488 2383 qui
510 2317 573 2359 non
596 2308 698 2382 potest
713 2293 839 2358 defendi
860 2293 1004 2381 exemplo
1019 2295 1095 2383 Iph.
1112 2297 1156 2360 T.
1177 2317 1279 2384 1491.

165 2397 257 2483 cujus
271 2397 350 2462 ratio
364 2397 425 2462 alia
439 2412 494 2462 est.
540 2400 642 2462 Porro
656 2396 839 2461 mirabiliter
852 2395 1002 2461 dicuntur
1016 2396 1153 2479 εὐμήκεις
1170 2403 1281 2486 τόχαι,

165 2520 267 2585 neque
282 2501 456 2582 ὀλβοφόροι
470 2523 603 2586 usquam
618 2498 692 2563 alibi
707 2497 835 2584 legitur.

206 2620 283 2686 594.
297 2600 469 2687 Τυνδάρεω]
496 2601 586 2665 Libri
600 2601 782 2682 Τυνδαρέου,
796 2601 882 2687 quod
903 2600 981 2665 nihil
994 2624 1112 2668 caussoe
1127 2621 1198 2670 erat
1214 2629 1281 2671 cur

164 2702 197 2767 in
212 2703 266 2766 tali
280 2705 431 2790 scriptore
445 2719 631 2768 mutaretur.

208 2807 254 2890 τε]
272 2832 308 2887 γε
324 2808 351 2870 F
354 2808 411 2872 lor.
430 2827 456 2869 1.
473 2825 502 2871 2.

207 2922 249 2993 59
250 2922 280 2992 5.
299 2908 517 2992 ἑβλαατήκαθ]
536 2908 757 2989 έκβλαστήκασ’
774 2909 849 2974 Pur.
864 2910 909 2972 Α.

206 3026 282 3093 597.
301 3011 447 3074 Fortasse
461 3009 629 3074 delendum
645 3010 684 3093 γ’.

207 3112 284 3197 598.
300 3117 416 3176 θνατῶν
432 3111 601 3176 Seidlerus
648 3112 738 3176 Libri
753 3117 812 3176 τῶν
827 3117 953 3178 θνατῶν.

206 3216 389 3299 599-606.
412 3217 484 3279 Hos
505 3236 623 3294 versus,
639 3214 694 3300 qui
715 3213 814 3277 infimi
836 3215 895 3279 νυνὶ
917 3215 1091 3280 barbariem
1112 3219 1278 3300 redolent,

165 3329 200 3381 ut
214 3317 255 3382 ab
270 3318 312 3382 L.
329 3316 496 3381 Dindorfio
510 3316 663 3380 monitum
679 3330 736 3394 est,
758 3317 982 3403 grammaticus
1002 3317 1116 3405 aliquis
1138 3344 1277 3411 compo.

164 3418 226 3484 suit
239 3419 332 3507 longe
346 3418 518 3506 imperitior
532 3418 585 3482 illo
600 3418 655 3505 qui
670 3419 881 3505 praecedentes
894 3437 1069 3506 anapaestos
1083 3422 1224 3510 scripsit.

207 3524 280 3587 600.
296 3521 450 3606 δεξόμεθ’]
467 3521 599 3602 δεξόμεθ’
617 3524 690 3586 Par.
707 3523 791 3586 AB.

206 3626 287 3706 ὄχων
303 3626 330 3688 F
334 3625 389 3686 lor.
408 3645 435 3688 1.
454 3643 481 3687 2.
507 3627 609 3706 ὄχλων
625 3626 696 3686 Par.
713 3625 799 3688 Α.Β.
816 3623 892 3688 Ald.

206 3726 279 3788 601.
303 3726 351 3788 ἐπὶ
373 3726 426 3804 τὴν
446 3727 548 3810 γαῖαν]
567 3725 748 3789 Articulum
771 3726 901 3791 suerunt
916 3727 972 3813 qui
989 3726 1139 3806 delerent,
1154 3731 1274 3798 eodem

161 3824 205 3889 illi
219 3825 251 3888 in
268 3848 371 3889 errore
385 3840 542 3889 versantes
557 3851 649 3913 quem
667 3827 813 3891 notabam
829 3827 869 3890 de
886 3852 915 3891 v.
930 3846 1006 3914 593.
1045 3829 1275 3899 certissimum

161 3943 209 3992 est
222 3927 386 3992 articulum
403 3952 468 3991 esse
491 3928 697 3992 servandum:
721 3928 800 3993 illud
820 3929 946 3993 veroin
968 3929 1023 3995 tali
1045 3931 1202 4018 scriptore
1226 3936 1276 4001 in-

161 4045 358 4107 certumst,
383 4046 489 4093 utrum
512 4031 681 4095 trochaeum
706 4054 764 4117 pro
783 4031 922 4118 spondeo
943 4033 1082 4118 posuerit
1104 4057 1146 4098 an
1175 4042 1277 4119 γαίων

160 4134 366 4214 παροξυτόνως
380 4130 530 4217 scriptum
547 4154 604 4217 pro
619 4132 758 4218 spondeo
772 4133 928 4199 habuerit.

204 4238 277 4299 θοι.
298 4235 419 4319 μαλακῇ
439 4235 555 4319 γνώμῃ]
582 4235 780 4299 Perabsurde
802 4235 930 4300 dictum.
977 4236 1138 4302 Potuisset
1160 4241 1278 4308 minus

160 4335 295 4399 absurde
305 4337 425 4415 μαλακῇ
440 4337 533 4421 ῥώμῃ.
571 4334 632 4398 Sed
648 4359 723 4399 cave
737 4337 911 4424 quidquam
927 4353 1048 4403 mutes:
1072 4360 1145 4403 nam
1164 4364 1278 4429 quum

159 4437 254 4501 medii
275 4436 334 4501 aevi
356 4436 521 4525 scriptores
541 4437 609 4521 χερὶ
630 4438 679 4503 καὶ
698 4440 799 4521 γνωμῃ
817 4439 984 4529 saepisaime
1003 4441 1203 4529 conjungere
1224 4470 1278 4514 so.
