2864 4914
538 306 803 372 LIBRORUM.
1176 305 1231 369 xxi

120 477 320 551 luminibus
350 478 400 567 (n.
423 479 537 574 2887.
568 490 604 551 et
636 479 769 574 2888.).
822 479 953 550 Insunt
988 482 1111 550 eadem
1145 503 1228 572 quae

122 594 334 666 Florentino
349 598 514 667 secundo.
567 596 676 669 Hunc
695 598 741 667 ad
766 596 907 667 fabulas
924 595 1128 687 quindecim
1146 620 1229 667 oon·

121 710 208 782 tulit
234 711 478 808 Musgravius,
495 712 648 796 omissis,
665 721 707 784 ut
731 735 797 804 par
818 720 906 794 crat,
932 713 1083 784 Hecuba
1099 714 1227 784 Oreste

119 836 162 898 et'
183 828 391 900 Phoenissis.
443 829 488 899 ln
514 829 660 900 Electra
684 829 887 925 designavit
912 828 1004 924 sigla
1030 826 1156 900 “MS.
1175 831 1227 898 αἶ’

121 941 185 1014 Α8
210 944 371 1016 Bacchas
394 945 548 1017 contulit
572 944 679 1016 etiam
708 944 926 1029 Brunckius,
952 946 996 1015 ad
1023 944 1227 1019 Androma-

120 1059 227 1129 cham
245 1060 472 1156 Lentingius.

179 1197 234 1244 11.
260 1171 353 1246 Por.
378 1174 427 1249 G.
450 1178 657 1248 chartaceus
686 1201 720 1248 n.
750 1179 857 1272 2817.
883 1201 906 1248 a
937 1178 1146 1272 Musgravio
1173 1178 1228 1248 in-

121 1302 274 1382 spectus
328 1293 448 1363 Habet
465 1294 605 1364 fabulas
624 1296 763 1364 easdem
781 1317 871 1386 quas
897 1293 1127 1364 Florentinus
1153 1293 1227 1385 pri·

122 1430 215 1489 mus,
232 1407 303 1477 nisi
319 1410 415 1498 quod
434 1407 580 1480 Electra
596 1420 693 1480 caret
708 1433 773 1480 nec
791 1411 1013 1480 Baccharum
1037 1410 1150 1500 partis
1167 1434 1227 1480 ex·

123 1530 248 1593 tremae
259 1523 406 1616 jactura
422 1534 477 1595 est
493 1537 669 1616 reparata.

174 1638 349 1711 Parisinis
370 1641 417 1711 Ε.
436 1641 480 1712 G.
504 1642 541 1712 in
568 1641 797 1734 Supplicibus
814 1651 850 1711 et
869 1639 1059 1736 Iphigenia
1075 1651 1227 1732 utraque

122 1776 209 1826 usus
226 1767 281 1827 est
298 1757 406 1828 etiam
426 1757 676 1841 Marklandus,
693 1756 757 1848 qui
773 1757 874 1851 siglis
892 1753 987 1826 Por.
1005 1753 1057 1828 Α.
1077 1765 1114 1826 et
1130 1754 1225 1828 Par.

13 1936 17 1942 .
122 1869 178 1943 B.
195 1875 346 1944 notavit.
399 1873 455 1944 De
472 1874 660 1966 utriusque
677 1874 807 1944 codicis
824 1872 965 1968 origine
982 1883 1076 1943 recte.
1088 1873 1229 1966 judica-

123 1988 177 2058 vit
193 1988 388 2060 Elmsleius
405 1990 443 2060 in
461 1990 672 2081 praefatione
689 1991 733 2059 ad
761 1990 922 2059 Bacchas
947 2011 982 2080 p.
1004 1988 1036 2059 8.
1055 1997 1077 2027 ‘⁶
1093 1989 1227 2059 Parisi-

121 2126 223 2175 cnses
249 2104 295 2174 Ε.
313 2105 358 2175 G.
375 2129 396 2175 e
413 2105 658 2176 Laurentiano
675 2105 715 2175 C.
736 2105 828 2200 [sive
857 2103 953 2174 Flor.
974 2101 1027 2195 2.]
1047 2105 1226 2175 derivatos

119 2243 199 2292 esse
223 2222 422 2293 senissimo
447 2224 515 2294 hoc
540 2233 752 2318 argumento
777 2221 868 2292 mibi
888 2230 1051 2292 constare
1073 2221 1225 2304 videtur,

120 2338 219 2428 quod
244 2361 356 2429 quum
382 2362 505 2409 omnes
528 2340 565 2409 in
592 2341 715 2409 eodem
747 2338 970 2409 Baccharum
1002 2361 1106 2409 versu
1135 2338 1226 2408 desi-

122 2463 224 2536 naut,
240 2477 312 2524 nou
336 2477 416 2524 eam
441 2452 656 2544 scripturam
674 2454 845 2525 exhibent
871 2453 1101 2537 Parisienses,
1117 2477 1226 2546 quam

25 2578 29 2585 ’
120 2590 145 2637 2
169 2568 286 2659 prima
311 2593 422 2640 manu
447 2571 574 2641 habuit
601 2570 877 2653 Laurentianus,
893 2573 955 2640 sed
973 2594 1063 2654 eam,
1079 2593 1163 2661 quae
1188 2571 1225 2641 iu

122 2683 186 2755 illo
202 2709 225 2755 a
241 2695 437 2756 correctore
455 2687 610 2777 reposita
625 2697 691 2757 est.
743 2686 783 2756 Si
809 2686 962 2777 primam
990 2684 1225 2755 Laurentiani

122 2799 165 2870 C.
197 2801 414 2892 scripturam
444 2802 652 2874 exhiberent
680 2803 912 2886 Parisienses,
941 2824 1093 2896 magnus
1123 2800 1227 2871 dubi-

123 2916 225 2986 tandi
249 2919 348 2988 locus
365 2927 468 3002 esset,
485 2929 608 2990 utrum
627 2919 665 2989 hi
689 2920 734 2989 ab
751 2919 825 3004 illo,
842 2942 890 2989 an
915 2929 952 2989 et
974 2918 1013 2989 hi
1035 2928 1070 2990 et
1094 2918 1154 2989 ille
1180 2919 1225 2988 ab

121 3031 326 3123 antiquiore
342 3034 496 3124 quodam
518 3035 649 3118 codice,
665 3036 727 3126 qui
754 3036 791 3105 in
818 3037 940 3105 eodem
968 3035 1100 3106 fabulae
1123 3057 1226 3104 versu

122 3148 313 3232 desineret,
336 3172 400 3219 nec
420 3151 497 3243 jam
522 3159 690 3235 exstaret,
717 3150 869 3221 derivati
896 3161 1023 3220 essent.
1074 3151 1128 3220 At
1152 3149 1226 3240 pri·

122 3285 220 3333 mam
237 3263 473 3335 Laurentium
490 3266 717 3357 scripturam,
734 3291 816 3359 quae
834 3290 879 3336 ex
897 3267 1091 3358 archetypo
1108 3266 1226 3337 codice

122 3379 347 3451 hauddubie
371 3391 452 3452 orta
471 3393 536 3465 est,
555 3406 626 3453 non
646 3384 815 3455 exhibent
838 3382 1068 3463 Parisienses,
1086 3382 1147 3451 sed
1172 3405 1227 3452 se-

121 3499 276 3567 cundam
302 3507 497 3569 correctore
523 3498 729 3590 profectam.
781 3500 864 3569 Non
894 3499 1009 3593 igitur
1033 3498 1079 3567 ab
1105 3499 1226 3569 arche-

122 3622 211 3706 typo
227 3613 290 3684 illo
304 3614 473 3705 descripti
499 3624 584 3685 sunt
611 3614 840 3698 Parisienses,
856 3637 971 3706 neque
997 3614 1043 3683 ab
1059 3614 1131 3684 alio
1147 3615 1224 3707 ejus

122 3730 330 3825 apographo
353 3730 523 3822 descripti
548 3740 612 3801 aut
633 3729 794 3810 derivati,
811 3732 873 3801 sed
899 3729 945 3799 ab
966 3730 1044 3820 ipso
1065 3729 1227 3800 Lauren-

123 3845 223 3917 tiano
238 3869 260 3916 a
276 3855 471 3918 correctore
484 3848 562 3941 jam
579 3848 796 3916 emendato.”

176 3985 232 4031 12.
258 3958 364 4032 noa.
391 3957 433 4033 C.
463 3962 516 4051 (in
542 3971 664 4032 annot
688 3963 734 4031 ad
754 3961 935 4055 Medeam)
957 3959 1031 4031 rive
1056 3957 1143 4031 Pol.
1171 3960 1224 4050 (in

123 4086 243 4147 curmt.
271 4079 316 4148 28
359 4078 518 4148 Bacchas
552 4087 589 4148 et
628 4078 779 4170 Ionem),
805 4077 1003 4148 Vaticanus
1020 4076 1225 4149 -Palatinus

125 4192 207 4286 287.
233 4194 522 4265 membranaceus
548 4193 657 4264 seculi
678 4193 807 4264 decimi
828 4193 949 4284 quarti
976 4201 1017 4262 ut
1038 4194 1225 4264 videbatur

124 4307 307 4380 Elmsleio.
360 4309 488 4380 Insunt
514 4310 647 4379 fabulae
665 4309 846 4392 tredecim,
865 4307 1127 4390 Andromache,
1148 4308 1226 4377 Me-

642 4443 706 4518 ο3
