2864 4914
187 285 253 352 aso
482 247 484 250 ’
551 286 929 351 ΑνΝοΤΑυιοΝΕε

189 457 269 523 Vide
285 459 463 545 exemplum
479 457 564 544 quod
577 478 627 522 ‘ex
651 456 815 544 Sophoclis
829 455 1009 522 Trachiniis
1029 455 1131 521 attuli.
1171 458 1292 520 Praeter

189 560 248 626 hoc
263 560 453 648 exemplum,
468 559 600 646 dignum
615 560 781 624 observatu
797 571 842 623 est
859 558 945 645 quod
965 557 1083 644 legitur
1096 557 1183 646 apud
1195 559 1293 623 Euri-

151 671 162 695 ·
189 663 293 752 pidem
312 662 426 728 Bacch.
443 681 517 745 791.
557 663 659 748 Cujus
673 661 834 726 sententiar
849 660 985 748 primum
1002 661 1177 725 membrum
1194 675 1291 739 vetat,

189 766 361 831 secundum
394 765 498 853 jubet,
528 764 654 829 tertium
685 764 798 828 iterum
827 775 923 828 vetat.
946 765 1062 828 ELM.
1107 766 1208 842 Quem
1234 786 1294 850 ego

189 886 317 934 secutus
342 868 461 955 ubique
485 866 697 954 interrogandi
723 867 846 954 signum
878 866 969 954 posui
997 884 1068 954 post
1095 868 1130 931 οὐ
1154 867 1195 948 μή
1221 888 1293 930 cum

190 972 300 1036 futuro
313 985 539 1035 oonstructum.

236 1077 332 1160 1158.
347 1074 468 1157 παῖδας]
486 1072 576 1137 τέκνα
591 1074 686 1137 Rom.
703 1075 792 1138 AB.

237 1194 330 1262 1159.
345 1177 513 1258 ἠμπίσχετο
529 1177 575 1239 H.
592 1199 610 1239 a
626 1198 674 1262 pr.
692 1197 732 1238 m.
772 1173 974 1238 Scribebatur
990 1174 1172 1258 ἠμπέσχετο.

233 1278 420 1365 ἠμπέσχετο]
445 1279 572 1354 Portus,
595 1278 762 1361 ἠμπίσχετο
784 1280 892 1364 potius
915 1279 1042 1342 videtur
1064 1278 1230 1365 legardam
1255 1277 1295 1340 ab

190 1384 387 1466 ἀμπίσχομαι,
411 1383 444 1446 έκ
465 1387 518 1446 τοῦ
540 1382 617 1464 ἀμφὶ
641 1382 688 1445 καὶ
707 1385 839 1465 ίσχομαι.
885 1383 958 1467 Ego
980 1405 1108 1467 quoque
1127 1382 1295 1464 ἠμπίσχετο

191 1486 359 1575 legendum
383 1502 474 1573 puto,
490 1509 551 1550 non
575 1484 701 1572 quidem
725 1486 914 1568 ἠμπ-ίσχετο,
936 1508 1009 1571 quae
1032 1483 1121 1548 Porti
1144 1484 1295 1548 sententia

190 1591 286 1655 fuisse
302 1590 439 1669 videtur,
455 1588 507 1653 sed
523 1590 717 1672 ἠμπί-σχετο.
763 1587 851 1652 Illud
866 1587 1060 1676 praeteritum
1074 1587 1293 1674 imperfectum

190 1708 238 1758 est
251 1693 292 1757 ab
307 1694 460 1776 ἀμπίσχω,
484 1692 542 1755 hoc
564 1691 696 1755 aoristus
718 1691 758 1755 ab
778 1691 912 1775 ἀμπέχω.
959 1690 1108 1779 Suspicor
1129 1691 1210 1755 enim
1234 1689 1293 1754 hoc

191 1795 322 1860 verbum
346 1810 550 1881 augmentum
577 1793 608 1857 in
632 1793 819 1857 medionon
844 1794 989 1881 recipere.
1036 1794 1141 1882 Vulgo
1164 1795 1291 1882 quidem

191 1898 306 1986 legitur
320 1897 407 1984 apud
421 1896 666 1984 Aristophanem
684 1896 813 1962 Thesm.
833 1899 905 1978 164.
930 1898 978 1962 καὶ
1000 1901 1150 1982 Φρυνίχος
1173 1902 1293 1980 (τοῦτον

190 2006 249 2086 γάρ
264 2003 318 2067 οὖν
332 2001 472 2086 ἀκήκοας)
493 2006 499 2087 Ι
518 2000 605 2067 αὐτάς
619 2025 652 2065 τε
667 2000 759 2067 καλὸν
773 2000 811 2080 ἠν
826 2001 874 2064 καὶ
889 2007 986 2068 καλῶς
999 2001 1183 2084 ἠμπέσχετο.
1229 1999 1292 2065 Sed

190 2103 283 2169 etiam
308 2103 332 2168 si
355 2121 461 2168 nostro
485 2103 552 2167 loco
574 2117 655 2167 recte
677 2103 832 2190 legeretur
850 2104 1032 2186 ἠμπέσχετο,
1056 2103 1141 2191 apud
1165 2102 1290 2166 Aristo·

191 2205 326 2294 phanem
351 2207 563 2294 reponendum
585 2223 664 2270 esset
686 2207 879 2293 praeteritum
903 2207 1130 2293 imperfectum.
1177 2207 1294 2269 Sensus

191 2310 273 2375 enim
296 2324 343 2375 est
367 2311 630 2390 καλοῖςείματίοις
652 2312 769 2393 έχρήτο,
793 2331 855 2373 nou
879 2309 1037 2393 έχρήσοτο.
1084 2311 1202 2373 Nostro
1223 2308 1292 2372 loco

191 2430 334 2503 excepto,
355 2413 442 2500 apud
465 2414 590 2477 Atticos
615 2430 722 2500 poetas
744 2435 802 2500 pro
823 2412 938 2476 aoristo
959 2435 1081 2499 semper
1103 2411 1219 2497 legitur
1240 2411 1293 2491 ἠμ.

190 2542 314 2602 πισχον.
352 2517 523 2604 Euripides
539 2518 607 2580 Ion.
627 2532 719 2597 1177.
741 2515 889 2598 τοίχοισιν
910 2514 933 2578 δ’
951 2516 999 2578 hrt
1018 2513 1023 2600 Ι
1042 2513 1192 2596 ἤμπισχεν
1210 2515 1293 2577 ἀλλα

191 2620 357 2702 βαρβάρων
371 2620 543 2702 ὑφάσματα.
590 2620 663 2681 Ηοα
685 2617 836 2701 ἤμπισχεν
851 2616 1017 2704 respondet
1038 2615 1153 2680 aoristo
1167 2615 1293 2697 ἤνεγκεν

191 2745 225 2786 v.
245 2726 337 2804 1164.
376 2720 532 2807 Tragicus
545 2720 631 2806 apud
648 2719 853 2784 Plutarchum
872 2722 1017 2806 Sympos.
1035 2737 1063 2784 α.
1079 2739 1105 2783 1.
1121 2743 1151 2805 ρ.
1168 2721 1230 2803 632
1248 2719 1290 2781 E.

192 2827 226 2894 ὅς
239 2851 276 2906 με
291 2825 365 2906 ῥάκη
384 2822 408 2886 τ’
424 2824 565 2907 ἤμπισχε,
583 2823 789 2906 κάξηνάγκασε
808 2825 814 2908 Ι
832 2822 953 2905 πτωχὸν
967 2822 1110 2904 γενέσθαι
1133 2821 1181 2885 καὶ
1195 2822 1293 2900 δόμων

192 2927 371 2992 ἀνάστατον.
409 2925 636 3011 Aristophanes
665 2927 730 3011 Eq.
752 2926 824 3009 889.
850 2927 908 2989 Καὶ
931 2926 1018 2988 τοῦτό
1043 2921 1070 3005 γ’
1099 2922 1232 3002 ἐπίτηδές
1256 2948 1294 2984 σε

191 3027 419 3113 περιῆμπισχεν,
436 3027 473 3092 ἵν’
490 3030 647 3114 ἀποπνίξῃ.
682 3028 759 3114 Lys.
779 3042 872 3112 1159.
889 3026 1126 3107 κήλευθέρωσαν,
1144 3027 1227 3088 κάντὶ
1242 3029 1294 3104 τῆς

193 3132 371 3212 κατωνάκης,
391 3131 398 3220 Ι
417 3132 470 3196 τὸν
485 3136 577 3212 δῆμον
587 3133 669 3211 ὑμῶν
682 3137 814 3214 χλαῖναν
827 3130 980 3212 ἤμπισχον
991 3128 1093 3192 πάλιν.
1117 3128 1206 3191 Ecel.
1218 3132 1293 3212 536.

194 3234 284 3300 έπειθ’
300 3234 336 3299 ἵν’
349 3237 526 3315 ἀλεαίνοιμι,
543 3233 619 3297 τοῦτ’
635 3234 834 3317 ἠμπεσχόμην.
859 3231 924 3295 Ubi
940 3231 1138 3313 ἠμπεσχόμην
1153 3230 1293 3294 Lexicon

194 3339 418 3425 Seguerianum
442 3338 528 3425 apud
553 3336 733 3401 Behkerum
756 3359 786 3422 p.
802 3338 875 3421 381.
915 3335 953 3398 Iu
977 3332 1025 3396 his
1047 3332 1202 3411 omnibus,
1216 3347 1248 3397 et
1268 3333 1293 3394 si

191 3464 256 3526 qua
278 3441 338 3505 alia
362 3441 502 3528 ejusdem
523 3441 645 3528 generis
670 3453 850 3516 occurrunt,
874 3436 1035 3501 sententiae
1058 3438 1157 3499 multo
1180 3457 1292 3500 conve-

193 3542 326 3607 nientior
339 3560 386 3609 est
400 3543 533 3608 aoristus
547 3565 642 3630 quam
660 3541 851 3629 praeteritum
867 3539 1096 3626 imperfectum.
1123 3536 1294 3624 Euripides

194 3644 269 3732 lph.
284 3649 330 3711 A.
350 3648 442 3731 1438.
458 3644 535 3724 Μήτ’
552 3646 605 3708 οῦν
620 3645 658 3709 σὺ
672 3645 726 3708 τὸν
742 3645 798 3708 σὸν
820 3645 975 3722 πλόκαμον
999 3641 1119 3721 ἐκτέμῃς
1140 3642 1249 3724 τριχὸς,
1270 3641 1276 3724 Ι

192 3745 256 3829 μήτ’
273 3749 349 3830 ἀμφὶ
365 3754 451 3829 σῶμα
471 3744 604 3827 μέλανας
626 3748 761 3831 ἀμπίσχῃ
784 3747 925 3812 πέπλους.
971 3746 1069 3807 Hunc
1091 3743 1196 3807 aoristi
1219 3743 1294 3806 sub·

187 3852 366 3940 junctivum
381 3875 447 3916 esse
461 3852 561 3937 liquet
576 3874 615 3915 ex
631 3851 870 3927 constructione,
886 3869 981 3934 quam
999 3846 1087 3933 tetigi
1108 3845 1148 3910 ad
1165 3847 1296 3927 ἀνασχε-

193 3960 258 4020 θεῖυ
282 3978 310 4017 υ.
334 3969 407 4038 995.
447 3955 567 4018 Contra
592 3955 757 4037 ἠμπίσχετο
787 3951 979 4039 praeteritum
1007 3949 1224 4035 imperfectum
1249 3963 1295 4011 est

193 4056 279 4143 apud
303 4055 464 4120 Platonem
489 4055 649 4119 Phaedone
672 4080 704 4143 p.
721 4055 760 4137 87
779 4056 816 4119 Β.
834 4056 899 4135 έμοὶ
915 4057 972 4135 γὰρ
988 4058 1070 4116 δοκεῖ
1083 4054 1189 4133 ὁμοίως
1204 4051 1293 4132 λέγε-

193 4164 264 4224 σθαι
285 4163 386 4231 ταῦτα,
402 4160 505 4239 ὥσπερ
522 4159 559 4220 ἄν
574 4183 617 4224 τις
631 4159 699 4239 περὶ
714 4159 870 4239 ἀνθρώπου
884 4156 1018 4239 ὑφάντου
1035 4156 1206 4236 πρεσβύτου
1220 4155 1293 4217 ἀπο-

193 4264 336 4328 θανιίντος
357 4260 444 4342 λέγοι
465 4265 571 4323 τοῦτον
592 4261 645 4324 τὸν
666 4261 771 4343 λόγον,
787 4261 833 4323 ὅτι
849 4260 901 4322 οὐκ
916 4259 1107 4322 ἀπόλωλενὸ
1128 4258 1292 4337 ἄνθρωπος,

194 4363 263 4437 ἀλλ’
280 4365 345 4429 έστι
358 4388 416 4427 που
429 4364 509 4428 ἴσως·
533 4361 688 4443 τεκμῆριον
703 4365 735 4426 δὲ
749 4361 911 4445 παρέχοιτο
929 4360 1081 4442 θοιμάτιον
1096 4359 1113 4422 ά
1127 4359 1294 4440 ἠμπίσχετο

124 4474 127 4480 ’
194 4469 284 4536 αὐτὸς
297 4465 496 4550 ὑφηνάμεναι,
512 4465 558 4528 ὅτι
575 4464 641 4529 ἔστι
656 4469 729 4542 σῶν,
746 4464 795 4527 καὶ
809 4464 861 4528 οὐκ
876 4466 1025 4529 ἀπόλωλε.
1055 4461 1117 4527 Sed
1133 4462 1294 4543 ἠμπείχετο
