2864 4914
167 317 209 358 xx
648 292 805 357 INDEX

167 461 373 531 chartaceus
399 459 508 528 seculi
534 457 656 549 quarti
681 456 820 527 decimi.
872 455 1002 526 Insunt
1026 454 1159 525 fabtdae
1185 456 1274 526 duo·

169 575 366 670 deviginti:
389 575 520 646 absunt
539 574 699 645 Troades
716 583 752 644 et
769 582 930 643 extrema
947 595 1030 663 pars
1048 571 1273 642 Baccharum

169 692 446 786 (756—1392.).
488 689 597 761 Hunc
623 690 776 761 codicem
804 689 935 780 passim
963 686 1120 778 inspexit
1143 687 1274 757 Hiero-

168 829 300 900 nymus
328 805 486 902 Magius,
503 807 605 900 cujus
632 804 827 897 exemplari
853 805 900 890 (v.
918 804 1014 874 infra
1039 826 1074 872 n.
1094 803 1168 893 64.)
1186 825 1274 873 usus

168 932 222 992 est
256 922 435 1017 Scaliger:
473 921 654 1018 integrum
689 921 840 991 contulit
874 921 913 990 in
948 943 1052 990 usum
1088 917 1273 990 Matthiaei

170 1037 382 1108 Franciscus
399 1039 443 1108 de
462 1036 574 1108 Furia
590 1046 627 1108 et
643 1041 759 1108 multo
775 1046 858 1107 ante
876 1035 1006 1106 Petrus
1023 1034 1207 1106 Victorius
1232 1033 1273 1104 ia

168 1153 330 1248 margine
355 1154 568 1246 exemplaris
593 1153 732 1237 Aldini,
750 1175 845 1222 nunc
870 1150 908 1220 in
935 1151 1148 1221 bibliotheca
1172 1149 1274 1245 regia

167 1267 376 1340 Monacensi
402 1271 584 1355 asservati,
608 1292 682 1361 quo
708 1291 795 1340 usus
819 1277 874 1339 est
900 1261 1100 1337 Matthiaeb.
1151 1266 1273 1357 Ipsius

167 1383 321 1455 Victorii
338 1387 564 1480 conjecturae,
581 1409 664 1477 quae
690 1396 808 1455 tamen
827 1394 863 1454 et
883 1406 975 1455 rarae
1001 1392 1086 1453 sunt
1107 1392 1143 1453 et
1168 1381 1274 1452 levis-

166 1500 279 1583 simae,
296 1504 506 1594 plerumque
524 1501 703 1591 adscripto
725 1497 768 1570 ἵσ.
786 1524 808 1571 a
825 1500 955 1571 codicis
972 1501 1182 1571 lectionibus
1199 1498 1273 1570 dis-

166 1626 373 1687 cernuntur.
425 1618 486 1688 Ex
512 1617 609 1688 Flor.
630 1640 663 1687 2.
680 1617 880 1708 descriptus
900 1626 954 1687 est
978 1617 1023 1687 ab
1040 1616 1188 1687 librario
1205 1615 1274 1685 im·

168 1732 386 1822 peritissimo

218 1849 282 1944 (9.)
301 1845 409 1919 Flor.
429 1872 458 1918 1.
481 1849 570 1942 (sire
588 1846 710 1920 Lacr.
720 1845 776 1919 D.
794 1851 889 1939 apud
907 1847 1037 1917 Elmsl.
1055 1848 1100 1917 ad
1118 1846 1269 1941 Bacch.)

166 1965 323 2057 ejusdem
343 1965 567 2037 bibliothecae
588 1966 702 2056 plutei
721 1987 780 2059 31,
804 1989 834 2033 1.
850 1964 913 2056 qui
939 1962 1105 2033 undecim
1129 1962 1272 2033 fabulas

165 2082 425 2172 complectitur,
449 2081 623 2165 Rhesum,
647 2080 873 2176 Iphigeniam
893 2079 1085 2149 Tauricam
1111 2088 1148 2148 et
1164 2078 1273 2148 Auli·

165 2197 322 2279 densem,
338 2196 539 2268 Pentheum
556 2197 594 2287 (i.
605 2222 635 2267 e.
651 2198 836 2291 Bacchas),
855 2196 1051 2287 Supplices,
1065 2195 1272 2288 Cyclopem,

167 2312 388 2396 Heraclidas,
433 2314 637 2396 Herculem,
678 2314 866 2396 Helenam,
905 2313 1041 2395 Ionem,
1075 2310 1271 2382 Electram.

165 2427 391 2499 Baccharum
424 2452 547 2499 versus
583 2430 816 2523 756-1392.
850 2429 896 2498 ab
930 2450 1039 2496 manu
1075 2426 1272 2496 recentiore

165 2546 321 2636 suppleti
347 2555 432 2615 sunt
457 2568 501 2615 ex
522 2544 678 2616 editione
702 2544 850 2627 Aldina,
868 2567 912 2614 ne
937 2542 1103 2614 correctis
1122 2542 1271 2634 quidem

166 2660 263 2730 vitiis
281 2660 524 2752 typotheticis.

221 2798 275 2846 10.
302 2773 398 2847 Par.
418 2773 473 2846 Ε.
496 2776 715 2859 chartaceus,
732 2800 776 2846 ex
802 2776 941 2846 duobus
967 2774 1183 2867 compositus
1209 2798 1270 2845 vo-

206 3036 219 3072 υ
241 3038 338 3110 Quum
361 3038 497 3096 lectiones
517 3037 689 3097 Victoriana
710 3038 849 3097 etiamad
869 3038 996 3096 Troades
1015 3036 1184 3116 pertineant,
1205 3056 1270 3116 qua

166 3134 261 3192 sabula
274 3134 302 3192 iu
319 3136 397 3193 nullo
412 3136 496 3194 hodie
511 3136 647 3214 reperitur
668 3137 766 3195 codice
788 3134 964 3204 hlorentino,
978 3134 1124 3192 Troadum
1139 3135 1270 3213 exempla

165 3253 200 3292 ex
215 3232 389 3293 bibliotheca
403 3234 597 3292 Laurentisne
611 3238 725 3293 mathee
739 3233 898 3311 suspicatus
912 3245 956 3291 cst
970 3231 1123 3291 Elmalelus
1137 3233 1172 3290 ad
1187 3233 1268 3293 Med.

164 3352 192 3409 p.
207 3332 233 3388 8.
256 3330 312 3393 Qui
328 3351 385 3388 uon
401 3330 509 3389 videtur
523 3333 637 3410 cognita
652 3331 781 3390 habuisse
794 3351 857 3408 quse
874 3332 909 3390 de
930 3330 1027 3389 codice
1040 3330 1185 3389 Troadum
1208 3333 1270 3408 ipse

165 3427 289 3506 prodidit
306 3426 450 3485 Victorius
471 3429 536 3485 Var.
560 3429 642 3487 Lcct.
665 3431 713 3504 36,
738 3449 784 3487 22.
808 3432 952 3488 “Auxilio
973 3431 1041 3487 miti
1051 3429 1115 3506 suit
1137 3431 1175 3486 ud
1197 3429 1271 3486 hunc

164 3528 253 3584 locum
268 3524 307 3597 (Τ
309 3525 384 3583 road.
400 3544 424 3581 v.
440 3524 523 3602 365.)
539 3529 904 3585 restituendum—Fuluius
923 3527 1045 3594 Ursinus,
1062 3529 1182 3602 quicum
1197 3527 1270 3584 hunc

154 3623 287 3703 schalam
301 3624 456 3680 contraiisset
469 3642 531 3680 cum
545 3627 660 3699 antiquo
676 3633 704 3682 et
723 3626 814 3683 eodem
826 3626 909 3702 fideli
923 3625 1000 3690 libro,
1016 3640 1190 3698 quecumque
1209 3624 1270 3681 illic

163 3722 281 3796 repperit
296 3739 314 3777 a
325 3722 492 3795 pervulgato
507 3724 621 3779 ketione
634 3725 755 3791 cariata,
770 3725 809 3779 od
820 3741 863 3779 me
876 3727 1002 3779 amanter
1015 3720 1116 3776 aiut?
1141 3722 1269 3798 Apparet

163 3838 197 3877 ex
212 3819 255 3875 his
269 3817 414 3875 Troadum
425 3818 553 3876 codicem
569 3819 766 3878 Victoriauutn
790 3838 847 3877 non
870 3816 1078 3887 Florentinum,
1091 3817 1140 3874 sed
1156 3815 1267 3876 Roma·

163 3936 231 3974 num
248 3913 340 3972 titisse.
376 3915 527 3973 lectioms
542 3915 610 3993 ipsae
626 3916 666 3975 ita
679 3919 785 3994 ubique
799 3936 864 3974 cum
882 3915 1019 3973 Vaticano
1034 3915 1069 3971 Α.
1083 3916 1268 3972 consentiant
1304 3961 1311 3971 .

163 4024 194 4072 ut
205 4031 238 4070 ex
252 4031 286 4069 eo
300 4013 363 4088 ipso
374 4011 492 4069 similive
504 4013 598 4089 aliquo
612 4013 709 4073 codice
725 4012 828 4091 (qualis
842 4025 887 4071 est
899 4030 982 4088 quem
999 4009 1149 4069 Florentiae
1163 4021 1268 4068 coutu-

162 4110 195 4168 lit
209 4107 339 4182 Vossius)
356 4120 503 4187 excerptas
518 4127 579 4166 esse
596 4124 740 4188 appareat.
782 4111 975 4173 Quamobrem
998 4108 1149 4167 lectionem
1164 4106 1265 4166 Victo·

160 4204 267 4263 rianam
282 4203 311 4261 in
326 4204 379 4262 hac
393 4223 506 4281 quoque
521 4218 552 4263 ut
567 4205 595 4264 in
607 4207 707 4265 ceteris
722 4205 835 4275 fabulis,
850 4226 919 4283 quas
934 4226 1000 4264 cum
1014 4207 1089 4264 Flos.
1101 4222 1129 4265 a.
1144 4204 1267 4263 contulit

160 4302 309 4370 Victorius,
326 4303 491 4381 plerumque
505 4303 589 4362 omisi
604 4318 739 4383 tanquam
755 4305 867 4383 pondus
882 4304 975 4362 inane.
