2864 4914
358 703 600 808 INDEX
639 701 1054 806 LIBRORUM.

568 1008 842 1050 ...Q-.-

213 1249 241 1295 1.
269 1223 372 1296 Rom.
391 1223 442 1295 A.
465 1228 686 1298 bibliothecae
703 1227 890 1299 Vaticanae
918 1249 1002 1321 909.
1025 1223 1259 1316 bombycinus

159 1342 268 1411 seculi
288 1343 498 1413 duodecimi.
551 1344 682 1413 Insunt
707 1343 839 1414 fabulae
866 1353 1001 1433 septem
1025 1341 1153 1432 primae
1178 1362 1260 1409 cum

161 1456 365 1527 Troadibus
383 1469 418 1527 et
436 1457 567 1527 Rheso.
620 1457 743 1528 Variae
766 1457 932 1528 lectiones
953 1458 1059 1527 modo
1076 1458 1121 1527 ab
1138 1456 1261 1525 eadem

160 1596 242 1664 quae
261 1574 414 1643 codicem
432 1574 585 1664 scripsit,
599 1575 704 1643 modo
721 1573 767 1643 ab
784 1573 863 1642 aliis
880 1573 1045 1643 manibus
1062 1571 1261 1662 adscriptae.

161 1687 242 1757 Hoc
268 1688 385 1758 codice
412 1689 448 1757 in
477 1686 608 1758 Medea
633 1712 719 1758 usus
745 1697 799 1757 est
819 1688 1025 1770 Etmsleius
1043 1711 1110 1783 ego
1132 1688 1170 1757 in
1196 1687 1264 1756 Al·

161 1805 303 1887 cestide,
323 1805 525 1876 Troadibus
543 1818 578 1876 et
596 1805 729 1890 Rheso,
746 1807 808 1876 ubi
833 1805 988 1897 simplici
1012 1805 1116 1875 litera
1133 1800 1184 1873 A.
1202 1804 1263 1872 de·

160 1921 314 2016 signavi.

215 2061 247 2107 o.
277 2035 335 2109 H.
367 2039 440 2108 sive
468 2035 604 2108 Havn.
633 2039 856 2110 bibliothecae
883 2038 993 2133 regiae
1025 2036 1265 2107 Havniensis⁸

162 2155 273 2223 codex
290 2155 507 2237 chartaceus,
525 2179 569 2225 ex
586 2179 658 2247 quo
675 2165 876 2246 excerptam
895 2179 918 2224 a
934 2155 980 2224 B.
1000 2153 1044 2223 G.
1062 2151 1265 2223 Niebuhrio

161 2269 322 2338 lectionis
344 2270 585 2341 diversitatem
608 2271 721 2341 edidit
738 2271 918 2342 Matthiae.
966 2269 1177 2340 Simillimus
1198 2279 1263 2352 est,

162 2386 326 2476 quamvis
356 2389 470 2456 multo
499 2388 684 2469 recentior,
711 2385 887 2456 Vaticano
918 2410 1001 2481 909.
1031 2409 1184 2477 quocum
1213 2384 1265 2455 ita

163 2499 296 2590 ubique
321 2506 497 2571 consentit
514 2512 554 2571 ut
573 2526 617 2571 ex
634 2503 756 2571 eodem
782 2512 976 2592 utrumque
1001 2502 1099 2571 fonte
1116 2502 1264 2571 ductum

163 2638 239 2684 csse
256 2627 436 2707 appareat.
476 2617 621 2709 Amplae
639 2618 769 2708 quibus
787 2616 983 2688 Vaticanus
1000 2617 1039 2686 in
1062 2617 1212 2686 Hecuba
1229 2624 1265 2686 et

163 2730 284 2800 Rheso
301 2733 440 2803 laborat
457 2736 606 2816 lacunae,
625 2736 734 2803 nullae
756 2742 840 2802 sunt
857 2733 895 2802 in
915 2732 1123 2803 Havniensi.
1177 2731 1266 2802 Ter-

163 2846 236 2916 tius
254 2848 412 2940 ejusdem
430 2848 578 2918 familiae
595 2851 704 2919 codex
722 2859 776 2918 est

214 2963 280 3055 (3.)
308 2958 412 3031 Rom.
436 2961 488 3031 B.
515 2964 589 3034 sive
606 2963 803 3034 Vaticanus
831 2965 1017 3034 Palatinus
1044 2964 1103 3059 98.
1124 2966 1265 3035 easdem

161 3102 288 3150 novem
315 3079 454 3149 fabulas
481 3082 696 3171 complexus,
722 3081 873 3150 lectione
899 3083 944 3151 ab
960 3081 1107 3150 librario
1130 3081 1264 3171 passim

165 3196 389 3286 interpolata.
411 3196 576 3266 Medeam
590 3196 742 3266 contulit
753 3195 967 3266 Elmsleius:
996 3196 1150 3287 reliquas
1163 3196 1265 3266 fabu-

163 3314 215 3381 las
238 3311 390 3381 conferri
408 3335 525 3402 operae
551 3311 707 3402 pretium
733 3321 891 3381 nonest.
944 3312 1103 3394 Quartus
1129 3312 1267 3403 etipse

163 3428 289 3498 similis
307 3429 498 3498 earundem
516 3428 719 3498 fabularum
738 3430 848 3498 codex
865 3437 918 3499 est

215 3543 280 3635 (4)
307 3539 414 3613 Flor.
440 3541 492 3612 Α.
518 3543 555 3612 id
582 3553 636 3613 est
662 3544 752 3613 liber
775 3545 821 3614 ab
848 3544 895 3613 Is.
914 3543 1043 3614 Vossio
1072 3544 1267 3617 Florentiae

164 3661 324 3742 collatus,
355 3660 393 3729 in
423 3660 585 3754 margine
614 3660 827 3751 exemplaris
853 3661 1062 3732 Canteriani
1092 3663 1267 3755 Antverp.

206 3975 222 4005 ⁸
242 3965 285 4020 Ex
300 3962 355 4020 alio
370 3963 495 4040 ejusdem
511 3961 690 4021 bibliothecae
704 3963 802 4020 codice
817 3964 986 4041 bombycino
1006 3983 1033 4019 n.
1049 3981 1139 4040 3549.
1155 3978 1211 4024 tres
1228 3967 1270 4024 fa.

164 4059 245 4118 bulas
266 4061 370 4136 primas
392 4058 540 4136 complexo
559 4059 690 4117 lectionis
711 4059 902 4118 diversitatem
924 4059 1012 4118 edidit
1026 4062 1063 4118 0.
1079 4063 1117 4120 D.
1133 4063 1269 4123 Blochius

165 4156 194 4213 in
208 4156 404 4214 Friedetuanni
414 4169 443 4214 et
455 4156 584 4215 Scebodii
597 4156 720 4215 Miscell.
733 4155 795 4216 crit.
805 4156 860 4215 vol.
877 4176 901 4215 1.
912 4178 940 4235 p.
952 4160 1102 4235 394-398.
1115 4161 1267 4235 476-486.

162 4256 316 4328 630-637.
