2864 4914
188 278 253 345 106
552 277 931 344 ANNOTATIONES

232 470 305 537 914
323 450 355 518 ὃς
370 449 441 534 εἴπ’]
460 450 511 514 De
525 450 584 514 hoc
599 472 657 514 usu
673 449 876 538 pronominis,
891 473 956 536 quo
975 448 1016 514 ad
1033 448 1208 513 institutam
1224 472 1292 513 ora-

190 555 305 620 tionem
328 552 460 630 reditur,
484 552 555 616 vide
576 577 649 638 quae
672 552 779 616 monui
800 552 841 616 ad
866 552 1000 640 hymnos
1022 554 1156 616 Homer.
1179 551 1291 616 Anim.

189 681 221 746 p.
235 659 306 740 176.
322 669 354 720 et
368 654 442 719 edit.
457 677 490 742 p.
507 674 559 740 31.
577 657 719 719 Gramm.
736 655 797 719 Gr.
815 656 845 738 ξ.
860 669 936 737 477.
951 677 980 718 a.
997 656 1190 720 MATTH.

233 775 302 846 915.
319 757 511 846 Hesychius,
526 755 602 822 ’Ὑπὸ
617 757 641 822 δ’
657 759 768 823 έτεινεε
792 758 979 838 ὑπέβαλλεν.

232 865 306 949 916.
329 866 370 949 τῷ
395 862 465 944 σφὼ
490 862 723 950 κατακτείνοντι]
748 862 795 925 Ei
816 863 872 948 qui
894 883 949 926 vus
971 861 1203 948 interficiendos
1223 884 1293 926 cett·

189 960 281 1016 seret.

234 1074 310 1140 919.
325 1051 495 1137 Ὀλιγάκις]
514 1052 608 1116 Hanc
619 1074 725 1116 vocem
740 1051 835 1116 bisin
849 1050 909 1116 hoc
924 1051 1075 1131 dramate,
1087 1050 1138 1116 hic
1152 1067 1183 1116 et
1197 1075 1294 1138 supra

190 1158 264 1244 387.
279 1154 406 1221 adhibet
423 1153 605 1241 Euripides,
620 1154 707 1241 quod
721 1178 784 1219 non
800 1154 927 1219 memini
940 1177 959 1219 a
973 1153 1098 1241 tragicis
1110 1153 1183 1219 alibi
1200 1177 1292 1218 usur-

191 1274 310 1347 patum.
338 1260 440 1322 POR.
486 1258 577 1322 Idem
602 1257 643 1322 de
667 1257 763 1322 verbo
788 1259 929 1342 χραίνων,
956 1257 1043 1344 quod
1071 1257 1295 1344 interpretibus

190 1361 379 1450 quibusdam
394 1360 555 1425 offensioni
568 1361 683 1439 fuerat,
698 1360 765 1425 haec
779 1360 938 1425 annotavit
957 1368 980 1399 “
997 1360 1059 1426 Sed
1074 1360 1176 1448 primo
1190 1361 1295 1425 obser·

191 1465 329 1530 vandum
348 1479 405 1542 est,
420 1462 453 1528 id
473 1463 559 1550 quod
576 1463 781 1551 Musgravius
796 1463 861 1528 fere
875 1465 1045 1550 perspexit,
1059 1464 1219 1544 nuncium,
1234 1462 1295 1528 hoc

192 1581 239 1634 est
260 1568 364 1655 ipsum
380 1565 579 1653 Euripidem,
593 1590 664 1631 curn
688 1565 783 1632 tacita
802 1566 939 1654 quadam
962 1566 1174 1655 indignatione
1195 1567 1296 1654 loqui,

193 1671 282 1759 quasi
296 1668 437 1733 homines
452 1668 564 1732 urbani
575 1669 761 1734 rusticorum
773 1670 958 1735 commercio
968 1694 1001 1735 se
1011 1671 1111 1757 pollui
1122 1670 1294 1736 crederent.

193 1773 319 1839 Deinde
332 1771 437 1837 omnia
453 1770 635 1859 hujusmodi
650 1773 755 1852 verba,
769 1796 841 1838 cum
863 1772 1014 1860 originem
1038 1774 1112 1839 satis
1133 1775 1296 1839 honestam

192 1877 339 1953 habeant,
362 1898 382 1939 a
407 1874 543 1962 tragicis,
566 1874 712 1963 pristinas
740 1874 892 1941 formulas
920 1877 1120 1956 sectantibus,
1145 1893 1178 1943 et
1207 1876 1296 1966 vulgi

194 1977 354 2046 sententiae
370 1977 495 2056 securis,
511 2000 593 2064 soepe
612 1977 652 2040 ad
669 2000 778 2042 verum
800 1994 831 2043 et
847 1994 981 2044 veterem
1005 2003 1128 2046 sensnm
1150 2004 1298 2048 revocan-

194 2100 257 2149 tur.
302 2080 397 2161 Quod
411 2095 443 2145 et
457 2080 488 2143 in
505 2081 563 2145 hoc
578 2080 646 2144 loco
660 2080 777 2144 factum
794 2080 927 2146 videtur.
964 2086 1107 2165 Χραίνειν
1121 2084 1203 2148 enim
1219 2085 1294 2150 nihii

193 2185 279 2250 aliud
295 2183 419 2272 proprie
434 2181 597 2270 significat,
608 2205 703 2270 quarn
719 2185 766 2246 rei
779 2185 964 2272 cujusquam
975 2188 1171 2272 superficiem
1186 2188 1298 2252 ἱννίιοτ

194 2290 307 2354 rudere
329 2287 376 2352 vel
396 2289 564 2375 attingere.
609 2286 727 2350 Confer
749 2284 923 2352 Ruhnken.
944 2289 984 2352 ad
1008 2288 1167 2353 Timaeum
1189 2312 1223 2377 p.
1243 2306 1297 2376 75,

198 2413 268 2475 104
313 2391 484 2478 Euripides
498 2391 575 2477 ipse,
590 2389 712 2477 opinor,
727 2389 780 2454 vix
800 2413 896 2455 ausus
916 2405 996 2455 essct
1014 2392 1145 2456 verbum
1168 2396 1298 2474 μιαίνειν

195 2486 278 2563 bono
293 2518 384 2560 sensu
400 2516 561 2578 usurpare.
606 2491 691 2571 Quid
706 2507 810 2557 autem
827 2495 1012 2559 Homerus?
1037 2495 1077 2561 ΙΙ.
1096 2503 1132 2560 Δ.
1147 2515 1219 2578 141.
1240 2496 1299 2565 Ὡς

195 2599 219 2664 δ’
236 2601 286 2664 ὅτε
300 2600 345 2666 τίς
358 2596 382 2662 τ’
400 2596 554 2678 ἐλέφαντα
567 2595 642 2678 γυνὴ
658 2597 770 2677 φοίνικι
782 2596 879 2676 μιήνῃ.
917 2599 1017 2676 Quem
1034 2598 1174 2664 imitatus
1188 2599 1299 2664 Helio-

195 2703 293 2768 dorus
304 2698 477 2785 AEthiopic.
493 2719 540 2762 10.
555 2719 604 2783 15.
620 2722 653 2785 p.
664 2716 740 2783 479.
757 2698 848 2778 dixit,
862 2699 986 2787 nigrum
998 2703 1030 2765 in
1042 2702 1176 2767 candido
1188 2703 1299 2768 Chari-

195 2807 269 2872 cleae
285 2802 412 2869 brachio
432 2800 582 2866 circulum
605 2824 789 2879 memorans,
806 2803 854 2866 καὶ
868 2803 905 2883 ἦν
920 2830 963 2872 τις
977 2807 1079 2887 ὥσπερ
1094 2806 1201 2886 ἔβενος
1214 2808 1296 2888 περί·

197 2915 303 2989 δρομος
329 2906 483 2988 ἐλέφαντα
507 2904 561 2969 τὸν
585 2909 736 2988 βραχίονα
759 2908 894 2986 μιαίνων.
942 2907 1015 2986 Sed,
1042 2922 1079 2972 ut
1103 2909 1143 2973 ad
1166 2910 1297 2975 verbum

196 3013 331 3094 χραίνειν
359 3006 497 3088 redeam,
523 3006 582 3072 hac
611 3007 679 3095 ipsa
703 3032 778 3073 voce
803 3008 835 3073 in
864 3010 977 3075 scelere
1001 3012 1168 3099 purgando
1198 3013 1299 3078 utitur

197 3111 370 3198 AEschylus
391 3110 477 3198 apud
500 3109 703 3175 Eustathium
726 3111 766 3175 ad
791 3111 884 3176 111.
907 3136 940 3199 p.
958 3117 1114 3201 1183,17.
1138 3116 1300 3196 ἐπιτήδειος

196 3214 292 3281 ἐδόκει
313 3215 386 3297 πρὸς
409 3215 560 3298 καθαρμὸν
582 3218 598 3279 ὁ
622 3221 687 3293 οὓς,
710 3217 750 3282 ὧς
770 3221 859 3294 δηλοῖ
872 3218 1026 3299 Αἰσχύλος
1047 3221 1081 3283 έν
1100 3223 1151 3306 τῷ,
1167 3221 1247 3302 Πρὶν
1261 3219 1300 3284 ἂν

195 3326 366 3404 παλαγμοῖς
387 3322 508 3400 αίματος
528 3318 719 3403 χοιροκτόνον
734 3316 829 3386 Αὐτός
851 3345 887 3384 σε
909 3319 1005 3403 χράνῃ
1021 3322 1096 3390 Ζεὺς
1116 3322 1301 3401 καταστάξας

196 3429 308 3506 χεροῖν.
354 3423 464 3488 Obiter
486 3440 561 3487 nota
583 3443 694 3485 nomen
709 3420 850 3508 ejusdem
866 3422 958 3508 plane
970 3423 1104 3511 generis,
1120 3430 1298 3507 παλαγμαῐς,

197 3526 283 3612 quod
300 3527 416 3591 frustra
430 3525 461 3588 in
477 3531 661 3606 σταλαγμοῖς
676 3538 779 3589 mutat
793 3525 941 3589 Pauwius
955 3525 996 3589 ad
1012 3528 1141 3613 Fragm.
1158 3549 1191 3613 p.
1206 3546 1299 3607 1114.

197 3651 225 3692 a
257 3627 445 3715 AEschylum
480 3650 520 3691 an
549 3625 738 3712 Euripidem
770 3627 857 3714 sequi
887 3628 1012 3693 videtur
1040 3629 1181 3695 Achoeus
1213 3627 1301 3715 apud

199 3731 390 3796 Athenaeum
407 3747 435 3811 7.
459 3753 492 3816 p.
509 3744 579 3811 277.
598 3730 636 3792 Β.
662 3728 716 3792 ubi
738 3728 778 3794 de
799 3729 937 3816 piscibus
958 3731 1017 3796 ait:
1047 3735 1229 3814 Χραίνοντες
1250 3731 1299 3796 οὔ·

196 3837 328 3918 ραίοισιν
343 3833 443 3897 εὐδίαν
458 3829 538 3899 ἁλός.
580 3832 726 3919 Denique
742 3849 854 3919 quater
867 3833 952 3899 hunc
966 3835 1068 3920 ipsum
1086 3858 1210 3900 versum
1224 3835 1301 3899 citat

199 3937 386 4002 Eustachius
401 3936 441 4000 ad
459 3937 500 4000 11.
513 3943 551 4001 A.
569 3959 601 4023 p.
619 3938 695 4019 467,
713 3938 764 4000 26.
780 3940 874 4023 1063,
888 3959 943 4023 34.
963 3939 1056 4023 1158,
1074 3939 1125 4004 18.
1142 3958 1235 4024 1335,
1246 3952 1300 4023 59.

197 4057 229 4105 et
244 4040 292 4105 bis
307 4038 433 4125 quidem
449 4054 578 4127 propter
593 4039 725 4104 verbum
741 4039 903 4123 χραίνειν.”

241 4161 314 4226 920.
337 4145 435 4229 οίπερ]
463 4143 584 4207 Eadem
606 4143 796 4208 constructio
820 4142 895 4207 Hel.
914 4144 989 4223 448.
1010 4141 1130 4225 Ἕλλην
1151 4146 1300 4225 πεφυκὸς,

198 4248 278 4310 οἶσιν
292 4246 344 4310 οὐκ
359 4247 549 4327 ἐπιστροφαί.
574 4245 627 4309 ubi
645 4246 724 4310 male
739 4246 957 4333 MusgraviuS,
970 4248 1169 4329 ἆποστροφαί.
1186 4245 1301 4335 Suppl.

198 4355 270 4431 870.
286 4352 388 4431 φίλοις
401 4348 426 4414 τ’
441 4350 553 4430 ἀληθὴς
566 4351 604 4430 ἦν
618 4353 718 4433 φίλος,
734 4353 865 4432 παροῦσί
876 4377 919 4425 τε,
938 4352 996 4416 Καὶ
1016 4352 1056 4432 μὴ
1078 4357 1234 4435 παροῦσιν·
1259 4353 1302 4415 ὃν

198 4453 321 4536 ἀριθμὸς
349 4454 384 4518 οὐ
410 4455 515 4521 πολύς.
559 4452 725 4542 Aristoph.
754 4453 885 4518 Thesm.
915 4477 975 4519 sec.
998 4454 1108 4541 fragm.
1135 4475 1182 4517 11.
1213 4452 1302 4540 apud
