2864 4914
195 301 262 365 810
556 302 935 367 ANNOTATIONES

195 485 243 536 est
255 469 383 557 pudica,
398 495 495 559 qnam
508 474 628 560 pudica
640 495 706 538 esse
719 496 784 537 non
795 481 910 561 possen
922 472 975 535 οὐκ
988 470 1103 554 ἔχουσα
1113 476 1294 553 σωφρονεῖν.

198 573 395 661 Hippolytus
420 593 525 641 autern
550 575 700 662 pudicitia
724 598 781 640 sua
804 596 865 638 non
890 574 969 639 bene
995 595 1071 637 usus
1094 588 1171 648 erat,
1194 595 1294 658 quum

196 675 326 740 libidine
342 676 402 742 Ph.
420 701 480 741 non
500 677 715 765 patefacienda
736 676 953 751 committeret,
971 689 1007 738 ut
1028 674 1094 761 ipse
1116 674 1297 761 impudicus

197 778 374 844 haberetur.
418 782 470 846 De
492 780 540 843 his
562 779 720 864 oxymoris
742 778 905 866 Euripidis
926 776 988 842 vid.
1007 777 1146 863 Bergler.
1161 776 1201 840 ad
1217 777 1294 840 Ari-

197 882 301 968 stoph.
318 883 401 947 Ach.
418 899 493 968 395.
511 883 699 945 MATTH.

244 988 334 1069 1038.
360 986 394 1048 οὐ
421 987 491 1067 γόης
515 987 589 1048 Par.
613 988 655 1049 A.
702 984 884 1070 Legebatur
911 984 958 1047 καὶ
986 985 1069 1066 γόης,
1093 981 1179 1068 quod
1205 1005 1294 1046 revo-

197 1085 344 1151 candum.

241 1208 335 1272 1039.
366 1189 539 1273 εὖοργησίᾳ]
569 1188 724 1273 εόορκησία
751 1189 842 1253 Lasc.
871 1187 950 1251 Ald.
978 1201 1009 1251 et
1037 1186 1178 1274 plerique
1201 1184 1295 1250 001111.

198 1291 355 1372 εόορκησόα
370 1313 431 1353 non
447 1290 505 1354 nisi
520 1313 558 1354 ex
574 1290 748 1355 Alexandri
765 1290 889 1355 Helena
903 1304 1064 1354 enotatum
1079 1288 1194 1374 legitur
1207 1287 1295 1374 apud

196 1391 363 1457 Antiattic.
386 1392 417 1456 in
434 1392 536 1458 Beklt.
554 1393 672 1458 Aneed.
688 1417 720 1481 p.
733 1395 786 1480 96.
808 1409 840 1458 et
862 1392 1013 1479 analogiae
1034 1390 1156 1478 legibus
1178 1412 1294 1475 repug-

196 1517 271 1558 nare
294 1493 459 1558 videbatur
476 1494 584 1559 Valck.
607 1496 693 1582 quod
716 1496 772 1561 etsi
795 1518 882 1560 secus
904 1518 936 1558 se
959 1493 1072 1558 habere
1093 1491 1295 1558 concesserim

197 1595 358 1661 Lobeclrio
373 1596 412 1660 ad
428 1597 550 1684 Phryn.
566 1621 596 1684 p.
610 1617 684 1682 513.
705 1597 801 1686 hujus
819 1613 923 1663 tamen
938 1597 1048 1661 formae
1064 1595 1210 1682 exempla
1231 1616 1296 1658 non

196 1699 254 1763 nisi
270 1699 300 1763 in
316 1698 483 1762 serioribus
499 1700 656 1785 leguntur.
694 1702 761 1764 Nec
778 1700 922 1764 Theseus
937 1699 1047 1778 filium,
1061 1720 1155 1784 quern
1170 1695 1296 1761 mentiri

196 1800 343 1866 credebat
372 1800 429 1864 etsi
454 1801 608 1886 juratum,
635 1803 757 1883 εὔορκον
779 1801 865 1874 εἶναι,
893 1803 1035 1882 εὐορκεῖν,
1062 1802 1218 1884 εὐορκησίω
1247 1799 1295 1863 uti

196 1904 299 1969 dicere
322 1916 452 1988 poterat.
500 1904 615 1989 ltaque
637 1921 719 1969 recte
742 1906 868 1989 Musgr.
891 1917 923 1966 et
940 1900 1048 1967 Valck.
1069 1925 1088 1966 e
1107 1903 1180 1965 Par.
1196 1904 1242 1966 A.
1263 1914 1296 1965 et

198 2005 292 2071 schol.
316 2004 484 2069 ediderunt
507 2007 675 2090 εὐοργησίᾳ,
698 2029 763 2091 quo
784 2004 896 2069 alludit
917 2004 1009 2068 etiam
1034 2003 1121 2068 Flor.
1143 2005 1186 2067 A.
1211 2003 1295 2084 εόερ·

197 2111 296 2193 γεσίᾳ,
325 2107 479 2172 Florio,
507 2110 689 2191 εὐεργεσίαν.
736 2106 883 2172 Similiter
907 2120 1044 2171 erratum
1068 2106 1100 2169 in
1129 2118 1295 2191 grammat.

196 2232 247 2293 ap.
271 2208 406 2274 Bekker.
430 2209 451 2272 l.
475 2234 502 2273 0.
531 2211 706 2291 Εὐεργεσία.
751 2211 910 2292 Εὐριπίδης
934 2208 1064 2291 Βάκχαις
1085 2229 1116 2270 v.
1138 2223 1214 2291 597.
1239 2206 1295 2269 ubi

196 2309 312 2396 legitur
329 2312 499 2394 εὐοργησία.
516 2314 708 2376 ΜΑΤΤΗ.

242 2435 334 2495 1041.
351 2416 442 2496 κάρτα
456 2417 559 2500 ταῦτα]
578 2420 669 2479 ταῦτα
684 2415 775 2496 κόρτιι
790 2413 875 2478 Flor.
894 2431 922 2477 2.
939 2414 1032 2476 Lasc.
1048 2415 1140 2475 ταῦτα
1154 2433 1216 2475 0111.
1232 2411 1278 2472 H.

244 2535 337 2597 1042.
350 2520 407 2596 μὲν
422 2519 505 2601 παῖς]
522 2525 592 2585 παῖς
605 2520 661 2598 μὲν
677 2518 762 2580 Flor.
783 2537 830 2580 10.

244 2638 335 2700 1044.
353 2622 505 2684 Deleatnr
519 2620 546 2702 γ’
563 2645 600 2683 ex
619 2620 703 2684 Flor.
720 2641 767 2684 10.
783 2619 937 2683 additum.

244 2741 336 2802 1047.
352 2725 507 2807 δυστυχεῖ]
527 2727 675 2801 δυσσεβεῖ
687 2723 772 2785 Flor.
789 2723 831 2784 A.
848 2740 897 2783 10.

244 2840 334 2906 1050.
352 2826 434 2886 ἐστιν
448 2825 546 2910 οὗτος]
563 2826 647 2891 οὗτός
661 2827 744 2887 ἐστιν
759 2825 833 2886 Pur.
851 2825 894 2886 A.
911 2823 938 2885 F
942 2820 997 2884 lor.
1011 2839 1059 2883 10.

244 2944 334 3008 1053.
360 2926 406 2988 καὶ
428 2929 526 2990 τόπων
544 2926 746 2990 Ἀτλαντικῶν
763 2927 853 2990 Lasc.
870 2924 947 2989 Ald.
964 2923 1050 2987 Flor.
1069 2943 1160 3008 215.
1178 2922 1293 2986 Pariss

196 3040 309 3112 praeter
332 3029 418 3090 AB.
444 3030 549 3091 Havn.
572 3031 722 3110 τερμόνων
744 3028 767 3090 τ’
789 3027 872 3091 Ἀτλ.
897 3026 984 3090 Flor.
1008 3028 1049 3089 A.
1076 3046 1125 3090 10.
1150 3027 1223 3089 Par.
1247 3027 1293 3088 A.

198 3127 266 3208 (sed
283 3127 313 3190 in
327 3129 384 3192 11οο
395 3130 491 3194 altera
503 3130 632 3195 lectione
643 3154 737 3217 supra
749 3130 890 3216 scripta.)
904 3131 942 3193 B.
956 3151 1036 3192 exv.
1048 3148 1079 3214 3.
1098 3129 1292 3193 MATTH.

243 3249 335 3314 1054.
359 3233 410 3315 ὡς]
429 3234 468 3300 ὣς
483 3233 588 3320 vulgo.
635 3233 719 3296 Mihi
741 3234 856 3296 rectius
871 3231 1035 3295 videbatur
1057 3233 1095 3297 ὡς
1109 3231 1166 3294 σὸν
1182 3233 1248 3314 ἕχθ.
1265 3259 1291 3295 κ.

196 3331 215 3393 i.
231 3355 258 3395 e.
275 3335 320 3395 ὅτι
335 3337 408 3397 οὕτω
425 3334 482 3397 σὸν
497 3338 562 3417 ἒχθ.
580 3364 604 3398 κ.
620 3359 680 3421 quo
695 3345 725 3398 te
738 3337 809 3399 odio
819 3356 1001 3421 prosequor,
1015 3357 1076 3420 pro
1086 3355 1120 3397 eo
1134 3355 1172 3396 αο
1187 3343 1216 3396 te
1229 3335 1292 3396 odi.

196 3433 268 3497 vid.
292 3435 396 3521 Iphig.
415 3438 457 3498 T.
473 3454 565 3518 1147.
613 3439 652 3500 In
677 3437 772 3522 Soplt.
796 3436 849 3501 El.
866 3440 917 3521 65.
941 3436 1157 3500 scribendum:
1183 3438 1291 3500 ἐκτετί-

194 3560 301 3614 μηνται
315 3537 419 3599 πλέον·
443 3539 481 3603 ὡς
498 3537 562 3618 κᾶμ’
579 3541 698 3621 ἐπαυχῶ
709 3576 771 3599 -.
796 3540 987 3603 ΜΑΤΤΗ.

243 3638 333 3720 105'6.
351 3637 489 3729 ἐλέγξας]
509 3639 645 3723 ἐλέγχων
662 3642 733 3704 Par.
751 3643 795 3705 A.

241 3756 334 3821 1057.
358 3741 481 3824 κλῆρον]
501 3742 617 3818 Sortes,
633 3742 697 3806 sive
717 3756 800 3806 notae
819 3766 857 3806 ex
876 3743 1046 3806 observatis
1060 3764 1229 3828 augurum,
1245 3757 1290 3805 ta·

194 3838 283 3902 bellis
297 3840 454 3928 inscriptae
469 3859 566 3907 etant.
606 3844 724 3908 Citavit
740 3843 847 3908 Valck.
866 3845 977 3907 Phoen.
996 3846 1068 3929 852.
1085 3844 1138 3907 ubi
1155 3843 1293 3907 Tiresias

194 3941 234 4005 ad
257 3957 372 4020 natam,
397 3945 530 4026 Κλήρους
551 3943 576 4008 τ’
593 3947 657 4025 ἑμο1
679 3949 822 4028 φύλασσε
844 3947 980 4032 παρθένῳ
994 3949 1072 4031 χερὶ,
1088 3949 1150 4015 ote
1165 3948 1291 4026 ἔλαβον,

194 4046 362 4123 οἰωνίσματ’
385 4048 510 4127 ὀρνίθων
531 4050 643 4127 μαθὼν,
661 4047 809 4113 Θόκοισιν
832 4051 865 4112 ἑν
888 4052 1022 4130 ἱεροῖσιν,
1045 4050 1079 4113 οὗ
1101 4050 1292 4129 μαντεύομαι.

195 4143 285 4208 Idem
300 4169 372 4208 011111
389 4146 504 4210 Thesei
519 4148 604 4212 dicto
619 4164 702 4212 recte
716 4149 849 4213 contulit
866 4149 962 4237 Soph.
975 4150 1052 4214 OEd.
1070 4152 1113 4215 T.
1125 4153 1200 4235 964.
1217 4156 1292 4223 Φεῦ,

194 4254 262 4330 φεῦ·
285 4252 317 4313 τό
335 4249 394 4327 δῆτ’
415 4249 464 4326 ἂν,
484 4248 507 4313 ὦ
529 4255 628 4332 γύναι,
644 4255 786 4316 σκοποῖτό
800 4278 843 4320 τις
856 4254 920 4331 Τὴν
935 4255 1128 4333 Πυθόμαντιν
1144 4255 1256 4328 ἑστίαν,
1272 4250 1291 4329 ἢ

193 4350 261 4416 τοὺς
274 4351 335 4413 dau
352 4350 522 4426 Κλόζοντας
536 4355 616 4433 ὄρνις
626 4382 687 4427 -;
713 4354 816 4416 MON
820 4355 862 4416 K.

239 4454 331 4516 1060.
348 4455 410 4516 λόω
426 4452 594 4517 Elmsleius
608 4454 649 4518 ad
665 4452 792 4518 Heracl.
809 4455 881 4538 805.
927 4454 1110 4540 Legebutur
1124 4456 1217 4519 λόσω.
