2864 4914
189 207 252 309 161
548 246 926 312 Arruomrmnms

188 424 287 482 κεῖσαι
308 417 382 498 πρὸς
402 422 440 483 τὰ
456 423 510 482 νῦν
522 420 708 483 πεπτωκότα.
746 419 816 484 Ion.
837 419 930 505 1396.
953 417 1005 481 οὐκ
1028 416 1062 480 έν
1077 417 1174 500 σιωπῇ
1195 410 1285 492 τάμά.

188 520 260 586 11111.
276 518 413 585 scholion
428 520 467 584 ad
482 543 513 582 v.
528 522 641 603 1276.”
664 522 856 586 ΜΑΤΤΗ.

237 625 328 705 1269.
344 622 492 701 ἀλλήλοιν
506 622 596 687 codd.
613 621 764 710 plerique.
791 623 936 704 ἀλλήλοις
949 620 1026 686 Ald.

234 726 326 806 1276.
344 727 381 788 τὰ
395 723 451 809 σά]
468 725 538 790 τόλε
552 725 673 812 aliquot
687 725 779 790 codd.

235 827 326 909 1278.
344 828 572 910 προσπίτνονσἸ
592 827 792 892 Scribebatur
805 822 1028 909 rrpoomrvmio’.

235 928 326 993 1281.
351 930 427 993 Post
449 928 534 993 hunc
557 953 680 994 versum
703 930 866 1017 legebatur
883 929 1034 1016 repetitus
1054 951 1087 990 v.
1103 928 1177 1012 976.
1201 925 1238 1007 ήν
1260 925 1285 990 δ’

186 1031 362 1112 ὑστερήσῃς,
378 1032 554 1115 οἰχόμεσθα,
572 1037 711 1113 κατθανῇ,
726 1055 819 1118 quem
837 1047 918 1096 recte
931 1031 1081 1095 omittunt
1096 1029 1218 1095 codices
1231 1051 1287 1094 sex

187 1133 379 1199 recentiores.
417 1136 495 1198 Alio
509 1136 540 1199 in
556 1137 661 1200 codice
676 1135 866 1223 adscriptum
883 1137 917 1199 έν
931 1141 1058 1204 πολλοῖς
1072 1135 1106 1199 οὐ
1122 1133 1257 1217 φέρεται.

234 1237 325 1317 1284.
345 1241 410 1302 αἰαῖ
422 1239 501 1321 αἰαῖ]
517 1237 607 1301 Libri
622 1236 713 1302 multi
726 1237 756 1302 οἳ
771 1237 811 1312 αἲ,
827 1237 878 1301 alii
894 1236 926 1302 ol
941 1237 972 1302 οἰ
986 1241 1027 1302 al.
1051 1239 1150 1300 Hunc
1162 1257 1285 1299 versum

186 1354 218 1403 et
243 1341 333 1425 1285.
358 1339 531 1426 Antigonoe
552 1340 713 1404 continuat
735 1339 815 1404 Ald.
853 1341 1037 1404 Correctum
1056 1362 1095 1402 ex
1115 1337 1285 1403 codicibus.

186 1442 358 1528 Antigonae
380 1458 484 1507 autem
509 1465 639 1530 persona
652 1442 683 1505 in
700 1441 777 1506 Ald.
793 1442 974 1529 praescripta
993 1459 1040 1506 est
1058 1465 1086 1505 v.
1105 1444 1199 1506 1280.
1217 1439 1287 1504 licet

186 1544 294 1610 eadem
311 1563 385 1610 nota
400 1570 430 1608 v.
449 1566 539 1630 1279.
556 1547 595 1610 sit
610 1546 750 1632 praeflxa.
789 1545 994 1609 Manifestum
1011 1560 1057 1607 est
1072 1542 1174 1607 versui
1193 1543 1286 1607 1280.

188 1650 319 1713 locastae
336 1670 447 1712 nomen
462 1647 595 1712 adscribi
610 1648 765 1712 debuisse.
810 1650 911 1712 Porro
928 1671 958 1710 v.
978 1648 1070 1713 1286.
1087 1651 1135 1711 διὰ
1150 1645 1248 1728 σάρκα
1261 1644 1286 1709 δ’

187 1751 262 1832 ludu
276 1751 441 1838 praefixum
457 1750 490 1813 iu
506 1751 584 1814 Ald.
601 1757 656 1815 Xo.

229 1854 319 1917 1286.
336 1857 399 1932 διὰ]
419 1852 566 1939 Plerique
580 1853 651 1917 libri
665 1853 907 1941 interjectionem
925 1853 1133 1940 praemittunt,
1148 1847 1200 1914 ulii
1216 1849 1286 1929 att,

187 1954 271 2040 quod
288 1953 381 2019 estin
398 1956 445 2018 H.
465 1968 495 2018 et
512 1954 602 2033 Ald.,
616 1955 668 2019 alii
691 1956 725 2020 αἰ
743 1956 783 2028 αἰ,
805 1955 859 2020 alii
880 1955 911 2019 αἲ
934 1953 964 2019 αἲ
985 1953 1025 2028 αἰ,
1042 1953 1169 2042 quidam
1192 1951 1287 2017 etiam

189 2057 203 2121 ἓ
219 2058 242 2121 έ.
288 2059 388 2121 Recte
403 2057 451 2120 1111
464 2072 570 2122 carent
586 2059 674 2122 Flor.
691 2073 763 2122 tres.

235 2163 326 2243 1287.
345 2161 437 2227 1288.
454 2162 569 2226 Versus
583 2160 756 2226 dochmiaci
771 2162 936 2249 praemissis
951 2161 1053 2226 tribua
1073 2158 1200 2247 syllabis
1218 2159 1288 2224 bre-

186 2261 287 2327 vibus.

232 2366 325 2446 1287.
341 2365 467 2447 ματέρος
481 2366 547 2429 duo
560 2365 689 2430 codices.
726 2366 832 2452 Vulgo
846 2369 964 2450 ματρός.

232 2469 323 2535 1288.
362 2470 522 2549 δίδυμα-
542 2468 547 2556 Ι
566 2469 823 2554 πότερον-Ιίἰο
855 2474 914 2532 Ζεῦ
924 2506 967 2517 -
986 2467 991 2555 Ι
1010 2466 1289 2554 ὁμογενᾶ-Ιτά-

185 2570 317 2636 λαιν’-
335 2569 340 2657 Ι
358 2573 537 2653 πότερον-
555 2571 560 2658 Ι
580 2577 639 2654 φεῦ
667 2571 703 2635 δά
732 2576 791 2654 φεῦ
820 2571 909 2636 811-
927 2569 931 2658 Ι
952 2573 1068 2653 δαρί-
1086 2568 1091 2656 Ι
1109 2569 1208 2635 πέσεα
1236 2571 1289 2634 πέ·

186 2700 243 2738 σεα
272 2673 418 2759 Ιδάϊα-
437 2672 441 2758 Ι
461 2674 645 2740 τάλανες-
664 2673 668 2759 Ι
689 2675 792 2737 έπί-
811 2671 816 2760 Ι
834 2675 955 2756 βοᾷ-
973 2672 978 2756 Ι
996 2672 1269 2759 μελλομένον-Ι

186 2776 358 2857 δάκρυσι-
378 2773 382 2862 Ι
402 2776 565 2858 σχεδὸν-
583 2777 589 2862 Ι
609 2779 752 2857 κρίνει-
771 2774 776 2862 Ι
795 2779 981 2855 ἄποτμος-
1000 2775 1006 2862 Ι
1026 2773 1287 2856 ἕνεκεν-Ἔριν-

187 2880 264 2942 νύων
279 2875 359 2940 Α111.

233 2998 323 3063 1291.
340 2983 470 3061 ὁμογενᾶ
485 2978 564 3043 Α111.
600 2980 662 3043 Sed
685 2979 735 3043 hic
751 2979 917 3044 Dorismus
932 3002 993 3043 non
1009 2979 1142 3057 obtinet,
1159 2977 1216 3043 nisi
1233 2978 1288 3043 ubi

187 3082 363 3146 terminatio
378 3081 514 3145 vocalem
530 3080 681 3167 sequitur,
699 3098 735 3147 ut
750 3106 845 3169 supra
863 3084 955 3146 1266.
972 3083 1089 3147 εὐκλεᾶ.
1117 3082 1289 3168 1101111ςὶ-

187 3200 239 3247 tur
255 3186 352 3248 MSS.
369 3182 432 3263 alii,
448 3187 586 3267 ὁμογενῆ,
602 3184 654 3247 alii
669 3184 729 3249 levi
743 3207 858 3260 errore,
873 3186 1012 3268 ὁμογενή.
1035 3185 1138 3249 POR.

235 3306 325 3371 1295.
340 3289 467 3367 πότερον
483 3289 540 3369 ἄρα
557 3286 644 3351 νέκυν
658 3289 806 3367 ὀλόμενον
818 3287 947 3373 ἰαχήσω]
962 3286 1061 3350 Valde
1077 3284 1290 3372 improbabilis

186 3403 232 3452 est
247 3412 341 3474 quam
360 3388 474 3472 ἰαχήσω
496 3389 527 3451 in
551 3389 684 3472 ἰοκχήσω
707 3406 829 3454 mutato
844 3390 939 3453 critici
962 3388 1090 3474 quidam
1113 3387 1290 3452 intulerunt

188 3491 276 3554 metri
304 3491 414 3554 forma.
461 3490 666 3555 Scribendum
691 3491 805 3574 ἀχήσω,
832 3510 867 3557 ut
892 3515 998 3556 versus
1020 3492 1133 3556 evadat
1157 3491 1289 3555 dimeter

185 3594 394 3658 doclrmiacus.

233 3716 325 3780 1299.
341 3697 438 3760 πέσεα
453 3693 564 3781 πέσεα]
580 3697 699 3760 πέσσεα
713 3697 830 3760 πέσσεα
844 3697 964 3761 codices
979 3696 1080 3762 multi.

234 3818 326 3884 1300.
343 3800 403 3882 ὅτι]
422 3799 452 3861 τί
464 3797 554 3860 codd.
569 3797 721 3885 plerique.
769 3799 975 3863 Scribendum
991 3799 1112 3863 divisim
1129 3803 1198 3865 ὅτι.

229 3902 357 3982 ἠλθέτην
374 3902 411 3963 Β.
427 3899 550 3986 aliique.
589 3901 654 3964 Alii
669 3902 790 3966 codices
805 3903 970 3983 ἐπηλθέτην
985 3902 1034 3967 vel
1050 3906 1206 3985 ήλνθέτην.
1249 3907 1288 3968 In

188 4003 476 4084 Α111.έπηλνθέτην.
521 4004 623 4090 Apud
647 4005 796 4069 Eustath.
811 4028 843 4090 p.
867 4025 958 4083 1021,
975 4027 1029 4087 42.
1052 4008 1162 4088 ήλέτην
1181 4030 1290 4094 opera-

187 4131 256 4173 rum
272 4130 386 4172 errore.
434 4108 472 4171 In
489 4106 550 4169 line
566 4130 672 4170 versus
688 4107 852 4194 typorlreta
868 4126 1019 4196 punctum
1035 4110 1148 4173 omisit.

234 4229 325 4295 1302.
349 4213 440 4293 ἰαχὰν
457 4208 665 4289 (scribendum
684 4213 791 4294 ἰοκχὰν
806 4235 877 4277 cum
897 4213 1040 4298 Musgr.)
1058 4214 1224 4277 στενακτὰν
1239 4235 1291 4275 co-

187 4312 280 4377 dices.
320 4316 487 4378 στενοκτὰν
503 4313 592 4394 ἰαχὰν
608 4312 684 4376 Ald.
