2864 4914
524 280 592 343 AD
616 280 867 346 HECUBAM.
1207 279 1248 346 75

148 469 238 511 versu
265 448 460 534 praecedente
486 451 570 519 ὅστις
594 474 653 539 pro
679 454 709 517 ei
731 477 784 526 τις,
807 466 840 516 et
862 476 890 516 v.
910 452 1000 515 1180.
1024 450 1171 516 συντιθεὶς
1192 471 1250 535 pro

147 553 312 631 συντεμῶν·
347 567 384 617 ut
404 553 494 618 facile
515 569 665 641 appareat
686 556 844 620 memoria
865 554 923 618 hos
943 577 1009 618 esse
1035 575 1165 630 errores,
1187 575 1248 615 non

147 650 294 718 lectiones
315 654 460 721 diversas.
485 658 631 724 συντιθεὶς
652 657 744 723 etiam
767 657 799 722 in
822 657 908 722 Flor.
934 679 997 721 uno
1018 654 1168 742 scriptum
1191 669 1249 732 est,

146 769 251 819 ortum
270 779 309 821 ex
333 781 370 821 eo
389 758 476 845 quod
496 758 633 840 librario,
653 760 771 848 pariter
791 774 887 848 atque
911 759 1047 837 Stoboeo‚
1070 759 1189 825 συνθεὶς
1210 780 1249 822 ex

147 879 177 921 v.
194 858 286 939 1184.
302 859 530 926 obversaretur.

195 961 286 1025 1182.
302 964 350 1027 ἀεὶ
366 963 523 1028 StoboeuS.
568 963 659 1028 Libri
675 965 743 1029 ciel.

194 1064 287 1149 1183.
310 1071 372 1133 τοῖς
395 1071 506 1130 σαυτοῦ
528 1067 641 1151 κακοῖς]
660 1068 689 1130 Ι.
704 1091 732 1130 e.
751 1089 816 1130 rem
837 1088 876 1130 ex
891 1065 991 1145 malis,
1006 1088 1079 1153 quae
1094 1080 1129 1130 tu
1145 1088 1178 1130 es
1197 1087 1251 1129 ex-

146 1180 266 1252 pertus,
282 1166 448 1232 aestimans.

195 1270 290 1350 1184.
322 1269 355 1332 τὸ
381 1274 456 1350 θῆλυ
479 1272 860 1360 σννθεὶς-πῖιν-γένος]
889 1269 1036 1334 Similiter
1062 1269 1151 1334 Med.
1177 1286 1250 1353 747.

147 1373 223 1450 ὄμνυ
237 1370 329 1436 πέδον
344 1378 402 1453 Γῆς
416 1373 531 1456 πατέρα
547 1372 572 1438 θ’
587 1371 702 1438 Ἥλιον
716 1373 826 1456 πατρὸς
844 1373 849 1460 Ι
868 1374 977 1454 τούμοῦ
998 1378 1075 1437 θεῶν
1093 1397 1127 1436 τε
1149 1398 1249 1438 σοντι·

149 1476 210 1541 θεὶς
224 1475 305 1540 ἅπαν
318 1476 414 1558 γένος.
938 1544 942 1549 .

195 1579 287 1663 1185.
308 1579 400 1644 1186.
424 1582 530 1659 Quum
545 1580 578 1643 in
595 1578 736 1644 versibus
757 1578 1004 1667 praecedentibus
1017 1578 1132 1643 chorus
1147 1601 1252 1666 repre-

146 1677 292 1744 henderit
315 1680 573 1769 Polymestorcm‚
596 1682 651 1769 qui
678 1696 742 1747 tam
766 1681 872 1768 inique
898 1680 938 1744 de
966 1680 1111 1744 universo
1137 1704 1250 1768 genere

148 1781 314 1847 mulierum
333 1782 533 1870 judicaverit,
549 1798 660 1871 sponte
681 1783 866 1871 intelligitur
887 1805 983 1871 quam
1003 1783 1164 1848 sententiae
1185 1808 1251 1851 suae

147 1885 298 1950 rationem
315 1885 419 1950 reddit
435 1886 550 1950 chorus
571 1886 648 1950 nihil
670 1885 755 1951 aliud
779 1910 868 1974 posse
889 1885 1047 1951 continere
1068 1908 1163 1973 quam
1187 1910 1250 1952 non

147 1987 273 2051 eosdem
296 1989 434 2053 omnium
457 1989 622 2053 mulierum
644 2011 744 2053 mores
767 2012 843 2063 esse,
868 1990 922 2054 sed
943 1989 1019 2053 alios
1041 1989 1152 2076 probo,
1174 1989 1251 2054 alios

147 2089 294 2178 improbo
307 2091 411 2155 animo
426 2092 575 2179 praeditas
588 2114 663 2156 esse.
708 2092 802 2169 Quod
817 2091 865 2155 his
879 2091 981 2156 verbis
995 2115 1176 2179 expressum
1192 2108 1249 2172 cst,

147 2195 262 2257 πολλοὶ
283 2196 341 2277 γὰρ
363 2196 444 2274 ἡμῶν
463 2197 495 2258 ul
512 2193 570 2274 μέν
585 2193 640 2258 εἰσ’
657 2195 825 2276 ἐπίφθονοι,
842 2196 872 2258 ai
887 2193 911 2257 δ’
928 2197 970 2261 εἰς
985 2196 1110 2276 ἀριθμὸν
1124 2201 1183 2261 τῶν
1198 2223 1249 2262 κα·

148 2301 209 2359 κῶν
222 2299 406 2378 πεφύκαμεν.
429 2296 459 2359 in
481 2296 598 2384 quibus
620 2299 778 2378 ἐπίφθονοι
797 2318 855 2382 pro
869 2298 995 2375 ζηλωταὶ
1010 2297 1074 2360 sive
1088 2299 1250 2374 ἐπαινεταὶ,

151 2411 185 2461 ut
201 2398 358 2484 explicant
376 2398 558 2477 scholiastae,
577 2398 738 2463 manifeste
753 2398 889 2485 positum
905 2414 962 2477 est,
983 2399 1037 2463 sed
1052 2399 1251 2488 ineptissime,

147 2523 249 2588 quum
265 2502 427 2584 ἐπίφθονος
441 2501 517 2566 nihil
533 2501 618 2566 aliud
635 2501 807 2589 significare
822 2501 919 2588 possit
936 2524 1034 2588 quum
1055 2503 1188 2567 irevidiae
1202 2506 1252 2568 od-

147 2606 285 2668 acrius:
307 2603 394 2691 quod
418 2604 506 2669 malis
527 2628 618 2691 aeque
639 2627 675 2668 aa
696 2604 784 2668 bonis
799 2604 922 2668 evenire
937 2604 1023 2669 solet.
1070 2606 1136 2669 Nec
1152 2605 1252 2671 multo

148 2706 327 2794 peritiorem
343 2725 469 2770 manum
485 2706 582 2771 altera
597 2707 756 2771 sententiae
772 2731 843 2795 pars
862 2708 968 2795 prodit
983 2710 1014 2772 ui
1028 2706 1052 2771 δ’
1069 2710 1111 2775 εἰς
1126 2709 1251 2791 ἀριθμὸν

148 2816 209 2874 τῶν
224 2815 320 2873 κακῶν
333 2811 518 2891 πεφύκαμεν,
534 2809 624 2895 quasi
639 2809 754 2873 Latine
773 2810 868 2888 dicas,
883 2813 957 2875 uliae
970 2821 1075 2876 autem
1091 2813 1126 2874 in
1140 2833 1250 2875 nume·

148 2935 224 2976 rum
244 2913 403 2999 mulorum
424 2921 508 2976 natoe
524 2934 645 2976 sumus.
691 2911 803 2990 Qualia
817 2935 915 2998 quum
933 2914 1024 2977 scribi
1040 2915 1080 2978 ab
1096 2915 1251 3001 Euripide

150 3016 288 3103 potuisse
302 3016 441 3080 animum
457 3039 518 3080 non
534 3015 691 3090 inducam,
707 3038 768 3079 non
787 3015 920 3080 melioris
934 3031 1017 3080 notae
1033 3016 1089 3080 hos
1100 3016 1165 3080 duo
1181 3039 1250 3079 ver-

149 3143 204 3183 sus
216 3142 283 3183 esse
297 3141 406 3184 censeo
420 3141 515 3205 quam
531 3118 571 3182 de
588 3119 705 3205 quibus
716 3141 811 3205 supra
825 3117 962 3181 diximus
977 3119 1089 3205 partim
1105 3118 1146 3182 ab
1161 3117 1251 3182 nobis

150 3221 263 3308 partim
279 3220 320 3285 ab
334 3220 401 3285 aliis
416 3221 540 3298 notatis,
553 3239 595 3305 55
597 3237 628 3305 5.
642 3235 822 3305 794-797.
837 3221 909 3305 831.
926 3223 999 3305 832.
1023 3222 1136 3307 Neque
1146 3220 1252 3285 obstat

149 3322 311 3387 sententiae
326 3337 439 3387 nostrae
453 3322 539 3410 quod
554 3323 595 3386 ab
612 3323 738 3386 Stobaeo
752 3338 966 3409 agnoscuntur
980 3329 1033 3406 69,
1050 3326 1107 3387 16:
1131 3345 1169 3386 ex
1186 3346 1252 3409 quo

150 3425 334 3490 nihil'aliud
357 3424 500 3510 sequitur
521 3448 618 3511 quam
637 3424 722 3511 quod
746 3424 838 3489 etiam
862 3426 926 3489 sine
949 3424 1008 3489 hoc
1030 3439 1107 3489 teste
1128 3447 1252 3489 eramus

149 3527 309 3605 credituri,
333 3527 513 3614 hujusmodi
535 3527 787 3614 interpolationes
810 3526 930 3614 pridem
956 3527 987 3590 in
1014 3526 1135 3591 codices
1156 3528 1252 3592 fuisse

149 3631 250 3697 illatas
264 3654 330 3719 quo
344 3642 484 3718 tempore
499 3629 577 3694 vixit
601 3630 764 3694 Stobaeus:
788 3630 879 3716 cujus
897 3629 942 3692 rei
963 3628 1050 3692 aliud
1072 3629 1251 3716 exemplum

151 3733 395 3801 monstrabimus
416 3732 448 3795 in
474 3731 674 3796 annotatione
695 3731 735 3795 ad
761 3733 839 3796 Tro.
864 3735 936 3815 629.
983 3732 1171 3820 Euripidem
1194 3757 1251 3796 au-

151 3853 225 3917 tem,
250 3837 275 3901 si
303 3835 357 3900 tali
382 3834 488 3921 aliquo
513 3833 608 3898 modo
630 3833 872 3921 praecedentium
897 3856 1042 3898 versuum
1069 3833 1252 3898 sententiam

150 3939 224 4005 satis
237 3962 294 4027 per
309 3961 340 4002 se
355 3937 550 4024 perspicuam
565 3936 753 4024 amplificare
768 3935 925 4014 voluisset,
940 3935 1033 4024 longe
1051 3936 1141 4001 aliter
1158 3936 1253 4000 fuisse

150 4043 329 4108 locuturum
352 4063 391 4105 ex
412 4040 483 4105 loco
502 4039 593 4104 simili
615 4038 759 4104 aestimari
778 4054 893 4126 potest,
908 4062 1002 4127 quem
1025 4062 1065 4104 ex
1082 4038 1253 4104 Protesilao

149 4143 297 4235 apposuit
312 4143 458 4210 Stobaeus
473 4146 526 4227 69,
542 4164 573 4226 9.

323 4249 406 4314 doru
420 4249 452 4310 δὲ
467 4246 566 4312 πάσας
581 4246 727 4311 συντιθεὶς
740 4243 833 4327 ψέγει
847 4245 929 4328 λόγῳ

323 4355 465 4432 γυναῖκας
480 4347 557 4428 ἑξῆς,
574 4349 677 4414 σκαιός
692 4349 758 4410 ἔστι
772 4347 824 4409 κού
840 4347 945 4427 σοφός·

323 4457 447 4515 πολλῶν
461 4455 519 4534 γὰρ
534 4452 632 4514 οὐσῶν
644 4448 699 4527 τὴν
712 4450 768 4528 μὶν
784 4446 918 4529 εὑρήσεις
933 4445 1032 4524 κακήν,

323 4554 378 4636 τὴν
392 4552 416 4618 δ’
433 4554 535 4634 ὥσπερ
549 4553 619 4631 αὕτη
633 4548 701 4630 λῆμ’
718 4550 852 4633 ἔχουσαν
868 4546 998 4630 εὐγενές.
