2864 4914
280 279 346 346 494
643 279 1024 346 ANNOTATIONES

325 462 419 532 1507.
437 447 511 516 Διός
522 473 556 514 τε
571 448 695 531 φέγγος,
712 449 817 531 ἔτερον
833 448 841 536 l
860 448 963 532 ἕτερον
977 449 1080 523 αίὸνα,
1101 447 1107 536 Ι
1127 450 1175 513 καὶ
1184 455 1295 531 μοῖραν
1311 452 1397 531 οἰκή-

279 551 389 638 σομεν]
415 549 466 614 Sic
485 573 593 614 versus
610 549 759 639 descripti
777 551 810 614 in
830 549 908 615 Ald.
953 549 1150 615 Probabilior
1169 552 1261 616 metri
1284 553 1397 618 forma

279 652 399 716 restitui
415 664 517 738 potest
531 650 635 717 deleto
648 652 747 717 altero
762 653 875 735 ἕτερον,

452 771 525 837 Διός
538 795 572 835 τε
586 770 712 854 φέγγος,
728 771 831 853 έτερον

452 875 545 936 αἰῶνα
560 873 609 936 καὶ
621 879 729 954 μοῖραν
743 872 915 954 οίκήσομεν.

327 1004 417 1074 1509.
435 990 474 1053 In
491 991 566 1056 Par.
582 992 621 1055 C.
636 989 829 1078 adscriptum
846 992 971 1075 στροφή.

327 1121 419 1191 1513.
441 1108 564 1191 παγαῖς]
592 1105 797 1171 Scribendum
820 1107 919 1190 παγύς
939 1131 979 1172 ex
1003 1110 1074 1172 Par.
1093 1110 1174 1173 B.C.
1192 1110 1279 1173 Flor.
1300 1131 1333 1176 2.
1358 1113 1392 1176 in

278 1254 396 1341 quibus
410 1211 531 1338 nayaii.
571 1256 665 1322 Conf.
682 1280 711 1323 1.
727 1272 819 1344 1479.

326 1397 419 1462 1514.
443 1378 577 1462 αἴμονος]
608 1378 793 1465 Legebatur
815 1404 852 1461 γε
877 1381 1025 1459 δαίμονος.
1070 1381 1178 1458 Quum
1202 1383 1330 1460 αίμονος
1357 1383 1390 1446 111

279 1482 418 1561 δαίμονος
443 1493 625 1566 corruptum
656 1496 746 1555 esset,
773 1479 916 1544 additum
943 1494 991 1546 est
1017 1507 1053 1563 γε
1079 1482 1168 1545 metri
1198 1482 1389 1548 restituendi

278 1604 395 1646 caussa.
442 1580 799 1663 Μ111111111111οδιαίμονος
814 1581 1011 1646 scribendum
1028 1582 1203 1660 videbatur,
1218 1585 1314 1670 cujus
1332 1586 1390 1649 ad-

273 1683 381 1770 jectivi
396 1681 539 1768 exempla
554 1683 640 1746 nulla
657 1700 742 1747 sunt.
787 1684 940 1748 Probavit
954 1683 1014 1748 hoc
1029 1685 1068 1749 L.
1079 1684 1276 1762 Dindorfius‚
1293 1689 1390 1773 cujus

278 1786 346 1850 haec
361 1803 406 1850 est
421 1785 581 1849 annotatio
596 1786 789 1872 “Equidem
812 1787 912 1872 recepi
936 1786 1119 1850 Marklandi
1133 1788 1388 1854 emendationem

278 1888 383 1967 βωμὸν
398 1890 549 1967 διαίμονος
571 1892 649 1961 θεᾶς,
665 1910 765 1974 quum
785 1905 868 1952 recte
881 1902 913 1953 et
927 1888 1099 1952 secundum
1122 1888 1296 1975 analogiam
1322 1892 1388 1956 for·

278 2002 382 2053 metur
396 1990 531 2068 διαίρων.
577 1988 698 2054 Poterit
717 2005 833 2069 tamen,
848 1989 899 2055 cui
921 1991 1025 2055 minus
1043 1990 1177 2056 arrideat
1192 1992 1387 2057 vocabulum

278 2092 419 2156 nondum
443 2107 612 2178 repertum,
635 2092 715 2157 illud
741 2097 963 2157 ΔΑΙΜΟΝΟΣ
983 2115 1021 2156 ex
1044 2098 1314 2159 ΦΙΛΑΙΜΟΝΟΣ
1340 2119 1389 2159 re-

279 2195 385 2259 lictum
403 2211 547 2259 statuere.
593 2197 751 2276 Φιλαίμων
766 2194 870 2258 Diana
883 2194 1009 2273 dicitur,
1025 2194 1112 2281 quod
1122 2198 1306 2282 sanguinem
1324 2199 1388 2262 vir-

278 2293 360 2380 ginis
382 2292 594 2379 efflagitasset:
619 2316 684 2379 quo
704 2305 807 2357 tamen
831 2293 911 2356 male
931 2293 1143 2360 Marklandus
1162 2311 1195 2360 et
1214 2296 1268 2361 iila
1287 2300 1388 2365 trahit

279 2420 309 2461 v.
330 2414 423 2480 1525.
449 2398 559 2475 θύμασι
583 2399 755 2477 βροτησίοις
778 2403 918 2480 χαρεῖσα,
944 2395 1033 2483 quasi
1059 2399 1207 2481 χαίρουσα
1229 2401 1387 2487 scriptum

278 2514 375 2562 esset:
399 2498 486 2584 atqui
502 2502 629 2581 χαρῆναι
644 2500 760 2566 θυσίαις
773 2512 819 2562 est
827 2501 971 2586 propitio
985 2502 1115 2562 numine
1125 2502 1266 2588 accipere
1275 2526 1387 2583 sacra,

278 2625 343 2687 quo
358 2624 394 2664 ea
409 2600 499 2663 etiam
517 2601 560 2663 dii
574 2600 731 2664 interdum
748 2601 889 2687 excipere
912 2615 1055 2686 poterant
1069 2625 1088 2664 a
1102 2603 1218 2688 quibus
1240 2605 1386 2691 plerum·

279 2726 342 2789 que
367 2702 579 2767 abhorrerent.
616 2702 845 2788 Aristophanes
868 2702 1017 2766 Nubibus
1041 2726 1070 2767 v.
1097 2722 1168 2786 274.
1191 2709 1388 2776 ὑπακούσατε

279 2806 436 2884 δεξάμεναι
459 2807 565 2868 θυσίαν
587 2805 716 2870 καὶτοῖς
739 2807 845 2884 ἱεροῖσι
867 2811 1015 2887 χαρεῖσαι.
1048 2807 1389 2895 Thesmophoriazusis

279 2931 309 2969 v.
329 2908 401 2990 980.
426 2908 473 2968 καὶ
494 2912 583 2968 Πᾶνα
607 2907 654 2968 καὶ
674 2908 803 2986 Νύμφας
827 2909 921 2988 φίλας
942 2908 1123 2989 ἐπιγελάσαι
1146 2915 1302 2992 προθύμως
1320 2925 1388 2985 ταῖς

278 3009 449 3090 ἡμετέραισι
464 3007 595 3091 χαρέντα
609 3005 767 3090 χορείαις.”

328 3132 417 3197 1515.
434 3114 586 3193 ῥανοΰσαν
602 3109 823 3174 Markiandus.
862 3111 953 3175 Libri
968 3116 1130 3179 θανοῦσαν.

326 3218 418 3301 1516.
435 3214 543 3301 εὐφυῆ]
562 3213 766 3276 Scribendum
784 3214 889 3294 εὐφυᾶ.

321 3345 358 3401 γε
373 3341 459 3381 error
473 3314 648 3403 typothetae
664 3336 778 3400 prore.

322 3420 510 3503 σφαγεῖσαν]
538 3416 735 3480 Delendum:
760 3432 806 3480 est
827 3418 909 3480 enim
934 3419 1098 3505 glossema.
1138 3423 1253 3487 Versus
1274 3441 1385 3492 autem

278 3524 322 3586 sic
348 3522 452 3608 potius
474 3518 680 3597 describendi,
701 3521 821 3600 ῥανίσιν
846 3523 1066 3603 αἱματορρύτοις
1084 3523 1090 3606 Ι
1109 3526 1262 3604 ῥανοῦσαν
1286 3529 1386 3610 εύφυᾶ

277 3652 314 3707 γε
330 3627 466 3702 σώματος
481 3623 578 3703 δέρην.
612 3623 652 3685 In
668 3621 747 3686 Ald.
763 3624 925 3703 ῥανίσιν-
943 3624 949 3711 Ι
969 3629 1163 3689 θανοῦσαν-
1182 3626 1187 3714 Ι
1206 3628 1341 3709 δέρην-
1361 3634 1367 3716 Ι

278 3730 454 3811 πατρῷαι-
472 3724 477 3811 Ι
497 3726 675 3806 στρατός-.

327 3829 420 3913 1518.
444 3828 571 3908 μένουσί
583 3853 621 3891 σε
635 3826 776 3910 χέρνιβές
794 3829 841 3911 τε]
869 3826 1073 3893 scribendum
1095 3831 1219 3910 μένουσι
1240 3832 1387 3918 χέρνιβές

280 3932 314 3996 τέ
327 3958 365 3996 σε
379 3953 449 3994 011111
469 3929 617 3994 Seidlero.

328 4054 417 4119 1514.
442 4031 464 4096 ὦ
480 4034 586 4096 πότνια
605 4035 712 4112 (πότνα
727 4032 799 4096 Par.
816 4036 899 4097 Α.Β.
916 4033 1000 4097 Flor.
1021 4056 1049 4098 1.
1064 4050 1149 4099 etex
1164 4038 1387 4107 emendatione

281 4139 368 4201 Flor.
386 4140 428 4219 2.)
446 4134 570 4216 θύμασι]
589 4133 676 4196 Huic
692 4134 792 4197 versui
807 4138 978 4216 βροτησίοις
997 4137 1142 4225 adjungit
1157 4139 1235 4205 Ald.
1251 4157 1283 4207 et
1299 4161 1387 4211 recte

279 4238 417 4325 quidem.
454 4240 536 4303 Nam
552 4234 712 4322 duplicato
726 4241 832 4302 πότνια
848 4237 1057 4302 restituendus
1071 4241 1219 4318 senarius,
1236 4246 1259 4308 ὣ
1274 4249 1387 4314 πότνια

281 4341 409 4420 θύρασιν
424 4341 607 4420 βροτησίοις.
653 4339 747 4415 Quod
762 4339 841 4403 vidit
857 4341 1070 4405 Hermannus.

328 4461 419 4526 1525.
437 4443 491 4525 είς]
511 4441 716 4508 Scribendum
731 4445 769 4509 ές.
