2864 4914
162 289 228 352 480
524 285 904 353 ANNOTATIONES

160 458 185 522 si
207 458 336 523 fortuna
350 459 394 523 ita
408 459 470 523 fert
479 483 490 538 3
513 458 567 523 sed
589 460 663 522 ὅταν
678 460 711 522 δέ
725 457 765 538 μὴ
779 459 865 541 τύχη,
879 454 1009 543 quando
1023 476 1101 520 vero
1117 476 1184 520 rem
1209 476 1275 520 uon

162 559 277 647 tetigit,
294 583 356 625 nou
370 575 530 626 assecutus
544 576 602 638 est,
616 558 774 624 oblivione
786 559 865 624 illud
880 557 1037 623 obruitur.
1061 558 1267 622 MATTH.

204 680 279 746 959.
295 662 330 727 οὐ
346 661 543 750 Lentingius.
566 660 585 742 ἢ
599 660 682 726 libri.

204 765 308 847 γάμων
325 765 470 851 Scaliger.
509 765 600 830 Libri
615 766 800 848 γαμούντων.

204 869 304 948 μυρίαι
326 868 410 949 κόραι
432 871 543 948 θηρῶσι
563 864 689 948 λέκτρον
711 864 834 950 τούμόν]
859 865 882 927 J
884 863 998 929 aetatio
1011 884 1052 928 ex
1067 863 1176 929 verbis
1200 868 1276 932 Ho-

163 968 239 1031 meri
256 967 296 1032 ll.
312 975 337 1046 Ι,
352 983 428 1054 395.
446 968 618 1034 absurdum
633 969 665 1031 in
682 966 810 1032 modum
826 982 1025 1054 exaggerata.

207 1072 281 1155 963.
307 1070 458 1135 Absurde
481 1071 522 1135 de
543 1071 794 1158 Clytemestra,
817 1092 954 1157 quacum
976 1068 1183 1156 colloquitur,
1205 1087 1276 1136 tan-

161 1193 258 1258 quam
270 1171 398 1236 absente
412 1171 562 1259 loquitur.

207 1275 280 1358 965.
304 1273 399 1337 ἔδωκά
413 1273 484 1360 τῶν]
503 1273 592 1338 Libri
608 1273 700 1339 ἐδωκέ
720 1272 746 1338 τ’
766 1276 814 1339 ἄν.
837 1274 932 1339 ἔδωκα
950 1286 1125 1340 conectunt
1144 1275 1180 1339 in
1203 1275 1275 1340 edi·

163 1375 248 1439 tione
270 1374 452 1454 Brnbaehii,
474 1376 530 1441 τῶν
551 1391 655 1440 autem
679 1375 814 1440 restituit
830 1375 1027 1440 Gaisl'ordus.
1073 1376 1213 1463 Decepit
1237 1377 1276 1442 li-

164 1478 283 1542 brarios
306 1477 397 1543 tertia
410 1502 484 1563 quae
504 1478 661 1566 praecessit
676 1478 762 1543 verbi
784 1501 916 1565 persona
937 1481 1070 1559 ἐπείσθη,
1087 1502 1144 1544 nee
1159 1480 1275 1545 viden-

164 1594 217 1643 tur
245 1579 498 1644 animadvertisse
527 1580 828 1668 argumentationem
862 1580 921 1644 hoo
958 1579 1053 1644 modo
1080 1583 1274 1667 procedere:

166 1683 363 1747 Contumelia
384 1704 432 1746 nee
456 1685 561 1770 offmit
585 1685 805 1771 Agamemnon
829 1684 909 1747 clam
932 1706 1011 1748 nens
1039 1687 1167 1749 nomine
1192 1708 1276 1766 meo,

164 1807 225 1871 qno
238 1786 268 1848 si
282 1786 311 1848 ei
329 1807 409 1871 opus
429 1806 494 1849 esse
512 1788 675 1850 videretur
687 1785 731 1849 od
739 1786 851 1872 filiam
872 1786 1069 1873 comoedum,
1084 1787 1215 1852 ἀιδιδαῖ
1232 1790 1277 1854 αδ

164 1907 213 1950 me
221 1895 329 1972 petere
346 1896 383 1950 nt
396 1889 446 1951 nti
465 1908 500 1952 eo
513 1888 574 1951 stet
592 1889 708 1951 liceret.
754 1890 823 1962 Quo
831 1889 928 1974 facto
945 1910 1003 1973 ego
1010 1890 1118 1975 focile
1138 1891 1180 1955 αδ
1198 1891 1277 1979 Cly-

164 1997 348 2053 tcemnestru
362 2009 449 2053 erum
470 1990 700 2075 impetratum
714 1999 751 2054 nt
759 1990 870 2074 filiam
885 1993 1002 2055 morito
1013 1992 1157 2070 eloeorn,
1172 1995 1275 2080 impe·

165 2100 307 2178 troesque
328 2091 534 2179 Iphigeniam
558 2092 679 2156 Graeeis
700 2113 787 2155 erum
810 2093 992 2158 traditurus
1013 2096 1275 2179 eoenfieondom

164 2196 194 2258 ei
208 2195 248 2258 αδ
262 2195 321 2257 hoc
336 2214 370 2257 re
378 2196 532 2280 penderet
539 2195 696 2281 perfectio
709 2195 754 2258 od
771 2195 914 2279 Trcp'um.
951 2195 1073 2259 Totum
1087 2211 1197 2260 autem
1212 2196 1277 2262 hoo

164 2296 326 2360 inventum
344 2296 525 2360 stultissime
538 2312 586 2362 est
599 2296 640 2361 ab
655 2296 803 2383 scriptore
817 2294 929 2359 horum
944 2318 1092 2361 versuum
1107 2299 1276 2385 excogita·

165 2411 245 2475 tum,
269 2412 301 2462 et
327 2396 453 2462 duabus
478 2397 607 2484 quidem
632 2398 672 2463 de
694 2397 820 2462 ‹aussis-
865 2397 975 2463 Primo
998 2398 1080 2463 enim
1108 2400 1278 2467 manifeste

165 2512 321 2586 repugnat
336 2498 374 2563 iis
387 2523 460 2586 quae
475 2499 616 2564 Achilles
638 2501 668 2562 in
691 2499 836 2584 genuinis
850 2499 991 2566 versibus
1009 2500 1177 2588 Euripidis
1191 2502 1276 2569 dixit

166 2604 348 2685 936-941.
373 2600 460 2665 nullo
487 2624 625 2688 unquam
652 2616 744 2688 pacto
766 2625 798 2665 se
826 2601 999 2667 adductum
1027 2602 1064 2666 iri
1096 2617 1132 2667 ut
1155 2627 1275 2670 nomen

164 2726 257 2767 suum
283 2703 388 2768 fraudi
418 2703 460 2767 ab
487 2706 725 2790 Agamemnone
753 2704 913 2769 meditatae
941 2703 1092 2792 implicari
1120 2707 1275 2792 patiatur.

165 2805 289 2869 Deinde
319 2805 458 2891 nequitia
485 2806 604 2870 Achilli
631 2804 792 2892 affingitur
819 2806 911 2894 plane
936 2806 1036 2872 aliena
1062 2807 1105 2873 ab
1129 2811 1276 2877 moribus

164 2903 261 2990 hujus
283 2904 351 2979 viri,
371 2904 426 2989 qui
449 2904 530 2968 hanc
553 2905 650 2991 ipsam
672 2904 714 2969 ob
736 2928 874 2969 caussam
898 2907 1050 2973 educatus
1069 2908 1110 2973 ab
1131 2910 1276 2977 Chirone

164 3021 242 3081 erat,
259 3004 296 3069 ἵν’
312 3006 368 3086 ἤθη
382 3005 422 3085 μὴ
436 3006 526 3086 μάθοι
540 3013 657 3088 βροτῶν
672 3007 747 3071 κακῶ
764 3011 808 3090 (ν.
825 3011 928 3093 709).

209 3111 282 3193 969.
305 3111 339 3172 ἐν
355 3109 476 3189 εὐμαρεῖ
488 3134 521 3172 τε
537 3114 609 3190 δρῖιν
623 3135 656 3173 τε
672 3108 773 3190 καὶμὴ
789 3114 862 3190 δρῶν
878 3111 987 3198 καλῶς]
1012 3113 1138 3177 Horum
1156 3115 1273 3181 verbo·

165 3234 235 3275 rum
253 3211 326 3275 satis
340 3210 445 3298 inepte
460 3210 650 3276 delectorum
673 3211 722 3275 hic
741 3209 866 3275 videtur
881 3235 988 3278 sensus
1001 3237 1076 3288 esse,
1092 3215 1123 3280 in
1138 3218 1274 3282 arbitrio

166 3313 283 3377 ducum
299 3315 357 3377 erit
372 3314 508 3400 positum
526 3329 631 3377 utrum
647 3314 775 3377 honeste
795 3336 834 3377 an
855 3315 1056 3401 ignominiose
1072 3333 1206 3384 tractare
1221 3343 1275 3384 me

168 3416 281 3481 volent.

210 3537 284 3602 970.
315 3516 381 3600 τάχ’
412 3521 525 3582 εἵσεται
554 3515 687 3601 σίδηρος]
710 3519 864 3582 'Fortasse
889 3541 928 3582 cx
960 3520 1114 3587 Phoeniss.
1138 3548 1169 3591 v.
1196 3546 1274 3611 253.

165 3621 272 3703 μάχης,
290 3621 327 3684 δν
339 3619 431 3700 Ἀρης
445 3618 510 3701 τάχ’
528 3622 649 3683 εἵσεται.

210 3743 283 3807 971.
308 3725 409 3785 ἐλθεῖν
432 3724 538 3803 φόνον,
564 3727 682 3801 κηλῖσιν
705 3723 826 3801 αἵματος
848 3731 949 3807 χρανῶ
975 3749 1014 3789 ex
1041 3725 1174 3789 Porsoni
1198 3750 1275 3791 con-

161 3827 286 3912 jectura
303 3824 427 3910 legitur.
473 3823 663 3888 Revocunda
684 3824 837 3887 librorum
864 3826 1017 3912 scriptura
1040 3828 1152 3899 ἐλθεῖν,
1175 3831 1275 3909 φόνου

169 3934 286 4006 κηλῖσιν
302 3928 402 4005 αἵματι
417 3930 529 4008 χρανῶ.

210 4047 283 4111 974.
299 4025 589 4111 θεὸς-γενήσομαι]
608 4027 688 4088 Haec
704 4026 885 4091 stultissima
899 4051 965 4091 csse
974 4029 1041 4115 jam
1058 4027 1275 4096 Marklandus

165 4128 395 4193 animadvertit.

208 4232 284 4316 978.
299 4229 379 4314 μήτ’]
400 4227 602 4293 Scribendum
619 4228 695 4309 μηδ’.

209 4336 310 4413 ἐνδεὴς
331 4330 407 4396 τοῦδ’
433 4330 653 4395 Marklandus.
687 4335 795 4401 ἐνδεῶς
820 4338 927 4422 (supra
942 4335 1055 4423 scripta
1070 4335 1159 4402 litera
1181 4342 1212 4421 η)
1230 4341 1273 4420 μὴ

164 4436 242 4501 τοῦδ’
257 4436 387 4500 codices.
411 4437 518 4500 ἐνδεῶς
531 4432 595 4512 μήτ’
613 4433 687 4496 Ald.
