2864 4914
191 280 256 344 418
554 272 930 343 ANNO'rATtoNEs

191 445 416 515 Diffiotdtatem
437 445 546 534 objicit
560 445 734 536 AE‘schylus
756 447 844 532 Sept.
857 441 900 511 ad
915 439 981 506 Th.
995 454 1071 526 532.
1089 435 1144 503 τδν
1164 437 1200 505 bl
1221 434 1319 519 πέμ.

189 575 266 616 πτον
283 551 320 616 οὓ
340 549 423 632 λέγω
442 548 607 630 πέμπταισι
626 548 858 632 προσταχθέντα
871 546 1024 629 &portos
1043 542 1163 616 attus.
1178 538 1320 623 τύμβον.

190 651 253 717 κατ’
269 652 360 717 αὐτὸν
380 655 531 734 morereris
543 649 718 735 Ἀμφίονος.
762 648 875 715 Potuit
887 661 993 713 tamen
1011 667 1030 709 e
1048 642 1177 731 regiona
1196 639 1320 717 situm„

189 752 263 832 dici,
277 753 365 840 quod
379 777 399 818 a
412 752 509 818 latere
525 777 543 818 e
556 752 682 841 regione
693 765 783 819 esset.
827 748 922 828 Quod
936 747 963 813 si
978 743 1150 812 Paomis·
1164 763 1197 829 9.
1212 743 1249 822 8,
1266 761 1320 829 3..

188 871 296 944 portas
313 856 498 921 Thebarum
519 855 642 933 ordine,
662 870 698 921 ut
711 853 851 932 videtur,
866 851 908 917 sb
923 847 1057 915 Electris
1077 846 1120 913 sd
1134 844 1319 913 Protidu.

188 970 221 1023 et
229 957 377 1045 deinceps
390 956 597 1036 enumeravit,
612 955 746 1035 facilius,
761 978 841 1044 quas
852 951 1027 1042 AEsohylus
1040 948 1189 1019 Burenles
1202 963 1304 1014 vorot

191 1061 332 1125 Crenaeoe
353 1074 456 1136 erunt,
471 1082 545 1146 quse
560 1056 756 1124 Valckenarii
775 1056 928 1123 sententia
946 1069 992 1121 est
1010 1053 1053 1120 sd
1067 1051 1303 1137 Pboen.1130.

188 1175 221 1226 et
241 1159 273 1224 in
296 1160 511 1227 dissertatione
532 1161 573 1227 de
587 1159 786 1238 Aristobulo,
806 1181 837 1247 p.
854 1177 927 1225 120.
947 1178 1043 1244 quam
1062 1153 1246 1243 Hypsistae,
1264 1169 1322 1219 ut.

188 1261 289 1327 visum
304 1277 351 1328 est
365 1265 507 1329 Porsono
520 1262 562 1328 ad
578 1262 688 1329 Phoen.
706 1281 799 1346 1150.
815 1259 970 1325 HERM.

231 1363 306 1444 664.
320 1366 436 1446 πρόσθε
451 1364 629 1430 Barnesius.
676 1363 767 1430 Libri
782 1363 926 1446 πράσθεν.

231 1465 274 1528 66
272 1478 306 1550 5.
321 1467 430 1530 ὄπισθε
445 1468 517 1530 Par.
532 1468 577 1530 A.
621 1465 727 1553 Vulgo
741 1467 878 1545 ὄπισθεν,
893 1461 980 1549 quod
995 1459 1222 1527 seruandum.

231 1567 304 1630 666.
321 1565 345 1630 δ’
362 1568 575 1631 Hermaunus.
620 1567 712 1633 Libri
727 1565 764 1632 θ’.

232 1665 307 1731 668.
323 1665 428 1753 κήρυξ]
446 1667 671 1734 Revooandum
688 1673 775 1750 κῆρυξ
789 1689 827 1732 ex
844 1665 921 1730 Ald.
974 1728 977 1733 ⁴

232 1768 306 1850 676.
335 1769 447 1833 Genus
472 1768 532 1835 boo
556 1769 733 1835 certaminis
755 1767 871 1833 crebris
898 1763 1162 1832 incursationibus
1184 1765 1304 1847 debet,

187 1866 377 1951 παραβάταιι
390 1891 423 1934 se
437 1870 628 1957 petentibus,
643 1870 720 1935 dum
735 1892 847 1935 currus
860 1866 1181 1956 protervehebantur.
1210 1868 1304 1935 Inde

186 1967 283 2051 πέραν
298 1968 442 2050 ἀλλήλων
456 1971 595 2036 διελάσαι
614 1971 763 2036 dicuntur
782 1969 913 2058 surigae,
928 1969 1016 2057 quod
1037 1968 1089 2034 alii
1111 1968 1189 2034 alios
1209 1992 1322 2058 ptru-¹

187 2069 441 2150 tervehebantur,
462 2071 560 2137 etita
580 2073 767 2156 παραβάταις
789 2073 909 2161 uopiaru
936 2070 1100 2160 pugnandi
1124 2070 1301 2139 faciebant.

230 2274 305 2358 679.
332 2275 534 2343 Proeterveeti
555 2277 674 2364 aurigae
698 2299 797 2364 equos
817 2292 901 2342 retro
925 2276 1104 2354 flectebant,
1129 2277 1161 2343 is
1184 2276 1300 2358 άλκήν,

186 2373 228 2438 ad
250 2397 402 2462 pugnam,
420 2391 458 2442 ut
473 2377 587 2442 Phoen.
601 2397 677 2464 432.
700 2382 852 2461 στρωμνῆς
873 2380 905 2449 ts
926 2378 1022 2459 tiberis
1043 2375 1136 2443 οὕνεκ’
1159 2377 1303 2460 ἤλθομεν

184 2474 262 2557 πέρι,
279 2492 310 2540 et
326 2479 358 2545 ές
370 2478 569 2560 παραιβάτας,
585 2502 648 2543 non
665 2480 756 2567 quasi
776 2479 809 2543 hi
833 2480 944 2545 nonin
963 2478 1108 2545 curribus
1122 2477 1300 2559 stetissent,

186 2576 240 2640 sed
257 2599 365 2641 versus
379 2601 443 2657 eos,
459 2579 479 2643 i.
490 2602 518 2644 e.
533 2594 570 2643 ut
584 2579 704 2644 dextrae
718 2603 868 2646 curruum
884 2596 999 2669 perteS,
1015 2579 1046 2645 in
1062 2579 1180 2667 quibus
1198 2584 1301 2662 παρα-

186 2678 279 2757 βάται
307 2679 442 2758 stabant,
467 2681 587 2746 dextris
615 2682 773 2748 hostilium
804 2706 955 2748 curruum
979 2682 1122 2770 partibus
1146 2682 1299 2749 obverte·

188 2791 309 2845 rentur.
326 2783 481 2846 HERM.

231 2882 305 2946 681.
321 2885 418 2965 ὄχλον
433 2882 655 2949 Marklandus.
701 2884 791 2950 Libri
803 2884 856 2949 alii
871 2889 947 2968 ὄχον
960 2884 1012 2948 alii
1027 2887 1118 2967 ὄχον.

231 2983 305 3067 683.
323 2983 500 3073 κάκράτουν]
518 2987 566 3050 καὶ
578 2985 714 3068 ’κράτονν
728 2985 812 3049 libri.

230 3085 305 3168 685.
320 3084 499 3171 ἐπεμβάται]
520 3088 661 3168 ἐπιβάται
676 3091 750 3153 Par.
767 3091 811 3154 A.

231 3195 305 3279 687.
321 3198 352 3263 ές
367 3195 453 3260 Flor.
470 3218 498 3262 1.
517 3217 544 3264 2.
592 3201 762 3287 vulgetis,
778 3198 865 3285 quod
879 3197 1100 3263 renouandum.

229 3296 411 3383 689-692.
439 3300 679 3386 comparandus
703 3299 825 3363 loculus
853 3298 960 3364 similis
985 3299 1300 3384 Phoeniss.1149-

191 3412 285 3481 1152.

231 3497 305 3582 689.
321 3498 633 3581 τοδε-φορουμένους
649 3500 817 3565 Heathius.
839 3499 1123 3583 rbwdopouuivns
1136 3499 1220 3565 libri.

230 3600 303 3681 690.
318 3601 390 3679 ῥοὰς
405 3598 484 3662 Ald.
505 3603 588 3682 ῥοαῖς
602 3600 731 3664 codices.

231 3701 304 3783 696.
320 3724 373 3762 τον
390 3699 501 3763 ἐνθένδ’
518 3702 731 3766 Hermannus.
754 3704 788 3766 τδ
805 3700 917 3767 ένθένδ’
932 3701 1070 3766 oodioes:
1096 3700 1180 3765 unde
1195 3702 1298 3770 inter.

187 3799 327 3886 polutum
343 3800 375 3863 in
388 3800 464 3863 Ald.
487 3827 522 3883 γε
536 3802 697 3866 τούνθένδ’.
722 3815 742 3836 “
753 3804 883 3886 στρατὸν
897 3803 951 3867 τὸν
966 3800 1090 3876 ἐνθένδ’,
1105 3805 1297 3887 exercitum,

185 3904 240 3990 qui
253 3902 338 3977 ltine,
356 3900 502 3978 Athenis,
514 3905 674 3988 prtfictur
696 3915 751 3969 est.
776 3904 897 3969 ἐνθένδε
917 3903 1027 3969 eodem
1049 3903 1144 3968 modo
1166 3905 1293 3972 dictum

187 4017 234 4067 est
248 4000 377 4065 Heracl.
394 4001 489 4086 285.'’
505 4004 697 4070 MATTH.

231 4106 303 4188 697.
328 4103 376 4167 καὶ
395 4103 455 4184 μὴν
472 4107 509 4168 τὸ
530 4106 656 4184 Θησέως
677 4105 704 4189 γ’
721 4108 773 4171 οὐκ
788 4110 865 4193 ὄκνῳ
879 4107 1033 4189 διεφθάρη,
1050 4106 1119 4171 ἀλλ’
1135 4107 1187 4172 ἵετ’
1204 4110 1296 4180 εὐθὺς

186 4203 294 4286 λάμπρ’
311 4205 487 4287 άναρπάσας
501 4206 609 4292 ὅπλα]
624 4207 791 4294 Perinepte
813 4209 845 4272 hi
868 4232 977 4274 versus
999 4208 1183 4274 narrationis
1203 4212 1296 4277 ordi-

185 4328 256 4370 nem
281 4305 528 4394 interrumpunt,
552 4330 590 4371 ne
615 4308 693 4393 quid
717 4308 757 4373 de
778 4309 914 4375 dictione
939 4311 1055 4388 dicam,
1081 4335 1154 4398 quae
1179 4335 1292 4399 gram-

185 4406 299 4472 matico
313 4405 419 4493 aliquo
434 4407 557 4494 dignior
571 4423 616 4472 est
632 4431 727 4495 quam
743 4410 908 4497 Euripide.
955 4412 1070 4497 Itaque
1083 4411 1265 4480 deleantur.
