2864 4914
186 269 252 333 300
547 269 928 334 ANNOTATIONES

185 439 299 525 λέγειν.
331 441 405 504 ἔνιοι
419 443 452 504 δὲ
468 438 633 523 ἔξόγγελόν
648 451 736 524 φασι.
768 439 931 524 ἑξάγγελος
953 445 986 506 δὲ
1006 445 1022 506 ὁ
1043 446 1080 506 rb
1094 442 1289 526 πεπραγμένα

187 543 275 608 ἔνδον
289 547 340 623 τῆς
355 548 464 624 σκηνῆς
479 548 518 631 τῷ
534 549 613 632 χορῷ
628 545 800 627 ἀγγέλλων.

229 644 343 732 δόμων]
359 649 456 731 δρόμῳ
471 645 590 733 aliquot
603 646 696 712 codd.

231 748 304 832 778.
321 747 445 813 Nutrici
461 747 570 813 tribuit
586 751 659 814 Par.
678 753 723 814 A.

231 852 303 934 785.
322 849 408 938 βίου]
424 853 482 936 βίῳ
503 850 588 916 Flor.
606 873 634 917 2.
657 852 749 917 Lasc.
773 851 923 917 Proverb.
947 850 1097 938 Append.
1123 851 1194 917 Vat.
1211 854 1242 932 6,
1259 854 1288 917 8.

186 956 365 1040 Utramque
378 952 540 1018 lectionem
556 955 696 1041 agnoscit
712 957 785 1018 Par.
801 955 843 1018 Ε.
867 954 1059 1018 ΜΑΤΤΗ.

230 1055 302 1139 786.
319 1055 443 1120 Nutrici
460 1055 569 1120 tribuit
585 1058 630 1120 H.

227 1161 410 1226 ἐκτείναντες
424 1157 511 1223 Flor.
525 1179 574 1224 10.
587 1160 633 1223 H.
650 1158 726 1224 Chr.
743 1160 815 1223 Pat.
831 1158 923 1240 1484.
947 1161 1141 1240 οἰκτείροντες
1157 1160 1231 1225 Par.
1244 1162 1286 1225 D.

189 1307 193 1311 2
230 1276 302 1347 792.
323 1263 428 1343 θεωροὶ
441 1261 637 1342 dicebantur,
654 1262 709 1348 qui
724 1261 764 1326 de
778 1261 873 1325 rebus
888 1261 937 1324 vel
953 1259 1098 1345 publicis,
1115 1260 1163 1325 vel
1187 1263 1288 1348 priva-

185 1363 224 1428 tis
245 1363 427 1442 consulturi,
444 1363 483 1429 ad
500 1364 630 1430 deorum
646 1363 771 1429 oracula
785 1363 916 1451 profecti
934 1377 1033 1428 erant.
1079 1364 1189 1451 Hujus
1205 1365 1288 1430 vocis

184 1491 277 1532 usum
291 1467 466 1532 doctissime
480 1467 647 1533 illustravit
662 1465 893 1532 Valckenaerius
914 1465 946 1531 in
962 1465 1134 1530 Animadv.
1149 1466 1191 1531 ad
1206 1469 1288 1532 Am-

185 1571 323 1635 monium
347 1593 378 1658 p.
395 1589 447 1655 92.
485 1571 640 1635 Consules
654 1570 747 1635 etiam
768 1568 937 1633 Dukerum
955 1568 995 1634 ad
1020 1568 1171 1658 Thucyd.
1185 1575 1286 1656 5.16.

184 1673 328 1738 Theseus
347 1684 464 1753 autem,
480 1673 535 1760 qui
557 1672 589 1738 in
613 1673 671 1737 hac
693 1671 801 1738 fabula
823 1671 957 1759 Delphis
978 1694 1121 1736 reversus
1141 1673 1286 1761 fingitur,

185 1775 310 1841 videtur
331 1775 362 1839 in
387 1775 488 1863 priore
514 1774 685 1864 Hippolyti
708 1774 855 1852 editione,
879 1796 939 1839 non
964 1797 983 1838 a
1005 1773 1140 1862 Delphis
1165 1774 1219 1840 sed
1246 1777 1287 1841 ab

183 1877 291 1942 inseris
304 1877 364 1943 isto
378 1878 429 1943 die
443 1877 579 1944 rediisse.
607 1880 688 1943 Haec
703 1876 908 1942 Valckenaerii
922 1877 1102 1964 conjectura
1114 1877 1286 1942 admodum

185 1979 357 2045 verisimilis
371 1995 427 2062 est,
442 1981 484 2045 ob
496 1980 599 2046 locum
613 1980 720 2046 Latini
731 1979 853 2067 ttagici,
863 1978 920 2067 qui
934 1978 1068 2067 priorem
1084 1979 1181 2045 nostri
1194 1980 1287 2045 fabu-

183 2081 245 2147 lam
272 2083 386 2170 passim
412 2082 553 2148 imitatus
580 2099 646 2159 est;
677 2085 784 2148 Senec.
809 2081 911 2170 Hipp.
935 2081 1008 2167 850.
1037 2084 1116 2158 Qur'a
1124 2085 1287 2169 fremitus

183 2207 279 2251 aures
289 2186 413 2274 flebilis
420 2187 549 2274 pepulit
563 2189 673 2252 mear?
694 2187 878 2273 Enpromat
893 2185 1030 2272 clipeis:
1052 2185 1166 2265 hactus,
1182 2188 1286 2274 hroy-

184 2312 253 2370 σιω,
268 2298 298 2353 et
312 2289 411 2367 debr,
423 2291 466 2352 In
479 2290 589 2353 limine
603 2291 672 2377 ipso
687 2297 797 2353 masta
811 2289 1004 2366 lamentatio,
1017 2288 1172 2376 Auspicia
1183 2290 1287 2378 digna

176 2414 317 2480 prorsus
331 2393 461 2478 tiferno
474 2392 605 2480 hospite.
629 2407 660 2457 et
677 2392 719 2456 ob
733 2414 852 2470 versus,
867 2414 947 2478 quos
961 2414 1000 2455 ex
1016 2390 1074 2455 ista
1087 2390 1195 2456 fabula
1210 2416 1284 2458 con·

183 2494 318 2559 servavit
341 2495 486 2560 Stobaeus
504 2496 575 2560 118.
590 2518 624 2582 p.
642 2498 717 2575 601,
735 2496 785 2560 26.
804 2492 849 2558 Ὤ
864 2493 1001 2575 λαμπρὸς
1016 2494 1111 2575 αἰθὴρ,
1127 2494 1237 2576 ἡμέρας
1258 2495 1284 2561 θ’

184 2598 279 2680 ἁγνὸν
301 2599 407 2679 σέβας,
430 2597 486 2666 Ὠς
507 2599 560 2678 ἡδὺ
582 2600 725 2663 λεύσσειν
748 2603 808 2665 τοῖς
831 2622 864 2661 τε
887 2594 1076 2678 πράσσουσιν
1095 2604 1202 2676 καλῶς,
1226 2601 1286 2664 Καὶ

182 2708 263 2766 τοῖσι
285 2705 493 2786 δυστυχοῦσιν,
517 2698 560 2766 (δν
578 2700 688 2784 πέφυκ’
711 2702 780 2783 ἐγώ.
803 2699 859 2764 ubi
880 2698 960 2763 male
981 2699 1089 2764 Valck.
1109 2718 1180 2786 post
1202 2702 1286 2766 Gro-

182 2802 261 2868 tium
277 2809 339 2870 τοῖς
352 2827 389 2886 γε
403 2801 516 2886 πρόσσ.
563 2805 643 2867 Haec
659 2801 772 2867 scilicet
786 2800 935 2867 videntur
949 2802 1044 2866 verba
1057 2802 1152 2868 fuisse
1168 2804 1284 2870 Thesei

181 2903 223 2971 ab
236 2905 406 2971 inferorum
423 2904 558 2971 tenebris
572 2906 603 2970 in
620 2928 740 2970 scenam
756 2903 950 2992 prodeuntis.
974 2905 1124 2970 MONK.

226 3010 299 3090 804.
314 3012 415 3090 δόμοις
429 3009 516 3075 Flos.
532 3012 575 3075 A.
593 3029 643 3074 10.
679 3007 784 3095 Vulgo
800 3010 916 3090 δόμους.

226 3113 299 3196 807.
317 3113 475 3178 Discimus
488 3111 581 3177 etiam
597 3132 636 3176 ex
654 3110 752 3197 Soph.
764 3109 843 3175 OEd.
856 3111 899 3174 Τ.
912 3110 964 3176 82.
979 3132 1096 3175 morem
1111 3111 1207 3177 fuisse
1221 3137 1284 3189 eos,

181 3215 298 3301 quibus
312 3214 385 3281 loeta
399 3216 524 3281 fuerant
537 3236 696 3302 responsa,
712 3212 846 3300 Delphis
860 3211 965 3277 laurea
979 3227 1142 3278 coronatos
1152 3214 1282 3281 domum

180 3317 302 3383 redire:
325 3318 369 3383 ibi
391 3317 533 3382 sacerdos
555 3317 595 3382 dc
619 3318 755 3381 Creonte
776 3315 960 3380 adveniente
981 3315 1036 3392 ait,
1056 3315 1142 3380 Ἀλλ’
1167 3317 1284 3385 εἰκάσαι

180 3422 237 3499 μὲν
250 3422 328 3500 ἡδύς·
345 3421 380 3485 οὖ
394 3423 451 3503 γὰρ
467 3421 505 3484 δν
518 3416 593 3501 κόρα
605 3418 807 3501 Πολυστεφῆς
817 3415 865 3483 τόδ’
879 3419 961 3500 εἷρπε
972 3416 1147 3501 πογκάμπου
1159 3418 1281 3502 δάφνης.

182 3520 345 3608 Sophoclis
366 3521 529 3585 scholiasta
552 3536 660 3584 testem
685 3520 782 3606 hujus
811 3520 905 3584 moris
929 3521 1004 3584 citat
1025 3520 1281 3608 Aristophanem,
1383 3534 1390 3549 ·

180 3624 263 3712 apud
280 3647 374 3711 quem
387 3625 486 3705 (Plut.
499 3626 562 3704 21.)
578 3645 696 3700 servus,
713 3621 847 3709 Delphis
863 3646 1015 3703 reversus,
1031 3624 1107 3688 hero
1122 3647 1180 3689 suo
1194 3624 1281 3705 dicit,

180 3728 227 3794 Οὐ
248 3725 306 3810 γάρ
327 3753 364 3807 με
387 3725 552 3805 τυπτήσεις,
569 3723 725 3807 στέφανον
747 3724 857 3808 ἔχοντά
878 3752 923 3808 γε.
970 3726 1153 3813 Respondet
1174 3726 1281 3807 herus,

180 3836 235 3896 Μδ
250 3830 313 3905 At,
331 3829 399 3895 ἀλλ’
416 3831 540 3912 ἀφελὼν
553 3829 607 3893 τδν
622 3828 786 3911 στέφανον,
801 3826 839 3907 ἢν
854 3830 949 3916 λυπῇς
970 3832 1001 3893 τί
1012 3856 1061 3909 με,
1073 3828 1141 3894 “lvo
1162 3835 1282 3911 μᾶλλον

179 3937 281 4016 ἀλγῇς.
328 3934 413 3999 Citat
430 3930 662 3997 Valckenarius
685 3931 813 3994 Livium
836 3950 887 4016 23.
910 3955 937 3995 c.
956 3953 1005 3997 11.
1029 3931 1083 3996 ubi
1106 3934 1145 4011 Q.
1163 3934 1282 3998 Fabius

180 4036 286 4101 Pictor
299 4037 394 4114 dixit,
409 4058 442 4100 se
463 4035 590 4099 orando
604 4055 765 4122 egressam
785 4036 936 4122 extenplo
951 4036 1002 4100 his
1023 4039 1167 4103 omnibus
1181 4040 1281 4104 Divis

178 4161 244 4205 rem
259 4140 402 4204 divitiam
411 4140 554 4225 fcecisee:
565 4139 759 4223 jussumque
780 4138 820 4200 ab
833 4139 987 4216 antistite,
1010 4140 1092 4204 sicat
1114 4151 1281 4206 carmentae

177 4244 289 4306 haaren
312 4265 427 4307 corona
451 4251 480 4306 et
502 4239 665 4305 οτοουόυνο
684 4239 813 4319 adisset,
832 4248 862 4304 et
879 4262 944 4303 rem
967 4240 1112 4305 diuinam
1119 4244 1278 4328 ficisset;

177 4347 225 4412 ita
238 4356 420 4411 coronatam
435 4347 544 4409 rravlm
559 4344 758 4421 adscendere,
769 4367 825 4409 nec
838 4354 912 4409 ante
926 4345 1079 4432 deponere
1093 4367 1172 4424 eom,
1184 4369 1278 4433 quam

161 4449 310 4515 ,Βουιουι
324 4450 538 4535 pervenisset:
558 4469 591 4515 ae
605 4468 798 4535 quacunque
809 4448 965 4534 imperata
979 4450 1055 4528 siret,
1071 4471 1140 4513 cnm
1153 4471 1277 4516 summa
