2864 4914
170 286 235 350 482
527 281 905 348 ANNOTATIONES

216 471 437 540 1017-1023.
453 454 570 519 Versus
583 452 681 542 spurii
696 475 770 540 quae
783 474 847 517 non
861 449 1038 539 peritiorem
1055 467 1189 512 manum
1206 467 1284 534 pro-

169 556 252 623 dunt
264 577 360 642 quern
375 578 456 642 quos
477 554 629 642 superiori
642 554 774 621 orationi
789 553 925 620 Achillis
944 551 1074 619 adsutos
1093 547 1284 615 movimus

168 673 351 743 942-974·

214 778 308 843 1017.
324 760 366 841 εἰ]
381 763 426 840 εἴη
442 759 527 824 Flor.
546 781 573 826 1.
591 778 622 828 2.

211 859 337 947 ἐπίθετ’]
362 861 475 949 Inepte
498 862 599 928 utitur
612 861 727 927 eoristo
741 860 796 926 ubi
816 860 927 924 futuro
940 879 1022 946 opus
1034 869 1113 921 eret.
1150 854 1282 921 Verbo-

167 987 238 1029 rum
260 978 366 1029 autern
387 986 510 1028 sensum
532 964 618 1030 hunc
639 986 705 1030 esse
725 961 880 1040 voluit,si
899 960 1047 1048 pretione
1067 959 1134 1023 tuis
1153 979 1279 1023 rnorem

162 1074 268 1155 geret.

212 1187 307 1252 1019.
328 1166 478 1232 Notsnde
491 1166 648 1254 exquisita
661 1165 778 1231 locutio
792 1166 922 1246 ἀμείνων
935 1161 1009 1245 πρὸς
1027 1162 1124 1245 φίλον
1140 1158 1281 1243 γενήσο-

165 1296 228 1351 μαι,
244 1270 353 1334 melior
367 1271 411 1333 ad
423 1271 658 1356 omicnmfiorn.
799 1341 802 1346 ¹
868 1341 887 1370 u
1140 1342 1159 1368 υ

212 1390 306 1439 1021.
327 1369 441 1455 σθένει]
467 1370 565 1435 σθένο
580 1372 654 1435 Per.
669 1371 757 1434 A.C.
792 1368 891 1433 οθένο
906 1368 971 1432 Par
985 1366 1024 1431 B.
1055 1363 1162 1445 σθένειΙ
1184 1362 1282 1428 Flor.

168 1494 197 1539 1.
215 1491 245 1539 2.

214 1595 307 1660 1025.
323 1575 374 1660 άν]
394 1575 493 1639 Recte
508 1575 713 1638 Hermannus
726 1574 767 1641 ὥς
779 1571 917 1660 corrigit.

213 1679 306 1742 1028.
322 1678 372 1761 σε]
391 1702 427 1759 γε
442 1678 516 1741 Par.
531 1677 577 1739 A.

208 1778 420 1863 φυλάσσομεν]
441 1776 645 1841 Scribendum
663 1776 836 1859 φυλάξομεν
849 1797 922 1841 cum
939 1774 1144 1840 Marklando.

211 1899 304 1965 1033.
321 1880 409 1944 έστοι
424 1877 644 1943 Merkiandus.
683 1879 866 1965 Legebatur
881 1880 973 1944 ἔστιν.

211 1981 303 2067 1038.
328 1980 535 2046 scribendum
558 2003 622 2046 uno
644 2002 736 2046 versu
759 1977 1063 2065 συρίγγων-ἰαχάν
1084 1979 1283 2067 pariterque

164 2083 198 2147 in
212 2082 409 2171 antistropho
426 2084 518 2148 1060.
538 2086 632 2149 1061.

209 2190 424 2266 καλαμοεσσΐιν
438 2184 661 2251 Μ111111116111.
697 2185 790 2250 Libri
805 2187 1028 2266 κολομάεσσαν.

210 2306 303 2372 1039.
320 2287 453 2353 ἔστασαν
467 2287 572 2374 ἰαχάν]
590 2286 795 2353 scribendum
808 2287 938 2354 ἔστασεν
951 2286 1060 2371 θσκχάν
1069 2308 1144 2351 cum
1158 2287 1282 2352 Mark-

163 2387 269 2467 lando,
284 2388 341 2475 qui
355 2390 400 2457 τίς
413 2413 443 2456 v.
458 2391 551 2475 1036.
567 2389 647 2454 male
657 2388 689 2453 in
704 2386 757 2453 τίν’
774 2400 885 2454 mutet.

211 2509 302 2572 1044
319 2490 459 2577 Πηλέος]
479 2490 599 2571 Πηλέος
614 2491 689 2555 Par.
707 2492 752 2555 A.
767 2489 853 2555 Flor.
873 2510 900 2554 1.
917 2509 945 2557 α.

207 2594 260 2678 εἰς]
281 2592 487 2658 Scribendum
503 2596 544 2661 ές.
581 2591 709 2657 Omittit
723 2594 796 2657 Per.
812 2592 852 2657 B.

210 2713 304 2781 1045.
319 2695 639 2781 μελῳδοῖς-ὀχήμασι
653 2693 823 2759 Elmsleius
836 2693 878 2758 nd
894 2691 1020 2759 Heracl.
1037 2706 1112 2778 752.
1146 2693 1280 2760 Scribe-

164 2797 259 2862 batur
273 2797 599 2882 μελῳδοὶ-έαχήμασι.

211 2902 305 2978 1046.
322 2898 367 2962 ἀν’
385 2900 459 2962 Par.
475 2899 520 2961 A.
552 2899 716 2984 Vulgotv.

205 3002 304 3084 ὄρεσι]
324 2998 531 3064 scribendum
547 3002 616 3083 ὅρος
630 3023 702 3064 cum
719 3002 914 3065 Hermanno.

207 3103 349 3168 κλέουσαι
373 3102 527 3169 Monkius
547 3103 588 3167 ad
613 3104 685 3169 Alc.
704 3122 777 3190 459.
814 3106 959 3170 κλύουσαι
974 3101 1055 3182 libri,
1077 3101 1165 3189 quod
1189 3104 1276 3169 Bro-

163 3207 252 3272 doeus
267 3206 298 3270 in
315 3211 468 3272 κλείουσαι
484 3220 669 3271 mutaverat.

208 3325 429 3394 1054—1057.
468 3310 539 3372 Hos
569 3331 675 3372 versus
711 3308 825 3372 rectius
858 3307 1022 3396 descripsit
1060 3308 1273 3373 Hermannus

161 3416 285 3494 πορῖι-
304 3410 309 3497 Ι
329 3413 579 3492 εἱλισσόμενσι-
598 3407 604 3496 Ι
623 3409 848 3488 πεντήκοντα-
865 3407 872 3497 Ι
890 3410 1002 3492 γάμους
1016 3411 1195 3494 έχάρευσαν,
1214 3433 1274 3498 pa-

160 3515 298 3601 riterque
312 3513 343 3576 in
359 3512 564 3599 antistropho.

208 3632 298 3700 1057.
322 3613 455 3699 Νηρῆος]
480 3613 685 3679 scribendum
710 3614 833 3695 Νηρέος
855 3636 928 3678 cum
954 3614 1094 3679 Seidlero
1117 3614 1159 3679 de
1182 3638 1268 3683 vers.

161 3716 284 3781 dochm.
300 3740 332 3802 p.
347 3718 419 3781 261.

207 3820 299 3885 1062.
323 3816 488 3904 virginum
513 3817 735 3882 Thessalorum
764 3819 857 3883 verba
881 3834 972 3883 eunt:
999 3820 1088 3903 μέγα,
1115 3815 1139 3883 ὦ
1166 3825 1269 3905 Νηρηὶ

161 3924 244 4005 κάρα,
258 3921 337 4003 μέγα
351 3920 530 4001 pientinus
550 3923 567 3983 t
582 3927 697 4000 Φοῖβος
721 3923 737 3984 ὁ
761 3926 890 3985 Μουσᾶν
905 3920 929 3984 r‘
946 3923 1030 3990 εῑδὸς
1043 3922 1202 4004 γεννάσεις
1225 3931 1267 3992 Χ.

161 4027 215 4103 if„
231 4024 264 4091 ὃς
285 4024 348 4103 ἣξει
368 4025 465 4106 χθόνα
482 4036 513 4086 et
530 4013 667 4108 relique:
692 4043 847 4109 magnum
869 4044 1025 4110 magnum
1046 4023 1151 4089 iumen
1174 4037 1268 4094 vates

160 4125 271 4213 Apollo
292 4134 321 4189 et
342 4145 363 4186 ο
386 4124 495 4187 Men-ie
512 4125 735 4207 generationes
757 4124 880 4188 edoctus
904 4125 1003 4189 Chiro
1020 4125 1266 4212 predixerunt,

159 4231 215 4318 qni
233 4229 366 4314 Trojam
381 4225 578 4313 expugnabit
592 4227 692 4289 armis
710 4226 868 4289 Volcaniis
882 4247 903 4288 α
915 4235 1015 4290 matre
1029 4229 1174 4313 acceptis,
1188 4251 1268 4316 quae

158 4354 229 4398 enm
245 4333 366 4395 beatum
379 4331 516 4417 peperit.
539 4328 694 4391 HERM.
740 4328 915 4392 Deleantur
935 4345 1090 4394 commeta
1111 4344 1183 4417 post
1206 4355 1265 4398 vo.

157 4435 270 4502 eabuia
284 4439 357 4516 φῶς,
373 4437 498 4511 Φοῖβος,
515 4431 597 4497 εἰδὼς
619 4444 650 4494 et
672 4430 832 4512 γεννάσειν
854 4431 950 4519 vulgo
968 4431 1080 4519 posite.
1102 4432 1267 4515 γεννάσειν
