2864 4914
205 276 270 340 142
569 275 948 341 ANNOTATIONES

245 465 320 531 393.
344 448 398 525 τὴν
421 453 478 512 τῶν
501 449 686 528 κρατούντων
708 450 838 528 ἀμαθίαν
854 441 1016 510 Plutarch.
1037 446 1089 510 τὰς
1106 448 1165 506 τῶν
1179 445 1310 505 πολιτῶν

202 549 330 628 ἀμαθίας
346 548 461 612 variam
477 549 639 614 lectionem
656 564 807 613 memorat
822 546 1009 612 scholiastes.
1028 545 1131 609 POR.

244 670 319 733 394.
336 653 534 735 ξυνασοφεῖν]
553 654 636 715 Cum
654 651 712 715 hoc
725 650 932 738 compositum
948 647 1099 734 analogiae
1118 643 1309 710 contrarium

201 750 358 830 videatur,
378 753 533 840 corrigere
555 753 682 818 voluere
698 752 921 818 Valckenarius
943 756 1123 834 ξυμψοφεῖν,
1140 748 1310 813 Piersonus

202 853 368 933 ξυννοσεῖν.
415 855 575 942 Equidem
592 863 753 921 συννοσεῖν
764 855 955 943 praeferrem,
972 855 997 919 si
1013 853 1089 940 quid
1109 866 1231 915 mutare
1251 874 1308 914 au·

201 954 319 1020 derem.
367 955 429 1021 Sed
456 957 561 1022 nescio
584 980 622 1021 an
649 973 778 1045 propter
806 958 965 1022 fortiorem
993 955 1160 1020 antithesin
1186 953 1309 1040 regulas

202 1058 324 1123 violarit
340 1058 520 1146 Euripides.
536 1062 639 1125 POR.
664 1062 701 1125 V.
720 1059 899 1124 Lobeckius
913 1059 954 1123 ad
971 1058 1092 1146 Phryn.
1108 1081 1143 1145 p.
1160 1057 1235 1142 630.

244 1181 318 1246 395.
342 1160 411 1225 ἀλλ’
429 1162 474 1246 ἐς]
492 1164 568 1226 ὅπου
583 1162 717 1227 Lucian.
733 1162 794 1227 vol.
811 1183 839 1226 1.
861 1186 891 1250 p.
909 1181 982 1246 710.
999 1160 1088 1224 Plut.
1106 1161 1144 1224 V.
1163 1160 1306 1222 Demetr.

201 1286 233 1350 p.
251 1263 314 1348 895
332 1266 375 1327 A.
393 1265 497 1330 POR.

243 1385 317 1451 399.
336 1373 432 1430 κακῶν
446 1366 539 1431 codd.
555 1366 697 1453 plerique
711 1389 827 1431 omnes.
844 1370 914 1432 θεόν
929 1367 1007 1432 Ald.

243 1488 317 1553 403.
342 1470 374 1532 εῶ
395 1474 515 1551 πρᾶσσε
529 1468 753 1554 interpretatur
766 1475 903 1550 μηδαμῶς
919 1467 1162 1546 Valckenaerins‚
1177 1483 1208 1533 et
1223 1491 1306 1533 com-

200 1586 291 1657 parat
305 1593 376 1635 cum
392 1577 469 1651 ζηλῶ
484 1569 513 1633 σ’
531 1570 620 1634 Med.
637 1574 688 1635 60.
706 1572 867 1655 εὐτυχοίης,
882 1575 977 1637 ὄναιο.
1010 1571 1072 1636 Sed
1087 1571 1201 1647 obstat,
1218 1570 1304 1656 quod

201 1672 320 1736 notavit
336 1671 526 1750 Brunckins‚
542 1671 697 1759 particula
711 1672 747 1747 δ’,
763 1697 857 1759 quam
882 1673 952 1739 ideo
973 1674 1080 1738 abesse
1102 1673 1159 1737 iste
1179 1671 1306 1749 mallet;

200 1775 255 1838 aed
283 1798 350 1839 eam
381 1775 516 1839 retinent
541 1799 648 1840 omnes
673 1776 746 1841 edd.
771 1779 871 1842 MSS.
897 1777 1087 1842 Plutarchus
1111 1800 1142 1863 p.
1165 1777 1239 1840 606.
1261 1778 1305 1840 E.

203 1879 318 1942 Sextus
340 1878 519 1966 Empiricos
540 1877 610 1943 adv.
635 1879 740 1944 Math.
765 1881 794 1945 1.
812 1898 882 1964 279.
903 1882 1093 1967 Anonymus
1113 1879 1196 1942 iuter
1216 1877 1304 1942 Rhe-

201 1995 284 2044 toras
310 1980 388 2045 Aldi
414 2001 441 2046 2.
469 2005 500 2068 p.
526 2001 602 2066 371,
628 2001 680 2061 24.
739 1984 855 2047 Sensus
884 1981 967 2046 idem
999 1997 1057 2058 est,
1087 1981 1143 2068 qui
1171 1981 1201 2044 in
1232 2003 1303 2067 per-

200 2083 330 2169 vulgato
351 2107 461 2148 versu:
498 2086 606 2148 Donec
633 2087 697 2149 eris
708 2085 812 2171 felic,
835 2085 948 2149 multos
972 2086 1154 2149 numerabis
1179 2086 1303 2148 αυτὶοος.

243 2302 318 2370 407.
341 2286 454 2367 δύνωμ’
470 2288 517 2361 δν,
534 2288 619 2374 quod
642 2300 804 2373 utcunque
822 2288 989 2352 barbarum
1006 2288 1141 2351 retinent
1157 2288 1257 2351 MSS.
1273 2302 1305 2351 et

202 2389 358 2466 Stobaeus‚
382 2405 464 2454 recte
486 2393 631 2456 emendat
654 2390 864 2454 Marklandus
886 2390 926 2454 ad
951 2392 1063 2478 Suppl.
1080 2392 1151 2476 136.
1198 2389 1304 2455 Simile

201 2493 350 2557 mendum
366 2517 405 2557 ex
421 2493 564 2581 AEschyli
581 2496 688 2557 Prom.
703 2511 776 2577 757.
792 2492 919 2557 sustulit
933 2493 1096 2557 Dawesius
1112 2492 1206 2556 Mise.
1224 2493 1302 2557 Crit.

201 2620 234 2684 p.
252 2613 326 2682 251.
343 2598 446 2661 POR.

243 2718 318 2778 4¹2·
341 2700 450 2782 θηρῶν]
469 2700 557 2781 θηρὸς
575 2700 666 2764 codd.
682 2696 783 2762 multi.
832 2696 893 2761 Sed
918 2720 956 2762 ne
978 2720 1144 2761 memorem
1168 2700 1302 2777 ὁμοιοτέ-

199 2806 317 2874 λευτον,
340 2799 471 2864 alterum
495 2824 551 2886 per
573 2825 606 2865 se
629 2800 748 2865 melius.
794 2802 877 2864 Cum
903 2801 983 2864 enim
1008 2803 1136 2865 Jocasta
1161 2801 1303 2879 nesciret,

201 2903 264 2967 utri
294 2902 429 2966 ferarum
461 2902 642 2990 Polyniccm
673 2902 847 2966 assimilarit
877 2902 1046 2978 Adrastus,
1077 2919 1159 2968 recte
1188 2903 1303 2990 plurali

200 3005 313 3083 utitur,
330 3020 363 3069 nt
379 3004 446 3092 ipsa
460 3005 575 3070 dicitnr
589 3005 670 3069 infra
685 3028 789 3069 ensem
803 3004 939 3091 arripere
957 3007 990 3068 ἐκ
1013 3012 1122 3086 νεκρῶν
1137 3021 1169 3069 et
1191 3015 1303 3089 νεκρῶν

199 3107 290 3188 πάρα,
307 3126 507 3196 1470.1593.
524 3111 627 3174 POR.

242 3212 315 3290 416.
332 3214 481 3297 ματεύων]
499 3215 656 3293 μαστεύων
671 3211 791 3276 codices
805 3210 896 3276 multi
912 3226 942 3275 et
959 3209 1036 3274 Altl.

242 3311 275 3400 ᾗ]
293 3312 311 3392 ἢ
327 3316 373 3377 Η.
390 3313 515 3401 aliique.

241 3435 317 3494 417.
334 3415 407 3500 κᾷτά
421 3419 464 3501 γ’]
484 3415 558 3502 κᾷτα
572 3417 596 3483 δ’
613 3442 686 3507 pars
700 3418 853 3483 codicum.

242 3536 318 3596 420.
336 3522 441 3600 θηρσὶν
456 3521 494 3583 Β.
510 3535 541 3584 et
558 3522 657 3585 Taur.
703 3519 808 3607 Vulgo
822 3520 909 3601 θηρσὶ
924 3517 961 3582 δ’.

241 3619 355 3706 ᾔκασεν
369 3619 434 3683 duo
447 3620 537 3684 codd.
583 3621 688 3708 Vulgo
703 3626 832 3686 εἴκασεν.

241 3725 316 3799 426.
333 3722 463 3787 σπέσθαι
476 3723 567 3787 codd.
584 3724 683 3787 multi.
708 3724 854 3787 ἑσπέσθαι
869 3722 946 3786 Ald.

243 3842 315 3904 427.
334 3826 410 3888 Post
425 3825 508 3889 hunc
524 3825 639 3902 Aldus,
655 3824 795 3911 plerique
810 3824 884 3888 editi
899 3838 930 3888 et
945 3849 1053 3890 omncs
1067 3829 1165 3893 MSS.
1176 3828 1300 3893 addunt

200 3945 345 3988 versum:
376 3932 468 3991 Τυδεῖ
480 3953 513 3990 τε
529 3928 626 4007 κάμοὶ,
642 3930 836 4008 σύγγομβρος
849 3928 907 4008 γάρ
923 3927 983 3991 ἐστ’
1000 3932 1076 4008 ἐμός.
1125 3931 1232 4016 Major
1246 3955 1296 3995 co-

199 4024 303 4089 dicum
319 4050 392 4114 pars
407 4029 568 4110 σύγγομος,
585 4027 670 4113 quod
686 4043 786 4092 metro
800 4029 921 4107 melius,
932 4031 1034 4094 sensui
1045 4054 1106 4096 non
1121 4057 1212 4121 aeqne
1226 4057 1299 4097 con-

199 4128 294 4193 venit.
339 4131 437 4194 Hunc
451 4145 556 4194 autem
572 4152 695 4193 versum
712 4146 794 4195 recte
808 4131 948 4219 ineptum
965 4150 996 4197 ct
1015 4134 1155 4220 spurium
1174 4136 1299 4222 judicat

199 4231 352 4295 Jortinus.
371 4233 474 4296 POR.

241 4351 314 4414 447.
333 4332 368 4412 δύ
383 4334 420 4396 Β.
437 4346 469 4397 et
484 4335 585 4397 Taur.
600 4331 634 4396 δέ
648 4333 727 4399 Ald.

242 4455 317 4518 449.
343 4434 465 4499 τάσσων
491 4433 623 4516 ἐπέσχον
647 4434 731 4501 idem
756 4453 802 4501 est
824 4439 909 4525 quod
932 4441 1054 4505 τάσσων
1076 4444 1238 4524 ἐπαυόμην,
1261 4458 1298 4508 ut
