2864 4914
167 283 231 349 116
529 285 907 351 ANNOTATIONES

166 479 238 521 rum
264 459 380 540 κόραισι
401 457 509 522 δίδοτε.
553 457 653 523 Simili
678 480 782 523 errore
803 458 837 522 in
860 480 952 522 versu
979 457 1087 545 spurio
1113 456 1268 522 Phoeniso.

170 577 261 645 1371.
278 561 441 643 κόβλεφαν
454 560 616 640 ἀλλήλοισι
637 563 788 629 διαδόντες
810 564 909 644 κόρας,
924 559 995 625 libri
1018 559 1125 647 plures
1139 562 1269 628 διδόντες

167 663 216 726 vel
231 664 408 729 διαδιδόντες
430 662 582 748 praebent.
620 664 726 728 Verbo
739 677 844 729 autem
862 668 1012 728 διαδοῦναι
1034 661 1206 750 Euripides
1226 661 1268 726 si·

166 763 279 829 militer
294 787 370 828 usus
384 779 431 830 est
445 765 477 829 in
494 765 615 830 Troad.
635 784 706 849 117.
721 769 761 834 ὥς
773 792 825 846 μοι
838 768 931 834 πόθος
953 768 1060 846 εἱλίξαι
1082 766 1131 830 καὶ
1151 769 1267 829 διαδοῦ-

166 892 216 932 νοι
231 873 324 931 νῶταν
338 868 472 933 ἄκανθάν
486 867 511 933 τ’
528 871 570 937 είς
585 870 771 953 ἀμφοτέρους
785 871 912 954 τοίχους.

207 971 358 1055 βοτρύων]
378 971 580 1037 Scribebatur
593 975 781 1056 βοστρύχων.
820 972 915 1051 Quod
936 972 968 1035 in
990 972 1149 1055 βοτρόχων
1163 971 1269 1059 potius

165 1073 352 1138 mutandum
368 1087 446 1153 erat,
460 1073 500 1137 de
513 1097 579 1161 qua
592 1074 706 1153 forma,
720 1074 789 1139 aliis
803 1074 992 1162 quibusdam
1010 1073 1085 1138 locis
1102 1088 1267 1161 poetarum

162 1200 183 1242 a
199 1175 264 1240 Th.
282 1174 418 1262 Bergkio
433 1176 588 1256 restituta,
604 1176 670 1240 dixi
685 1178 718 1241 in
735 1178 902 1241 Thesauro
918 1176 1080 1264 Stephani.
1110 1177 1267 1259 βοτρνχό·

163 1284 231 1346 δεος
244 1301 303 1366 pro
316 1280 543 1362 βοστρυχώδεος
556 1278 691 1343 servavit
705 1279 804 1344 codex
820 1302 904 1344 unus
919 1278 1032 1343 Phoen.
1050 1279 1141 1364 1485.

206 1383 318 1467 ποντῖι]
344 1381 546 1447 scribebatur
566 1381 672 1462 πάντη.
714 1381 776 1446 Sed
798 1382 920 1469 aliquot
938 1380 1031 1447 codd.
1054 1381 1163 1456 πάντα,
1178 1381 1268 1468 quod

162 1484 240 1549 nibil
261 1485 347 1550 aliud
370 1501 416 1550 est
437 1507 531 1572 quam
557 1484 709 1550 Doricum
730 1491 839 1562 ποντᾶ,
861 1484 947 1572 quod
970 1484 1087 1550 librarii
1110 1506 1174 1548 non
1195 1508 1268 1549 raro

161 1588 260 1652 πάντα
274 1589 474 1676 scripserunt,
490 1602 527 1653 ut
540 1590 626 1675 apud
639 1587 738 1675 Soph.
750 1586 869 1654 Trach.
887 1590 963 1671 648.

207 1692 302 1759 1268.
318 1693 413 1757 δδε-
430 1693 438 1778 Ι
456 1692 650 1774 ἀμφὶ-ἀνήρ
664 1691 741 1756 Ald.

208 1797 302 1881 1269.
328 1798 406 1860 Post
427 1798 520 1880 τρίβῳ
541 1793 662 1859 codices
681 1811 713 1860 et
735 1795 814 1860 Ald.
835 1795 959 1860 addunt
977 1793 1186 1878 προσέρχεται,
1207 1816 1266 1881 pro

161 1900 272 1986 quoin
291 1900 396 1985 Mosq.
412 1920 478 1962 uno
493 1897 643 1984 scriptum
668 1899 858 1981 φαντάζεται,
874 1897 960 1986 quod
982 1897 1127 1963 librarius
1148 1897 1265 1984 posuit,

161 2001 211 2066 cui
235 2000 389 2066 Phoeniss.
406 2024 437 2064 v.
454 2021 505 2086 93.
523 2000 742 2066 obversaretur
758 2001 799 2083 μή
817 2028 861 2069 τις
881 2008 1014 2067 πολιτῶν
1029 2004 1063 2066 ἐν
1076 2004 1170 2087 τρίβῳ
1186 2009 1264 2084 φαν-

161 2105 287 2182 τάζεται.
333 2103 390 2169 Ab
416 2103 572 2192 Euripide
597 2118 661 2169 tres
686 2104 822 2194 syllabas
846 2105 957 2169 breves
986 2104 1102 2192 positas
1123 2104 1220 2168 fuisse
1247 2128 1267 2169 e

161 2230 254 2272 versu
271 2206 430 2295 strophico
446 2207 643 2296 perspicitur.
676 2211 811 2293 πρόσεχε
825 2210 869 2276 τίς
883 2206 1159 2296 ild-suspicatur
1175 2207 1266 2273 Seida

160 2311 253 2376 lerus.

207 2429 299 2496 1272.
317 2417 437 2498 ἐχθροῖς
449 2411 487 2493 ἢν
502 2416 585 2501 φανῇ
602 2414 679 2478 Ald.
694 2430 726 2479 et
744 2416 842 2478 MSS.
859 2413 1000 2500 quidam,
1016 2413 1070 2478 sed
1086 2437 1148 2479 non
1163 2413 1265 2479 liben-

160 2533 208 2582 ter
222 2516 318 2604 hujus
332 2516 418 2581 verbi
433 2516 583 2581 aoristum
599 2516 770 2581 secundum
794 2516 904 2581 activae
919 2517 1003 2581 vocis
1017 2516 1189 2581 admittunt
1204 2530 1267 2581 tra-

160 2619 231 2706 gici.
276 2619 424 2706 Plerique
438 2619 560 2684 codices
575 2622 694 2703 ἐχθροῖς
708 2623 735 2684 εί
752 2627 852 2702 φονεῖ.
900 2618 986 2683 1111111
1001 2618 1209 2707 depravatum
1225 2643 1265 2683 ex

161 2723 324 2806 ἐχθροῖσιν,
341 2721 400 2786 boc
414 2744 453 2785 ex
469 2725 613 2806 ἐχθροῖσι
637 2724 740 2788 POR.
780 2726 916 2808 ἐχθροῖσι
930 2727 1011 2806 φανῇ
1027 2722 1125 2787 codex
1140 2725 1242 2788 Taur.

207 2843 301 2910 1273.
317 2824 402 2891 κενός
416 2824 546 2888 codices.
572 2826 656 2893 κενός
669 2831 727 2909 γὰρ
743 2826 818 2890 Α111.

205 2929 256 3015 οὐ]
273 2928 312 2992 σὺ
327 2926 403 2991 Α111.
419 2941 451 2992 et
466 2928 554 2992 Flor.
571 2950 664 2993 unus.

207 3033 300 3114 1276.
316 3030 383 3116 τιν’]
402 3057 469 3096 τινα
482 3031 580 3097 codex
598 3032 707 3120 Kingii
722 3048 754 3097 et
769 3031 857 3099 Flor.
875 3057 968 3098 unus.
997 3034 1065 3098 τινά
1078 3060 1129 3114 μοι
1143 3033 1265 3100 codices

160 3133 254 3200 ceteri
268 3147 300 3198 et
314 3133 393 3199 Ald.

209 3239 300 3322 1278.
320 3237 432 3304 ἐνθένδ’
449 3241 555 3326 Mosq.
573 3262 664 3304 unus·
690 3240 778 3305 ἐνθεν
792 3238 934 3327 plerique
948 3237 1039 3303 codd.
1055 3252 1087 3301 et
1102 3237 1178 3301 Ald.
1202 3238 1265 3304 ἐνθ’

163 3345 208 3408 Η.
232 3340 331 3407 ἐνθάδ’
346 3343 435 3428 Aug.
452 3365 544 3406 unus.

207 3446 277 3509 τάπὶ
303 3448 360 3509 σοΰ
383 3445 421 3508 Β.
455 3447 639 3509 Ceterorum
666 3445 808 3532 plerique
831 3443 880 3509 vel
904 3446 1031 3521 τδπίσω,
1053 3441 1139 3530 quod
1162 3458 1209 3507 est
1232 3442 1265 3509 in

161 3547 253 3628 Ala,
267 3545 316 3611 vel
338 3547 481 3626 τοθτίσο,
496 3546 582 3634 quod
605 3570 625 3611 a
645 3571 693 3635 pr.
710 3571 752 3613 m.
768 3546 863 3612 habet
878 3548 926 3625 H,
942 3546 997 3612 sed
1014 3569 1053 3611 ex
1075 3546 1265 3612 correctione

160 3655 287 3719 τᾶπίσιο.

208 3759 299 3821 1281.
319 3771 410 3835 1291.
427 3753 495 3839 νυν]
515 3753 604 3819 Libri
621 3759 683 3819 νῦν.

208 3858 300 3925 1286.
319 3855 356 3941 δ]
375 3855 398 3920 δ
414 3855 492 3920 Ald.

208 3962 301 4043 1287.
319 3961 539 4045 ἐκκεκώφωται]
556 3960 638 4022 Tres
652 3957 727 4023 alias
749 3958 894 4023 lectiones
909 3976 1060 4025 memorat
1076 3961 1262 4027 Barnesius:

162 4065 396 4146 ἐκκεκῶφωνται,
414 4062 643 4143 ἐκκεκόφηνται,
662 4065 871 4146 ἐκκεκώφηται.
916 4065 969 4127 Ac
986 4064 1119 4151 primam
1134 4063 1265 4150 quidem

160 4167 304 4255 sequitur
318 4163 546 4251 Aristophanes
565 4163 650 4251 apud
674 4164 876 4239 scholiasten;
901 4166 1069 4231 secundam
1086 4166 1202 4231 habent
1218 4168 1263 4230 H.

163 4271 309 4338 Clemens
337 4266 433 4332 Alex.
459 4268 574 4331 Strom.
604 4286 633 4334 2.
663 4290 695 4354 p.
718 4270 795 4354 485.
828 4269 1039 4334 Terentianus
1068 4271 1206 4335 Maurus
1228 4292 1264 4357 p.

162 4394 256 4457 2404
272 4370 390 4460 optime
403 4393 442 4433 ex
458 4368 518 4434 hoc
532 4368 601 4433 loco
614 4370 798 4436 emendatus
819 4394 838 4435 a
860 4371 1005 4436 Dowesio
1024 4395 1056 4459 p.
1073 4392 1123 4457 15.
1141 4371 1264 4437 tertiam

163 4483 206 4546 A.
222 4480 266 4544 D.
284 4479 379 4542 Cant.
397 4475 440 4539 K.
454 4474 495 4540 L.
510 4474 558 4538 M.
573 4475 615 4538 N.
628 4473 669 4539 R.
711 4475 752 4538 ln
769 4474 836 4538 solo
850 4475 884 4539 J.
900 4473 1024 4561 repperi
1040 4476 1263 4557 ἐκκεκόφατον.
