2864 4914
158 279 223 341 108
526 279 907 344 ANNOTATIONES

204 450 375 532 στεναγμὸν
395 474 433 513 ex
455 451 574 537 aliquot
597 451 688 515 codd.
712 450 893 536 repositum.
940 447 1088 534 Plerique
1105 470 1176 511 cum
1194 445 1266 509 Ald.

161 559 347 634 στεναγμῶν.
392 552 486 616 Verbi
501 576 572 616 cum
589 553 765 617 accusativo
779 551 949 616 constructi
964 549 1108 637 exempla
1118 550 1267 638 apposuit

163 657 287 742 Musgr.
318 679 358 719 ex
388 657 486 720 Hom.
513 655 576 719 0d.
603 663 637 734 Γ,
661 675 737 739 445.
770 654 929 741 Lycophr.
955 673 1026 737 209.
1059 657 1152 718 Semo
1180 653 1266 740 apud

162 759 284 824 Athen.
301 780 349 839 14.
366 781 398 844 p.
415 762 477 821 622
495 761 533 822 C.
578 758 681 823 Addit
699 757 877 822 Brunckius
892 757 1005 844 Eurip.
1022 758 1127 822 Andr.
1143 777 1234 841 1199.

206 864 278 945 962.
300 863 461 943 αἱματηρὸν
476 862 551 925 ἄταν
565 861 604 925 ad
622 861 716 925 verba
737 867 853 926 τιθεῖσα
867 860 976 924 λευκὸν
990 862 1086 944 ὄνυχα
1101 863 1149 925 διδ
1163 863 1268 943 παρηί-

162 970 221 1029 δων
242 964 378 1051 pertinet
401 978 433 1027 et
457 962 577 1028 dictum
604 978 651 1027 est
672 986 730 1054 pro
751 965 771 1043 ή
793 965 877 1027 ἐστιν
898 962 1058 1045 αἱματηρὸς
1079 964 1147 1028 ἄτα.
1192 962 1266 1027 Vid.

164 1069 307 1132 Gramm.
326 1069 354 1149 δ.
370 1085 443 1152 432.
461 1067 654 1132 ΜΑΤΤΗ.

206 1173 280 1255 964.
304 1170 462 1255 νερτέρων]
480 1171 693 1252 Περσέφασσα
713 1169 836 1235 addunt
859 1169 939 1243 libri,
958 1169 1045 1257 quod
1063 1169 1153 1256 ejecit
1170 1171 1265 1233 Mus-

161 1273 290 1361 gravius
304 1288 465 1361 praeeunte
479 1272 644 1337 scholiasta
660 1272 797 1336 metrico.

206 1379 278 1461 9⁶5·
303 1378 438 1461 ἰαχείτω]
462 1375 667 1440 Scribendum
691 1377 827 1458 ἰακχείτω
845 1398 916 1439 cum
933 1377 1084 1439 Porsono.
1131 1377 1170 1439 In
1186 1374 1266 1439 Ald.

162 1503 270 1544 versus
299 1479 341 1543 sio
370 1477 516 1564 descripti
544 1477 816 1561 ίαχείτω-κράτα
835 1476 840 1564 Ι
859 1481 1133 1543 τιθεῖσα-οἴκων.
1154 1479 1159 1566 Ι
1180 1480 1267 1546 ἔλεος

163 1584 374 1664 ἔλεος-ὕπερ.

206 1687 279 1768 966.
309 1685 383 1767 κάρα
408 1684 529 1748 oodiees
556 1683 716 1771 plerique:
753 1683 845 1771 pauci
871 1683 962 1770 xdpq:
993 1684 1059 1749 duo
1086 1707 1159 1749 cum
1185 1683 1265 1748 Ald.

163 1793 264 1870 κρᾶτα.
289 1797 310 1828 “
329 1788 415 1870 Κύρα
429 1788 578 1873 scriptum
595 1786 746 1874 oportuit,
763 1809 824 1850 non
847 1787 931 1873 κάρᾳ.
976 1790 999 1851 J
1003 1788 1150 1876 ungenda
1170 1786 1266 1865 enirn,

162 1914 225 1955 non
254 1896 377 1974 σίδαρον
405 1895 553 1974 κούριμον,
580 1891 634 1955 sed
661 1893 709 1955 ἐπὶ
735 1891 810 1971 κάρα
837 1894 985 1973 κούριμον,
1012 1909 1048 1957 ut
1077 1906 1159 1957 recte
1188 1891 1268 1955 vidit

163 1995 304 2059 Elmslei.
329 1995 359 2058 in
384 1994 510 2058 Classis.
529 1995 636 2081 journ.
661 2017 690 2058 n.
709 1997 756 2058 16.
774 2018 806 2081 p.
821 2014 894 2079 429.
916 1996 1037 2060 Troad.
1054 1997 1125 2061 280.
1150 1996 1267 2078 ἄρασσε

163 2105 254 2181 κρᾶτα
276 2101 424 2180 κούριμον.
448 2097 501 2161 ΕΙ.
522 2113 597 2183 517.
622 2099 758 2179 κουρίμης
779 2095 887 2181 τριχός.
914 2100 995 2164 Hec.
1011 2100 1086 2184 643.
1108 2095 1217 2163 πολιόν
1239 2099 1266 2160 τ’

163 2204 212 2267 ἐπὶ
227 2206 318 2283 κρᾶτα
335 2202 586 2282 μάτηρ-τίθεται
605 2200 691 2284 χέρα.
714 2198 765 2263 El.
783 2199 853 2281 148.
877 2201 954 2285 χέρα
975 2228 1008 2266 τε
1031 2201 1108 2284 κρᾶτ’
1129 2203 1177 2266 ἐπὶ
1198 2203 1265 2265 κού-

160 2332 247 2388 ριμον
261 2304 419 2383 Τιθεμένα.
436 2305 579 2367 ΜΑΤΤ
583 2305 629 2366 Η.

205 2410 277 2492 967.
301 2415 361 2472 τῶν
373 2406 533 2489 Ἀτρειδῶν
546 2423 619 2470 ante
638 2405 747 2486 πήματ’
762 2405 885 2471 addunt
907 2406 988 2471 libri.
1033 2407 1159 2472 Delevit
1175 2408 1268 2471 Mus-

161 2513 298 2598 gravius.

205 2630 281 2699 973.
305 2615 394 2693 ζήλος
418 2612 510 2697 (male
533 2617 622 2693 ξῆλος
644 2611 820 2700 typotheta)
839 2611 1055 2698 Musgravius.
1103 2611 1191 2676 Libri
1217 2615 1265 2692 ζη-

161 2714 264 2783 λωτός.

206 2837 279 2903 975.
297 2819 401 2899 φοινία
414 2817 513 2881 oodex
530 2816 648 2902 Kingii.
695 2815 896 2881 Scribebatur
912 2820 1012 2900 φονία.

205 2919 292 2983 πόλει
309 2920 522 3006 Musgravius.
570 2919 660 2983 Libri
675 2922 820 2987 πολίταις.

205 3039 280 3107 977.
298 3026 420 3090 ε’λπιδος
434 3023 525 3087 oodd.
542 3022 695 3108 plerique.
721 3026 828 3087 έλπιδα
845 3022 921 3087 Ald.

206 3143 277 3209 979.
295 3125 394 3205 ἔτερος
410 3126 577 3188 Porsonus.
603 3125 713 3205 ἑτέροις
725 3122 807 3187 libri.

205 3227 279 3310 982.
295 3224 458 3306 μόλοιμι-
477 3226 481 3313 Ι
501 3227 708 3307 τεταμέναν-
727 3225 732 3313 Ι
752 3225 1079 3309 πέτραν-φερομέναν
1094 3225 1171 3289 Ald.

206 3330 299 3407 Quod
330 3353 425 3416 supra
448 3334 478 3395 6.
506 3345 670 3394 vocaverat
696 3331 816 3411 πέτρον,
842 3352 913 3393 cum
945 3329 994 3392 bio
1022 3345 1110 3392 vocat
1136 3329 1264 3412 οὐρανοῦ

162 3434 210 3498 καὶ
231 3433 327 3512 μέσον
340 3433 450 3515 χθονὸς
471 3433 636 3512 τεταμέναν
651 3432 817 3513 αἰωρήμασι
832 3432 955 3513 πέτραν,
970 3431 1043 3494 satis
1060 3431 1116 3495 sibi
1132 3447 1262 3496 constat.

164 3535 225 3599 Sed
248 3558 319 3599 curu
346 3534 445 3613 addit,
469 3537 598 3599 ἁλύσεσι
619 3534 761 3616 χρυσέαις
783 3534 953 3615 φερομέναν
975 3536 1085 3598 δίναισι
1106 3541 1210 3615 βῶλον
1232 3537 1265 3614 ἐξ

161 3638 328 3718 Ὀλύμπου,
358 3661 455 3725 puros
485 3638 685 3724 mythologie
711 3638 813 3701 fontes
841 3637 1037 3726 philosophia
1066 3661 1266 3725 corrumpere

163 3742 294 3806 videtur.
341 3741 522 3805 Selroliastae
544 3741 639 3818 enim,
662 3763 734 3804 cum
758 3740 866 3804 Nostri
888 3741 927 3804 ad
954 3740 1037 3804 hune
1060 3740 1265 3818 locum,tun1

164 3841 322 3929 Apollonii
344 3843 462 3906 Rbodii
479 3865 505 3909 1.
523 3868 554 3930 p.
572 3844 646 3928 498.
672 3843 811 3921 tradunt,
828 3846 1047 3929 Anaxagoram
1069 3846 1178 3925 μύδρον
1200 3843 1265 3908 sive

161 3949 249 4011 λίθον
264 3946 406 4028 διάπυρον
421 3946 535 4011 dixisse
550 3947 656 4024 solem,
674 3969 768 4031 quarn
788 3946 970 4010 sententiam
987 3963 1137 4011 memorat
1155 3948 1265 4011 Xeno-

163 4048 246 4134 plron
264 4051 364 4113 Mem.
379 4071 409 4128 4.
427 4068 457 4130 7.
475 4069 503 4131 7.
540 4048 724 4112 Selroliastes
740 4048 869 4112 Pindari
883 4049 924 4112 ad
940 4049 1067 4135 Olymp.
1082 4070 1108 4113 1.
1123 4065 1174 4134 97.
1191 4052 1266 4114 ένιοι

162 4153 194 4214 δὲ
217 4153 357 4215 ἀκούουσι
379 4153 432 4215 τὸν
446 4152 555 4233 πέτρον
570 4152 618 4215 ἐπὶ
636 4157 688 4214 τοῦ
709 4153 806 4231 ἡλίου.
828 4151 882 4215 τὸν
896 4156 954 4235 γὰρ
968 4152 1139 4229 Τάνταλον,
1156 4161 1264 4234 φυσιο·

161 4256 256 4335 λόγον
271 4257 444 4335 γευόμενον,
459 4254 506 4317 καὶ
516 4256 626 4335 μύδρον
638 4253 834 4336 ἀποφήναντα
845 4256 897 4318 τὸν
908 4257 1004 4334 ήλιου,
1017 4256 1065 4319 ἐπὶ
1077 4258 1169 4342 τούτῳ
1181 4259 1264 4324 δίκας

160 4358 316 4439 ὑποσχεῖν·
340 4358 418 4419 ὥστε
441 4358 488 4420 καὶ
511 4357 698 4437 ἐπῃωρῆσθαι
720 4357 797 4442 αὐτῷ
815 4357 868 4421 τὸν
881 4360 978 4436 ἥλων,
995 4357 1045 4439 ὑφ’
1061 4359 1096 4421 οὗ
1111 4362 1261 4437 δειματοῦ-

161 4463 232 4522 σθαι
253 4460 301 4523 καὶ
323 4459 552 4539 καταπτήσσειν.
577 4459 644 4541 περὶ
666 4462 697 4523 δὲ
721 4465 773 4523 τοῦ
796 4460 881 4539 ήλιου
903 4464 931 4524 οἱ
951 4463 1076 4542 φυσικοί
1095 4470 1202 4542 φασιν,
1226 4463 1265 4528 ὣς
