2864 4914
539 297 608 360 AD
632 299 857 362 MEDEAM.
1190 300 1251 366 191

191 487 221 548 5.
243 469 390 549 ἀριστέων
407 468 624 533 Wakefieldus
637 468 676 533 ad
694 470 824 534 Lucret.
840 469 901 534 vol.
916 489 949 554 3.
966 492 998 556 p.
1016 468 1073 533 ult.
1111 469 1254 556 Legeba-

149 582 202 631 tur
216 571 353 651 ἀρίστων.
400 573 521 636 Eadem
535 572 712 659 corruptela
727 571 799 637 Alc.
817 592 891 657 921.

191 673 305 754 ἀνδρῶν
320 675 463 760 ἀρίστων]
480 674 530 739 Sic
547 676 647 748 vocari
663 698 752 762 posse
764 678 968 762 Argonautas
979 696 1071 738 nemo
1085 674 1182 740 nescit
1195 691 1253 742 aut

146 789 251 860 negat.
297 775 357 839 Sed
374 775 485 864 potiori
504 777 578 863 jure
592 793 786 864 expectasses
800 776 960 864 epitheton
976 776 1151 864 proprium,
1165 777 1252 865 quod

145 873 177 939 in
199 899 253 940 eos
274 877 355 941 solos
376 878 512 956 caderet,
536 881 681 961 ἀριστέων
703 878 830 958 scilicet,
854 902 919 966 quo
943 879 1069 944 nomine
1090 878 1214 966 quoties
1234 903 1254 944 a

147 978 246 1063 poetis
260 978 469 1066 appellentur,
482 981 557 1044 nihil
573 1006 653 1068 opus
667 996 714 1046 est
728 980 879 1068 exemplis
893 979 1064 1046 ostendere.
1091 982 1142 1045 Ea
1156 981 1253 1068 igitur

148 1078 215 1144 loca
228 1095 351 1146 tantum
366 1083 535 1170 proferam,
553 1084 606 1148 ubi
623 1085 728 1166 ἄνδρες
747 1085 878 1165 ἀριστεῖς
893 1097 1053 1147 vocantur.
1098 1083 1252 1171 Apollon.

149 1182 257 1247 Rhod.
274 1204 301 1250 1.
325 1199 375 1268 70.
395 1184 522 1269 Ὦρσεν,
546 1187 723 1269 ἀριστήεσσι
745 1187 802 1250 σὺν
824 1185 970 1267 ἀνδράσιν
992 1189 1073 1267 ὄφρα
1096 1186 1204 1250 νέοιτο.
1221 1208 1251 1252 2.

146 1289 221 1365 460.
236 1289 311 1366 960.
334 1288 481 1371 ἀριστήων
496 1288 610 1353 στόλον
629 1291 754 1371 ἀνδρῶν.
775 1290 851 1374 465.
871 1286 972 1353 αὐτόθι
993 1291 1112 1369 μίμνειν
1126 1289 1251 1354 Κέκλετ’

147 1389 323 1469 ἀριστήεσσι
344 1392 401 1455 σὺν
415 1392 569 1474 ἀνδράσιν.
584 1412 615 1478 3.
633 1411 724 1471 1004.
743 1393 802 1456 είκε
818 1391 952 1458 σαιόσαις
964 1389 1089 1455 Τόσσον
1105 1392 1253 1473 ἀριστήων

147 1491 261 1573 ἀνδρῶν
281 1491 405 1558 στόλον.
444 1494 576 1558 Phrasin
600 1509 731 1580 usurpat
755 1493 926 1581 Euripides
949 1493 1024 1581 Iph.
1047 1496 1091 1559 A.
1108 1497 1157 1558 αδ.
1189 1494 1253 1560 Oris

148 1594 260 1676 άγαμαι
274 1594 352 1659 ταῦτ’
369 1596 475 1678 ἀνδρὸς
496 1596 649 1679 ἀριστέως.
686 1598 753 1661 Nec
774 1618 845 1660 raro
858 1611 1006 1684 corrupta
1021 1596 1081 1661 fuit
1098 1596 1165 1661 haec
1180 1619 1251 1661 vox.

149 1695 252 1761 Schol.
269 1697 430 1763 Villoison.
449 1699 488 1763 ad
511 1698 552 1764 Il.
568 1706 600 1764 Γ.
615 1721 663 1786 19.
686 1698 704 1778 ἢ
726 1701 793 1767 τοὺς
816 1701 945 1781 ἀριστεῖς
966 1705 1026 1763 τῶν
1039 1700 1151 1781 Τριόων
1165 1724 1253 1780 ττροε·

147 1797 269 1879 τρέπετο
294 1805 367 1864 κατὰ
388 1807 447 1865 τῶν
471 1800 640 1882 Ἑλλήνων,
662 1801 760 1866 codex
783 1800 923 1889 insignis,
947 1802 1038 1888 cujus
1062 1823 1152 1865 usum
1176 1800 1252 1865 mihi

147 1899 369 1967 humanissime
394 1904 544 1969 concessit
570 1905 616 1968 vir
642 1903 867 1981 ornatissimus
894 1904 1028 1969 Carolus
1060 1903 1252 1983 Townleiua

148 2003 228 2067 male
250 2004 378 2091 quidem
401 2006 506 2085 habet,
530 2010 686 2089 ἀρίστονς;
711 2007 764 2071 sed
787 2007 827 2072 ad
852 2013 876 2084 1,
894 2008 966 2070 168.
985 2006 1040 2071 ubi
1061 2006 1176 2072 scholia
1191 2009 1252 2072 Ve-

147 2118 220 2170 neta
242 2106 369 2185 habent,
392 2111 540 2174 κάνταῦθα
562 2110 725 2193 γενόμενον
741 2113 961 2193 κατασχεθῆναι
977 2109 1034 2174 ὑπὸ
1049 2115 1107 2174 τῶν
1122 2111 1253 2192 ἀρίστων

148 2211 190 2277 εἰς
206 2210 343 2293 εὐωχίαν,
360 2211 411 2276 ille
425 2213 554 2299 optime,
570 2216 726 2295 ἀριστέων.
773 2212 908 2299 Legitur
922 2211 1009 2299 apud
1031 2210 1178 2298 Sophocl.
1195 2212 1251 2299 Aj.

150 2331 244 2396 1304.
256 2310 321 2395 ’Ap'
338 2315 386 2378 ὧδ’
402 2316 522 2397 ἀριστος
541 2319 572 2395 ἐξ
591 2314 743 2398 ἀριστέοιν
757 2320 839 2380 δυοῖν
854 2314 1002 2379 Βλαστδν
1021 2311 1060 2377 ἀν
1081 2315 1253 2397 αίσχόνοιμι

148 2415 215 2482 τοὺς
236 2414 311 2496 πρὸς
332 2417 471 2497 αἵματοςς
497 2417 610 2482 Suidas
632 2417 724 2481 etiam
749 2431 815 2482 tum
837 2415 952 2495 editus,
971 2431 1038 2480 tum
1060 2416 1204 2503 scriptus,
1219 2417 1251 2481 in

147 2517 248 2582 tribus
271 2518 372 2582 MSS.
398 2520 519 2600 ἀριστος
544 2519 656 2585 retinet
679 2543 709 2582 v.
733 2519 807 2603 πρὸς
828 2520 960 2598 αἵματος.
1007 2518 1126 2582 Melius
1148 2533 1250 2583 tamen

148 2617 272 2683 videtur
288 2621 433 2701 ἀριστεύς.
476 2622 557 2685 Hoec
571 2622 762 2708 conjectura,
779 2619 836 2685 nisi
852 2644 902 2685 me
917 2619 1065 2684 memoria
1079 2619 1169 2699 fallit,
1183 2619 1252 2685 aliis

146 2720 177 2784 in
194 2735 327 2786 mentem
345 2722 449 2797 venit;
481 2723 534 2787 sed
553 2723 647 2788 credo
661 2746 792 2787 mecam
809 2722 954 2809 pluribus
968 2735 1000 2787 et
1014 2721 1144 2788 diversis
1158 2746 1254 2810 argu-

146 2826 259 2889 mentis
280 2826 493 2912 exemplisque
515 2826 691 2890 munivisse.
739 2825 802 2889 Sed
821 2839 894 2889 utut
908 2824 949 2888 de
965 2825 1023 2889 hoc
1037 2840 1166 2903 statuas,
1181 2849 1252 2912 gra»

146 2927 261 2991 viorem
278 2927 485 3015 corruptelam
502 2951 592 3015 passa
606 2943 652 2992 est
668 2928 735 2992 hsec
751 2950 812 2991 vox
826 2927 859 2991 in
873 2925 992 2992 Electr.
1006 2946 1058 2992 22.
1077 2929 1191 2995 Δείσας
1206 2930 1250 3003 δὲ,

146 3030 186 3109 μή
208 3055 247 3115 τῳ
270 3030 350 3093 παῖδ’
372 3029 519 3112 ἀριστέων
535 3029 624 3104 τέκοι,
640 3028 865 3113 Ἀγαμέμνονος
877 3028 1038 3111 ποινάτορ’,
1054 3029 1137 3114 εἶχεν
1153 3032 1186 3093 έν
1201 3028 1248 3095 δό-

145 3158 220 3212 μοις.
265 3133 423 3218 Corrupta
439 3155 499 3196 vox
517 3134 662 3216 Ἀργείων
682 3131 785 3197 sensui
808 3147 974 3219 repugnat,
994 3145 1026 3196 et
1047 3154 1119 3196 cum
1143 3137 1251 3199 παῖδας

146 3235 257 3322 prioris
272 3257 379 3298 versus
393 3250 493 3299 metro
508 3234 715 3300 necessarium
733 3234 865 3314 fecisset,
884 3248 1078 3321 anapaestum
1100 3233 1133 3299 in
1153 3257 1249 3321 quar.

147 3352 209 3402 tam
227 3338 383 3424 sequentis
397 3337 500 3403 sedem
517 3338 646 3416 invexit,
662 3337 847 3421 ποινάτορας.
865 3338 967 3401 POR.

190 3439 288 3525 δέρος]
307 3439 438 3505 Codices
453 3439 593 3529 plerique
607 3462 679 3505 cum
696 3438 773 3502 Ald.
790 3437 886 3521 δέρας.
916 3439 1007 3502 “Ex
1023 3439 1100 3502 MS.
1116 3440 1156 3502 E.
1173 3439 1250 3506 Lib.

148 3544 186 3607 P.
217 3558 248 3607 et
276 3542 392 3607 diserto
421 3543 582 3608 Eustathii
613 3540 789 3607 testimonio
817 3564 848 3628 p.
874 3544 1018 3619 600,11.
1044 3539 1128 3604 edidi
1155 3539 1248 3624 δέρος.

146 3644 227 3708 Vide
242 3644 502 3731 Phoeniss.1136.
541 3647 581 3709 In
599 3642 762 3731 Sophoclei
778 3643 888 3730 Ajacis
904 3643 998 3708 Locri
1013 3644 1189 3730 fragmento
1203 3643 1251 3710 δέ-

145 3774 198 3829 ρος
219 3763 395 3812 constanter
417 3762 541 3812 servant
565 3745 681 3811 Pollux
704 3762 737 3827 7,
754 3762 806 3827 70.
829 3743 1006 3810 scholiastes
1028 3745 1250 3834 Aristophanis

146 3849 188 3913 ad
202 3852 265 3913 Av.
282 3869 356 3934 934.
374 3849 487 3914 Snidss
502 3874 532 3914 v.
548 3846 673 3916 στολάς.
718 3850 877 3912 Praeterea
898 3845 982 3929 δέρος
997 3847 1045 3912 vel
1067 3871 1107 3912 ex
1129 3849 1250 3935 conjec-

146 3967 217 4015 tura
232 3951 446 4037 reponendum
465 3966 541 4029 erat,
558 3973 597 4015 ne
618 3950 684 4015 duo
706 3971 811 4013 versus
832 3947 865 4012 in
887 3949 1021 4014 eundem
1045 3972 1157 4015 sonum
1179 3950 1248 4016 exi·

146 4055 245 4117 rent.”
261 4055 364 4116 POR.

193 4175 243 4217 11.
257 4155 329 4242 μὲν]
347 4153 434 4217 Huic
449 4152 610 4241 particulae
625 4153 791 4240 respondet
806 4154 838 4217 δὲ
854 4176 885 4216 v.
904 4157 951 4217 16.

192 4275 240 4322 12.
264 4253 436 4319 ἀνδάνονσα
457 4257 514 4334 μέν
535 4257 617 4342 φυγῇ
638 4256 824 4319 πολιτῶνῶν
844 4257 967 4337 ἀφίκετο
989 4254 1100 4342 χθόνα]
1122 4258 1252 4327 Horum

148 4360 314 4424 verborum
338 4356 528 4422 constructio
550 4356 607 4420 etsi
634 4355 773 4443 expediri
801 4354 843 4419 sic
867 4369 971 4443 potest
999 4371 1035 4421 ut
1057 4358 1250 4447 intelligatur

146 4461 316 4527 duodennos
341 4462 430 4544 χθονὶ
454 4465 595 4539 πολιτῶν,
619 4461 661 4523 ὧν
682 4459 806 4540 ἀφίκετο
827 4455 933 4542 χθόνα,
957 4458 1120 4526 fatendum
1147 4477 1250 4529 tamen
