2864 4914
201 288 244 354 52
563 290 940 356 ANNOTATIONES

244 465 317 528 ἔνθα
331 465 500 526 Porsonus.
524 462 597 526 ἔνθα
612 462 664 527 τὸν
679 461 760 527 libri.

241 587 315 650 454.
333 569 407 649 γύας
423 567 636 629 Hermannus.
659 568 711 633 τὰς
725 568 810 647 γνίας
824 565 890 629 duo
904 565 996 630 codd.
1010 563 1131 651 Kingii.
1149 566 1217 647 (τὰς
1227 567 1300 648 γύας

201 669 447 750 Valckenarius.)
474 667 602 755 Reliqui
616 667 710 732 codd.
727 683 758 733 et
774 668 851 732 Ald.
868 669 964 733 πεδία.

242 787 316 857 455.
341 770 442 834 νάσων
457 768 549 834 codd.
572 768 731 856 plerique:
757 770 848 856 pauci
863 792 934 834 cum
957 768 1033 833 Ald.
1050 775 1153 834 νᾶσον.
1180 778 1201 808 “
1213 771 1298 834 Con-

199 875 399 939 structionem
423 871 503 937 hanc
525 868 622 950 easeh
644 875 800 953 πορεύσας
819 898 857 953 με
878 873 951 937 ἔνθα
974 872 1084 952 νήσων,
1103 896 1162 959 pro
1178 876 1221 940 ele
1240 878 1300 936 τῶν

198 976 299 1056 νήσων
314 978 440 1055 ἐκείνην,
457 976 540 1053 ἔνθα,
555 989 637 1038 recte
651 974 800 1039 viderunt
815 977 940 1060 Musgr.
955 990 987 1039 et
1002 974 1141 1039 Brunch.
1158 975 1297 1039 Boisson.

198 1078 362 1166 explebat:
386 1075 576 1159 ἢπορεύσεις
597 1104 634 1159 με
655 1077 729 1159 πρὸς
750 1076 852 1141 νάσων
866 1079 968 1157 ὅρμον.
1016 1077 1078 1141 Sed
1094 1077 1134 1140 de
1152 1093 1236 1142 certa
1250 1078 1296 1141 in-

197 1180 276 1260 sula,
293 1179 385 1258 Delo,
400 1202 570 1244 sermonem
587 1204 652 1245 esse
674 1179 813 1244 indicant
830 1201 903 1264 quae
926 1202 955 1243 v.
971 1197 1036 1264 454
1052 1204 1119 1267 sqq.
1135 1201 1299 1267 exponun-

197 1299 260 1348 tur.
306 1285 358 1347 De
379 1283 608 1347 constructione
632 1285 705 1348 ἔνθα
728 1283 828 1363 νήσων
852 1281 916 1346 vid.
934 1281 1082 1346 Valcken.
1107 1282 1146 1346 ad
1174 1282 1297 1347 Herod.

196 1410 226 1473 p.
247 1389 320 1468 167,
335 1400 389 1470 37.
410 1385 450 1448 ad
474 1387 554 1450 Eur.
573 1385 705 1473 Hippol.
726 1404 819 1449 1012.
858 1386 898 1448 In
916 1408 984 1471 sqq.
1009 1387 1173 1467 ἱερόδουλοι
1195 1386 1298 1473 Apol·

196 1488 250 1552 lini
273 1487 367 1552 Delio
381 1502 567 1550 consecratoe
589 1486 799 1573 intelligendae
821 1487 980 1566 videntur,
996 1488 1167 1576 dequibus
1188 1489 1295 1577 hymn.

199 1590 298 1653 Hom.
316 1588 346 1651 in
363 1586 470 1673 Apoll.
492 1591 559 1670 156.
585 1593 686 1669 κοῦραι
701 1588 860 1666 Δηλιάδες,
878 1589 1119 1671 Ἑκατηβελέταο
1142 1593 1297 1675 θεράπναι,

198 1692 253 1757 αἵτ’
271 1693 336 1757 ἐπεὶ
357 1692 394 1773 δρ
416 1696 532 1772 πρῶτον
554 1693 610 1770 μὲν
630 1689 800 1755 Ἀπόλλων’
815 1693 999 1772 ὑμνήσωσιν,
1016 1696 1096 1762 αὖτις
1117 1695 1141 1760 δ’
1159 1697 1195 1760 αὖ
1210 1699 1297 1776 Λητώ

194 1821 228 1859 τε
244 1795 293 1858 καὶ
302 1793 445 1876 Ἀρτεμιν
461 1792 615 1876 ἰοχέαιραν
628 1793 873 1874 μνησάμεναι-
886 1832 931 1844 -
943 1799 1037 1876 ὕμνον
1051 1799 1209 1862 ἀείδουσιν.
1242 1800 1295 1864 Cf.

197 1896 319 1962 Callim.
338 1897 369 1960 in
386 1895 459 1960 Del.
477 1899 550 1977 296.
566 1913 598 1960 et
615 1894 783 1982 Spanhem.
821 1897 873 1959 De
896 1899 1075 1979 lepobodhots
1088 1899 1180 1964 docta
1194 1914 1296 1966 exstat

194 1998 366 2085 disputatio
382 1998 532 2063 Boeclrhii
555 1999 586 2061 in
607 1998 703 2061 Hirtii
727 1996 841 2064 libello.
887 1999 1001 2064 Delum
1019 2024 1093 2065 vero
1107 2025 1295 2066 commemo-

193 2123 261 2166 rare
277 2101 450 2188 Euripides
464 2100 591 2166 videtur
606 2122 679 2178 non,
695 2114 731 2163 ut
747 2100 841 2164 schol.
860 2117 962 2189 putat,
978 2120 1107 2192 propter
1121 2109 1293 2192 Agamem-

193 2228 318 2282 nonem,
334 2204 389 2291 qui
408 2205 460 2267 vix
475 2201 587 2268 insulae
601 2202 651 2266 isti
666 2202 840 2289 imperavit,
857 2205 910 2269 sed
926 2208 1074 2294 temporis
1088 2208 1135 2272 sui
1151 2224 1182 2272 et
1195 2209 1296 2274 Athe-

193 2307 345 2371 niensium
377 2305 487 2392 magis,
517 2327 612 2391 quam
643 2305 743 2368 aetatis
773 2320 911 2385 remotas,
939 2307 1081 2374 instituta
1109 2310 1291 2398 respiciens;

193 2408 402 2473 Athenienses
418 2408 499 2472 enim
523 2406 595 2471 inde
618 2406 658 2470 ab
675 2405 725 2471 Ol.
744 2408 796 2485 88,
812 2429 845 2493 3.
861 2427 892 2473 et
907 2410 1039 2475 insulam
1055 2412 1138 2476 illam
1155 2413 1212 2477 sibi
1228 2414 1295 2476 vin-

192 2509 349 2587 dicabant,
365 2526 395 2574 et
412 2509 548 2574 solennia
571 2509 701 2573 Deliaca
715 2510 876 2575 curabant.
902 2513 963 2578 vid.
979 2514 1118 2580 Boeclrh.
1134 2515 1214 2579 iiber
1232 2515 1294 2579 den

194 2614 409 2678 Staatshaush.
425 2613 455 2676 d.
473 2612 551 2676 Ath.
570 2613 598 2675 Ι.
614 2636 645 2699 p.
662 2615 756 2693 440?
780 2616 969 2679 MATTH.

234 2720 308 2803 458.
325 2717 438 2800 φοίνιξ]
458 2714 665 2779 Scribendum
682 2723 791 2799 φοῖνιξ.

233 2822 307 2899 461.
324 2823 388 2886 δίας
403 2817 451 2881 vel
469 2820 545 2884 Δίας
558 2832 604 2880 est
619 2819 769 2883 Joviolia.

234 2925 308 3007 463.
325 2924 443 3003 κούραις
458 2920 550 2984 codd.
568 2919 667 2984 multi.
692 2925 845 3005 κούροισιν
861 2926 908 2988 Η.
924 2921 1039 3009 aliique
1053 2944 1125 2986 cum
1142 2923 1219 2987 Ald.

234 3028 309 3108 467.
341 3023 551 3106 κολλιδίφρον]
588 3021 638 3087 Sic
664 3023 735 3087 libri
763 3026 974 3090 consentiente
1002 3024 1096 3089 schol.
1127 3025 1291 3114 Aristoph.

191 3127 302 3214 Equit.
318 3129 394 3211 563.
432 3126 540 3194 Quum
557 3147 614 3188 nec
629 3124 732 3189 hiatus
754 3127 901 3192 ferendus
923 3151 979 3190 nec
1002 3131 1198 3210 καλλιδίφρας
1220 3130 1293 3193 satis

191 3228 351 3314 probabile
367 3228 522 3304 videatur,
537 3227 755 3314 corrigendum
772 3252 882 3294 censeo
898 3236 1119 3312 καλλιδιφροῢς,
1131 3229 1293 3318 illegitima

192 3332 320 3419 quidem
335 3331 480 3418 adjectivi
503 3330 615 3405 forma,
631 3331 685 3395 sed
708 3346 819 3396 utnon
835 3333 937 3397 desint
952 3332 1097 3396 similium
1120 3333 1290 3397 formarum

190 3436 343 3522 exempla,
366 3433 537 3520 dequibus
559 3456 588 3493 v.
612 3433 750 3498 Lobeck.
774 3434 814 3499 ad
838 3435 958 3522 Phryn.
982 3457 1013 3521 p.
1032 3434 1103 3519 185.
1142 3437 1290 3499 Ceterum

190 3560 219 3602 v.
236 3540 310 3620 467.
327 3537 400 3617 468.
417 3535 449 3597 in
467 3556 565 3597 unum
579 3535 791 3622 conjungendi
804 3551 836 3601 et
850 3537 882 3601 in
897 3535 1093 3621 antistropho
1106 3540 1181 3619 476.
1198 3558 1274 3622 477.

232 3639 306 3718 468.
329 3637 446 3721 πέπλιρ]
474 3638 525 3700 De
539 3635 649 3723 liguris
670 3636 701 3701 in
725 3638 819 3725 peplo
835 3640 991 3705 Minerva>
1013 3640 1244 3706 Panathenaico
1258 3665 1290 3706 v.

190 3739 327 3806 Boechh.
343 3739 375 3803 in
391 3737 471 3802 libro
485 3737 526 3801 de
540 3737 664 3824 tragicis
679 3740 799 3805 Graecis
813 3764 845 3828 p.
863 3761 933 3826 193.

232 3857 307 3926 470.
323 3837 521 3923 δαιδαλέοισι]
550 3839 755 3904 Scribendum
777 3848 975 3922 δοιδαλταῖσι,
991 3844 1078 3931 quod
1099 3844 1289 3931 adjectivum

191 3968 231 4010 ex
245 3941 417 4029 composito
431 3942 607 4007 δδαιδαλτος
620 3942 780 4029 cognitum
795 3961 853 4023 est,
867 3945 995 4032 duoque
1009 3969 1116 4010 versus
1135 3947 1166 4010 in
1191 3970 1289 4014 unum

188 4044 410 4134 conjungendi,
441 4045 474 4107 έν
504 4047 691 4109 δαιδαλπαΐσι
718 4047 904 4112 ποικίλλουσ’
935 4049 1142 4130 ἆνθοιιρόκοισι
1170 4049 1287 4130 πήναις,

189 4151 368 4240 pariterque
382 4147 413 4212 in
430 4144 635 4233 antistropho‚
653 4146 710 4211 hac
724 4149 816 4213 metri
830 4150 941 4227 forma,

346 4327 353 4347 ι
425 4320 433 4341 ‘
547 4314 664 4357 )(>(.
838 4316 875 4337 ''

286 4367 390 4380 ''⁸‘'
417 4355 568 4408 -V·‚·-
605 4363 885 4395 --υυ·υ’“··

190 4452 288 4518 Simili
304 4468 403 4515 metro
418 4450 645 4535 Aristophanes
661 4452 761 4515 utitur
776 4451 917 4517 Acharn.
933 4472 965 4517 ιι
972 4472 1032 4537 59:
