2864 4914
493 294 560 356 AD
584 294 871 359 PHOENISSAS.
1172 295 1235 360 155

132 483 162 525 π.
180 476 215 526 ut
230 462 433 544 τετραβάμοσι
448 464 486 527 ad
504 464 603 529 solum
619 466 739 547 ἅρμασι,
757 489 817 529 non
833 466 873 530 ad
889 467 1024 549 ψαλίοις,
1039 464 1237 530 referendum

131 586 197 627 esse
211 563 372 629 indicaret.
412 566 494 653 Ejus
508 567 756 654 transpositionis
771 568 891 632 nullum
908 566 993 632 aliud
1009 567 1187 655 exemplum
1204 568 1236 631 in

131 665 256 751 tragicis
270 666 384 745 inveni,
399 667 430 730 in
446 668 542 754 epicis
553 671 637 732 haec:
663 669 704 732 ll.
716 668 752 744 α’,
768 689 840 751 244.
854 671 958 756 τάφρῳ
970 671 1018 735 καὶ
1029 672 1237 735 σκολόπεσσιν

132 769 343 846 ἐνιπλήξαντες
364 772 481 856 ὀρυκτῇ.
506 771 638 834 Hesiod.
658 772 722 854 ἔργ.
743 789 819 858 375.
842 772 892 836 ed.
915 771 1054 837 Brunck.
1078 771 1160 835 οἶκον
1181 773 1238 852 μὲν

131 870 291 950 πράτιστα,
308 871 433 953 γπνναῖκά
447 898 490 946 τε,
507 879 585 953 βοῦν
596 872 620 936 τ’
637 875 774 956 άροτῆρα,
786 876 901 954 κτητήν,
915 875 950 939 οὗ
963 873 1104 957 γαμετήν.
1129 876 1237 952 Quum

132 994 205 1035 vero
217 973 310 1036 semel
326 973 495 1061 improprie
510 975 659 1040 decurro
675 975 794 1040 dictum
810 992 901 1051 esset,
914 976 1001 1063 quod
1011 975 1137 1063 proprie
1148 976 1237 1062 equis

131 1075 286 1153 convenit,
299 1077 508 1159 τετραβάμονα
520 1079 645 1160 ἅρματα,
661 1077 744 1141 idern
760 1077 920 1165 epitheton
932 1078 973 1141 ad
988 1078 1090 1160 ψάλια
1103 1076 1235 1143 ταλαίνας

131 1190 189 1254 est,
203 1177 243 1241 ad
259 1201 332 1264 quae
347 1201 409 1243 non
424 1179 524 1266 magis
537 1179 663 1267 proprie
679 1179 822 1267 pertinet.
839 1181 1032 1244 MATTH.

174 1282 297 1364 μόννχα
318 1282 434 1366 πῶλον]
452 1284 575 1366 μάννχα
597 1285 706 1347 πάλων
722 1281 800 1345 Ald.
823 1283 969 1366 μωνύχιον
982 1285 1092 1348 πάλων
1107 1285 1144 1347 Β.
1168 1283 1234 1346 alii-

132 1403 195 1466 que
210 1381 364 1445 nonnulli.
410 1383 476 1447 Alii
491 1388 636 1468 μανύχων
650 1391 762 1450 πῶλον.

174 1483 316 1564 Ἰσμηνοῦ
330 1484 370 1574 τ’]
387 1488 411 1549 τ’
427 1509 489 1551 otn.
505 1487 583 1551 Ald.
599 1502 630 1551 et
645 1487 764 1575 aliquot
778 1487 872 1551 codd.

176 1603 249 1671 794.
263 1586 433 1677 Ἀργείους]
448 1588 596 1671 Ἀργείοις
609 1589 729 1676 aliquot
743 1589 835 1653 codd.

176 1705 250 1774 795.
266 1689 373 1774 γέννᾳ]
391 1690 485 1773 γέννα
499 1691 592 1756 codd.
609 1691 758 1778 plerique.

177 1793 248 1874 796.
264 1793 371 1856 θίασον
385 1793 464 1857 dixit
479 1793 634 1881 producta
649 1793 768 1881 syllaba
783 1795 883 1880 prima
898 1794 930 1857 in
945 1794 1005 1857 arsi
1019 1793 1184 1881 dactylica,
1200 1811 1236 1860 ut

133 1892 210 1975 ἱερὸς
226 1910 258 1957 et
272 1894 332 1957 alia
346 1895 430 1982 apud
447 1895 560 1982 epicos.

176 2000 305 2063 εὔοπλον
320 2022 357 2062 ex
377 1999 496 2086 aliquot
519 1998 611 2063 codd.
632 2000 812 2065 restitutum
834 2022 893 2087 pro
915 2000 1055 2073 ἔνοπλον,
1079 1999 1165 2087 quod
1188 2015 1235 2064 est

131 2099 162 2163 in
178 2099 258 2164 Ald.

176 2218 248 2288 797.
271 2205 387 2288 τείχεα]
405 2209 508 2290 χαλκῷ
524 2205 676 2284 κοσμήσας
690 2204 813 2268 addunt
828 2203 907 2267 Ald.
926 2219 958 2268 et
979 2204 1070 2268 codd.
1094 2228 1158 2269 uno
1179 2228 1234 2268 ex-

130 2321 222 2392 cepto
237 2305 358 2392 Kingii,
372 2306 427 2392 qui
444 2329 516 2370 curn
532 2306 696 2370 scholiasta
710 2306 838 2370 metrico
851 2307 1024 2371 consentire
1039 2306 1128 2385 solet,
1143 2307 1234 2394 cujus

131 2406 198 2470 haec
212 2423 259 2471 est
273 2408 313 2471 ad
329 2408 360 2473 h.
372 2408 394 2473 l.
409 2409 580 2487 annotatio,
596 2409 743 2492 περισσὸν
759 2412 886 2472 ἐνταῦθα
900 2409 935 2472 τδ
949 2413 1054 2495 χαλκῷ
1071 2409 1232 2489 κοσμήσας·

130 2509 177 2574 διδ
193 2512 240 2574 καὶ
255 2511 402 2591 ἐξεβλήθη
416 2512 484 2595 παρ’
501 2514 582 2591 ἐμοῦ.
605 2511 764 2599 quomodo
780 2509 951 2574 Triclinius
967 2510 1053 2597 loqui
1069 2513 1155 2576 solet.

175 2615 249 2678 800.
265 2617 466 2694 Λαβδακίδαις
487 2614 568 2679 libri.
615 2613 760 2679 Correxit
776 2615 931 2678 Canterus
945 2613 1001 2700 qui
1016 2615 1233 2694 Λαβδακίδαισι

132 2714 244 2802 posuit.
292 2718 434 2802 Systema
455 2717 643 2804 dactylicum
667 2717 775 2780 finitur
790 2738 880 2779 versu
896 2717 1083 2803 paroemiaco
1099 2730 1135 2782 ut
1151 2717 1233 2782 infra

133 2839 162 2882 v.
179 2821 375 2902 1529.1564.
391 2819 478 2906 apud
494 2819 658 2906 Aristoph.
675 2820 706 2882 N
711 2818 762 2882 ub.
781 2836 852 2902 290.

176 2919 247 3005 803.
262 2920 418 2990 Ἰοκάστας
432 2923 471 2985 Β.
487 2922 602 3008 aliique
617 2920 719 2984 multi.
743 2919 896 3000 Ἰοκάστης
911 2921 989 2985 Ald.

175 3023 248 3104 804.
264 3027 427 3089 Οἰδιπόδαν
443 3027 481 3088 Β.
496 3040 527 3089 et
543 3026 643 3088 Taur.
668 3024 814 3087 Οἰδίποδα
830 3021 905 3085 Ald.

175 3126 249 3211 805.
266 3129 341 3190 Huc
357 3127 490 3213 respexit
505 3125 601 3191 schol.
619 3128 729 3189 Venet.
747 3126 843 3188 Hom.
860 3123 898 3189 ll.
917 3132 954 3204 B,
969 3143 1021 3210 45.
1039 3126 1231 3192 MATTH.

175 3229 248 3294 808.
265 3233 298 3294 ἐν
312 3230 454 3294 additum
470 3253 508 3294 ex
523 3229 594 3293 cod.
611 3227 731 3314 Kingii.

173 3340 301 3415 χαλαῖσι
314 3331 405 3396 codd.
422 3332 522 3396 multi.
538 3337 647 3414 χηλαῖς
662 3329 742 3394 Ald.

175 3434 248 3497 810.
271 3433 383 3514 γένναν
399 3456 513 3520 magno
535 3433 699 3498 intervallo
720 3432 897 3519 sejunctum
915 3454 935 3495 a
956 3436 1142 3515 Καδμογενῆ,
1159 3456 1232 3520 quae

112 3558 168 3601 .eo
181 3533 289 3598 durior
305 3545 352 3598 est
367 3535 532 3600 verborum
548 3535 720 3616 collocatio,
734 3557 834 3621 quunr
850 3533 1028 3622 proximum
1043 3541 1100 3599 τὰν
1113 3557 1174 3600 non
1190 3536 1231 3600 ad

129 3636 251 3719 γένναν,
267 3636 321 3700 sed
337 3637 377 3701 ad
393 3640 515 3720 Σφίγγα
529 3639 568 3703 sit
583 3638 793 3703 referendum.

173 3743 247 3805 κατὰ
260 3740 371 3824 χθονὸς
385 3739 475 3804 codd.
491 3740 644 3827 plerique.
670 3745 865 3825 καταχθόνιος
880 3739 956 3804 Ald.

173 3843 245 3928 813.
262 3843 422 3926 Οἰδιπόδα]
440 3844 599 3910 Οἰδίποδος
614 3842 693 3906 Ald.
709 3858 741 3907 et
756 3842 876 3929 aliquot
891 3841 983 3906 codd.

174 3946 248 4030 815.
265 3948 390 4026 νόμιμον
405 3945 626 4012 Marklandus.
650 3947 766 4025 νόμιμοι
782 3944 859 4009 Ald.

106 4069 113 4077 ·
171 4073 244 4113 ποτε
273 4048 416 4112 additum
442 4072 480 4112 ex
504 4048 610 4113 codice
637 4048 749 4112 Grotii.
780 4074 827 4112 τοι
851 4062 898 4111 est
921 4047 953 4111 in
978 4047 1084 4111 codice
1111 4047 1229 4136 Kingii.

129 4154 317 4239 Utrumque
341 4175 380 4217 ex
409 4153 586 4238 conjectura
613 4149 888 4239 grammaticorum
919 4149 1063 4214 additum
1093 4150 1229 4230 videtur,

128 4278 261 4341 quarum
278 4254 413 4342 priorem
428 4254 555 4341 praetuli
568 4254 666 4330 alten'.

172 4359 246 4426 816.
268 4358 420 4439 μιάσματα
442 4356 523 4421 male
541 4379 689 4422 excusum
707 4379 765 4444 pro
778 4356 893 4437 μίασμά
907 4382 950 4420 τε.
973 4380 1006 4418 τε
1021 4368 1126 4419 autern
1141 4356 1229 4420 addi-

128 4477 195 4528 turn
210 4487 250 4528 ex
265 4461 371 4528 codice
387 4461 505 4549 Kingii.
