2864 4914
535 294 603 358 AD
627 294 877 358 HECUBAM.
1216 292 1259 361 67

200 483 275 552 922.
308 465 406 530 Pauci
435 464 527 530 codd.
561 468 728 547 ἑμβεβῶτα.
775 464 923 551 Plerique
958 487 1029 528 cum
1061 464 1139 528 Ald.
1170 467 1260 547 ἑμβε.

154 574 272 648 βαότα.

200 690 272 757 923.
288 672 334 755 δὲ]
353 669 387 734 δέ
400 696 446 735 τοι
462 670 606 735 undecim
622 669 714 734 codd.

201 775 274 859 926.
289 772 455 854 θτόρμονας
469 772 510 837 de
531 772 664 860 speculis
685 772 794 837 formae
818 772 962 837 rotundae
981 793 1053 836 cum
1069 769 1165 835 schol.
1179 770 1258 836 acci-

156 876 221 963 pio,
236 898 309 963 quae
323 875 482 962 antiquior
495 875 626 940 fortasse
639 876 741 940 forma
754 875 825 939 suit.
849 875 990 939 Boisson.
1007 874 1144 938 infinitos
1159 874 1259 961 splen-

156 978 259 1056 dores,
284 984 354 1042 “ea
376 977 507 1056 ratione,
529 977 562 1041 ni
587 978 689 1056 sallor,
712 978 798 1065 quod
825 979 987 1066 speculum
1011 977 1043 1040 in
1065 976 1259 1063 profundum

157 1103 356 1169 vacuumque
379 1081 565 1145 immensum
582 1080 673 1167 quasi
694 1095 801 1168 patere
815 1081 971 1157 videatur,
988 1079 1145 1166 nullisque
1160 1080 1259 1144 visum

157 1183 274 1248 finibus
289 1183 422 1248 coerceri
436 1183 503 1248 fere
520 1182 663 1248 dixeris.”
708 1184 857 1249 Eustath.
873 1182 912 1247 ad
931 1183 971 1247 Il.
986 1180 1025 1264 η’,
1039 1185 1113 1264 446.
1137 1206 1170 1270 p.
1183 1186 1260 1267 690,

156 1306 211 1365 41.
240 1286 356 1368 ῥητέον,
387 1288 433 1350 ὅτι
461 1311 495 1350 τε
525 1288 663 1351 ἐντεῦθεν
691 1284 891 1368 παροφρόσας
927 1286 1086 1368 Εὐριπίδης
1114 1286 1262 1368 ἀτέρμονα

158 1389 291 1469 ἔσοπτρα
313 1389 378 1453 εἴτε
399 1392 437 1453 τὰ
459 1393 629 1471 κυκλοτερῆ,
648 1390 722 1471 ὅπερ
743 1390 851 1453 ταύτόν
874 1391 939 1452 ἐστι
958 1392 999 1473 τῷ
1020 1389 1172 1469 ἀπείρονα,
1197 1389 1262 1452 ἐπεὶ

160 1490 256 1554 καὶτὸ
271 1490 364 1573 τέρμα
386 1492 435 1555 καὶ
453 1491 488 1554 τὸ
505 1491 599 1573 πέρας
619 1492 654 1555 τὸ
670 1491 741 1555 αὐτὸ
763 1496 895 1572 δηλοῦσι,
913 1492 960 1555 καὶ
979 1488 1026 1554 ὅτι
1048 1489 1110 1555 καθ’
1126 1489 1263 1572 Ὅμηρον

158 1596 216 1674 μὶν
230 1595 359 1676 ἀπείρων
372 1595 391 1675 ἡ
406 1592 462 1674 ὅλη
477 1598 525 1676 γῆ,
541 1591 559 1657 ὅ
580 1596 645 1658 ἐστι
660 1595 851 1676 σφαιροειδὴς
873 1595 921 1659 καὶ
936 1595 1117 1678 στρογγύλη.
1155 1593 1204 1657 Cf.
1221 1592 1262 1656 ad

160 1696 253 1761 Iliad.
268 1696 302 1776 ἴ.
317 1721 349 1784 p.
365 1714 441 1782 975,
456 1718 511 1782 31.
535 1697 729 1763 MATTH.

203 1817 277 1882 927.
301 1800 541 1880 ennepius—ts
557 1798 661 1887 εὐνάν]
684 1800 783 1864 Simili
798 1799 968 1886 tautologia
985 1799 1099 1863 Bacch.
1117 1819 1167 1862 11.
1181 1802 1263 1882 ὑψοῦ

159 1904 193 1964 δὲ
209 1899 333 1966 θάσσων
346 1904 464 1984 ὑψόθεν
478 1902 661 1986 χαμαιπετὴς
675 1903 775 1966 πίπτει
789 1902 863 1984 πρὸς
877 1904 972 1969 οὖδας.

203 2024 279 2090 929.
295 2003 485 2086 κέλευσμα-
508 2004 513 2091 Ι
532 2004 636 2070 τόθ-
654 2003 659 2091 Ι
678 2008 794 2069 πότε-
814 2004 818 2092 Ι
837 2005 1151 2087 πέρσαντες-οἴκους.

204 2128 277 2193 931.
293 2107 422 2175 Ἰλιάδος
437 2107 515 2172 Ald.
553 2110 738 2172 Correctum
754 2131 793 2171 ex
807 2107 898 2172 codd.
914 2108 1067 2196 plurimis.

203 2229 277 2296 932.
292 2214 390 2279 οἴκους
405 2211 550 2297 Kingius.
575 2212 605 2277 ἐς
619 2212 716 2276 οἴκους
730 2209 809 2273 libri.

204 2332 276 2398 933.
293 2314 396 2398 φίλια]
414 2315 492 2394 φίλα
506 2312 584 2376 Ald.
603 2328 633 2376 et
648 2311 769 2399 aliquot
783 2312 874 2376 codd.

204 2435 276 2501 934
301 2416 410 2501 Δωρὶς]
437 2414 511 2479 Vid.
533 2416 643 2502 Etym.
661 2416 712 2478 M.
729 2438 752 2479 s.
769 2412 932 2496 Δωριόζειν
946 2430 977 2480 et
994 2416 1118 2479 Hemst.
1134 2414 1175 2478 ad
1191 2414 1263 2479 Cal-

160 2517 227 2581 lim.
242 2518 281 2582 fr.
298 2520 351 2582 66.
374 2518 580 2583 BOISSON.
627 2519 677 2582 De
699 2517 874 2604 virginibus
895 2517 1020 2582 Doricis
1042 2517 1155 2581 Dianae
1178 2539 1264 2582 sacra

161 2620 391 2687 celebrantibus
412 2645 442 2686 v.
458 2620 690 2686 scholiastarum
715 2621 940 2700 annotationes,
955 2621 1136 2686 emendatas
1156 2644 1176 2685 a
1198 2623 1265 2686 Lo·

162 2723 272 2788 bechio
287 2723 448 2811 Aglaoph.
462 2747 496 2810 p.
513 2723 604 2806 1087.

205 2829 279 2913 936.
303 2827 356 2891 οὐκ
379 2825 479 2910 ἤνυσἸ
506 2828 603 2891 Ntttt
621 2829 757 2915 profeci,
782 2828 867 2892 nihil
886 2837 1049 2893 οοτιοκοιιέα
1070 2848 1153 2892 aum.
1191 2826 1262 2891 Vid.

161 2929 268 2994 Valck.
284 2928 325 2992 nd
342 2928 503 2994 Theocrit.
523 2931 572 3003 18,
592 2947 642 3013 17.
668 2931 862 2995 MATTH.

205 3053 279 3117 941.
299 3034 377 3097 Post
391 3033 479 3114 ἄλγει
493 3032 581 3097 oolon
604 3048 750 3120 ponatur.
789 3036 888 3099 Recte
903 3032 1066 3098 scholiasta
1079 3032 1119 3097 ad
1143 3056 1171 3095 v.
1189 3053 1264 3118 945.

162 3135 246 3218 Πρὸς
267 3135 301 3199 τὸ
317 3132 532 3199 ἆποσκοποῦσά
548 3137 631 3199 ἐστιν
644 3136 663 3215 ἡ
677 3136 789 3219 μετοχὴ
809 3136 843 3199 τὸ
864 3135 974 3220 κατάρᾳ
996 3141 1128 3200 διδοῦσα.
1163 3137 1197 3200 τὸ
1219 3139 1263 3213 δὲ,

163 3239 228 3303 ἐπεὶ
250 3240 393 3319 νόστιμον
415 3238 463 3301 καὶ
484 3238 518 3301 τὸ
540 3236 668 3303 τάλαινα
688 3241 816 3303 ἀπεῖπον
836 3240 934 3321 ἄλγει,
962 3241 1009 3302 διὰ
1028 3237 1134 3318 μέσον.
1167 3242 1194 3302 εἰ
1217 3240 1264 3303 καὶ

163 3341 240 3422 φασὶ
253 3344 333 3408 τινὲς
346 3346 405 3404 τῶν
418 3347 546 3424 ψυχρῶν
559 3340 632 3423 πρὸς
646 3342 680 3404 τὸ
695 3342 823 3406 ἀπεῖπον
838 3342 892 3421 τὴν
905 3341 1036 3424 μετοχὴν
1046 3343 1155 3420 ταύτην
1170 3341 1254 3405 εἶναι.

204 3463 277 3528 942.
308 3447 414 3508 τᾶυ-
433 3442 438 3531 Ι
456 3441 615 3508 Ἰδοῖον-
633 3443 639 3531 Ι
659 3446 856 3525 αἰνόπαριν-
876 3442 881 3532 Ι
900 3449 1007 3526 γᾶς-
1025 3443 1031 3531 Ι
1051 3441 1221 3530 ἐξῴκισε-
1240 3443 1245 3531 Ι

162 3545 350 3624 ἀλλ’-οἰζύς
364 3546 443 3612 Ald.

206 3652 404 3732 Διοσκοόροιν
419 3649 498 3713 Ald.
533 3649 691 3736 Legitima
705 3650 817 3731 forma,
832 3648 873 3713 de
888 3673 952 3736 qua
966 3649 1033 3714 dixi
1049 3649 1081 3714 in
1098 3651 1264 3716 Thesauro

164 3753 325 3841 Stephani,
341 3754 485 3819 restituta
500 3777 538 3818 ex
555 3755 594 3818 B.
611 3767 642 3818 et
658 3752 744 3817 Flor.
760 3752 894 3817 duobus.

206 3859 281 3941 946.
305 3860 338 3922 ἐκ
359 3856 495 3944 πατρῴας
517 3857 692 3945 ἀπώλεσεν]
716 3858 833 3921 Versus
853 3880 893 3921 ex
912 3856 1040 3944 dipodia
1059 3856 1213 3921 trochaica
1231 3873 1263 3921 et

161 3960 294 4025 iambica
306 3960 505 4047 compositus.

206 4082 281 4149 954.
297 4063 436 4147 ἔκγονον]
455 4064 583 4146 ἔγγονον
598 4061 668 4126 libri
684 4075 845 4148 quattuor.

205 4167 281 4251 958.
298 4166 373 4230 αὐτὸ
388 4166 452 4230 θεοὶ
467 4167 681 4229 Hermannus.
720 4163 810 4227 Libri
826 4162 889 4228 αὕθ’
905 4164 1019 4226 oldest.

206 4284 279 4353 959.
296 4268 349 4352 ὡς]
367 4268 405 4334 ὡς
419 4267 457 4331 ἂν
471 4265 564 4331 codd.
578 4265 679 4329 multi.

206 4373 281 4453 961.
307 4383 340 4434 et
363 4372 439 4455 966.
466 4370 511 4454 ἐς]
540 4371 582 4436 εἰς
608 4367 685 4433 Ald.
719 4369 806 4431 “De
834 4366 991 4432 locutione
1017 4367 1195 4448 προκόπτειν
1222 4369 1264 4434 εἰς

161 4474 295 4555 πρόσθεν
310 4477 406 4538 κακῶν
420 4471 473 4536 vid
501 4473 617 4536 Coralis
630 4469 672 4534 ad
690 4469 784 4534 Isocr.
801 4492 832 4556 p.
848 4471 938 4535 121.”
961 4468 1152 4533 MATTH.

687 4595 706 4635 F
724 4591 741 4638 2
