<?xml version="1.0" encoding="UTF-8"?>
<!DOCTYPE html PUBLIC "-//W3C//DTD XHTML 1.0 Transitional//EN"
    "http://www.w3.org/TR/xhtml1/DTD/xhtml1-transitional.dtd">
<html xmlns="http://www.w3.org/1999/xhtml" xml:lang="en" lang="en">
 <head>
  <title>
</title>
<meta http-equiv="Content-Type" content="text/html;charset=utf-8" />
  <meta name='ocr-system' content='tesseract 3.04.00' />
  <meta name='ocr-capabilities' content='ocr_page ocr_carea ocr_par ocr_line ocrx_word'/>
</head>
<body>
  <div class='ocr_page' id='page_1' title='image "./tragoediaesuper01eurigoog_0372.png"; bbox 0 0 2864 4914; ppageno 0'>
   <div class='ocr_carea' id='block_1_1' title="bbox 416 294 1229 364">
    <p class='ocr_par' dir='ltr' id='par_1_1' title="bbox 416 294 1229 364">
     <span class='ocr_line' id='line_1_1' title="bbox 416 294 1229 364; baseline -0.001 -3"><span class='ocrx_word' id='word_1_1' title='bbox 416 299 484 362; x_wconf 86' lang='lat' dir='ltr'><strong>AD</strong></span> <span class='ocrx_word' id='word_1_2' title='bbox 507 300 903 364; x_wconf 86' lang='lat' dir='ltr'><strong>ANDROMACHAM.</strong></span> <span class='ocrx_word' id='word_1_3' title='bbox 1168 294 1229 361; x_wconf 72' lang='lat'><strong>³61</strong></span> 
     </span>
    </p>
   </div>
   <div class='ocr_carea' id='block_1_2' title="bbox 139 468 1236 740">
    <p class='ocr_par' dir='ltr' id='par_1_2' title="bbox 139 468 1236 740">
     <span class='ocr_line' id='line_1_2' title="bbox 177 468 557 553; baseline 0.008 -22"><span class='ocrx_word' id='word_1_4' title='bbox 177 468 253 551; x_wconf 89' lang='lat'><strong>366.</strong></span> <span class='ocrx_word' id='word_1_5' title='bbox 269 470 390 553; x_wconf 79' lang='grc' dir='ltr'>σμικρὰ]</span> <span class='ocrx_word' id='word_1_6' title='bbox 408 472 497 551; x_wconf 77' lang='grc' dir='ltr'>μικρὰ</span> <span class='ocrx_word' id='word_1_7' title='bbox 512 470 557 534; x_wconf 94' lang='grc' dir='ltr'>Η.</span> 
     </span>
     <span class='ocr_line' id='line_1_3' title="bbox 178 571 1236 661; baseline 0.003 -29"><span class='ocrx_word' id='word_1_8' title='bbox 178 572 252 653; x_wconf 89' lang='lat'>369.</span> <span class='ocrx_word' id='word_1_9' title='bbox 276 571 349 633; x_wconf 90' lang='lat' dir='ltr'><strong>Hoc</strong></span> <span class='ocrx_word' id='word_1_10' title='bbox 365 595 455 635; x_wconf 89' lang='lat' dir='ltr'><strong>versu</strong></span> <span class='ocrx_word' id='word_1_11' title='bbox 472 573 573 637; x_wconf 90' lang='lat' dir='ltr'><strong>utitur</strong></span> <span class='ocrx_word' id='word_1_12' title='bbox 588 574 738 638; x_wconf 87' lang='lat' dir='ltr'><strong>Eubulus</strong></span> <span class='ocrx_word' id='word_1_13' title='bbox 758 574 844 661; x_wconf 93' lang='lat' dir='ltr'><strong>apud</strong></span> <span class='ocrx_word' id='word_1_14' title='bbox 863 572 982 637; x_wconf 80' lang='lat' dir='ltr'><strong>Athen.</strong></span> <span class='ocrx_word' id='word_1_15' title='bbox 999 590 1029 636; x_wconf 87' lang='lat'><strong>2.</strong></span> <span class='ocrx_word' id='word_1_16' title='bbox 1047 594 1077 658; x_wconf 89' lang='lat' dir='ltr'><strong>p.</strong></span> <span class='ocrx_word' id='word_1_17' title='bbox 1093 573 1133 657; x_wconf 90' lang='grc'><strong>63</strong></span> <span class='ocrx_word' id='word_1_18' title='bbox 1151 572 1194 635; x_wconf 93' lang='lat' dir='ltr'><strong>D.</strong></span> <span class='ocrx_word' id='word_1_19' title='bbox 1217 594 1236 635; x_wconf 87' lang='lat' dir='ltr'><strong>a</strong></span> 
     </span>
     <span class='ocr_line' id='line_1_4' title="bbox 139 672 520 740; baseline 0.01 -4"><span class='ocrx_word' id='word_1_20' title='bbox 139 672 342 738; x_wconf 86' lang='lat' dir='ltr'><strong>Boissonadio</strong></span> <span class='ocrx_word' id='word_1_21' title='bbox 356 674 520 740; x_wconf 90' lang='lat' dir='ltr'><strong>indicatus.</strong></span> 
     </span>
    </p>
   </div>
   <div class='ocr_carea' id='block_1_3' title="bbox 139 776 1236 1069">
    <p class='ocr_par' dir='ltr' id='par_1_3' title="bbox 139 776 1236 1069">
     <span class='ocr_line' id='line_1_5' title="bbox 181 776 1236 864; baseline 0 -24"><span class='ocrx_word' id='word_1_22' title='bbox 181 792 254 860; x_wconf 84' lang='grc'>372.</span> <span class='ocrx_word' id='word_1_23' title='bbox 270 776 399 863; x_wconf 79' lang='grc' dir='ltr'>πάσχοι]</span> <span class='ocrx_word' id='word_1_24' title='bbox 417 779 520 863; x_wconf 84' lang='grc' dir='ltr'>πάσχῃ</span> <span class='ocrx_word' id='word_1_25' title='bbox 536 782 609 845; x_wconf 83' lang='lat' dir='ltr'><strong>Par.</strong></span> <span class='ocrx_word' id='word_1_26' title='bbox 626 782 758 845; x_wconf 84' lang='lat' dir='ltr'><strong>A.B.E.</strong></span> <span class='ocrx_word' id='word_1_27' title='bbox 776 780 861 845; x_wconf 84' lang='lat' dir='ltr'><strong>Flor.</strong></span> <span class='ocrx_word' id='word_1_28' title='bbox 879 798 909 844; x_wconf 84' lang='lat'><strong>2.</strong></span> <span class='ocrx_word' id='word_1_29' title='bbox 930 799 977 843; x_wconf 88' lang='lat'><strong>10.</strong></span> <span class='ocrx_word' id='word_1_30' title='bbox 997 799 1046 864; x_wconf 84' lang='lat'><strong>15.</strong></span> <span class='ocrx_word' id='word_1_31' title='bbox 1062 779 1155 843; x_wconf 74' lang='lat' dir='ltr'><strong>Laoc.</strong></span> <span class='ocrx_word' id='word_1_32' title='bbox 1196 777 1236 840; x_wconf 87' lang='lat' dir='ltr'><strong>In</strong></span> 
     </span>
     <span class='ocr_line' id='line_1_6' title="bbox 139 877 950 969; baseline 0.006 -28"><span class='ocrx_word' id='word_1_33' title='bbox 139 877 252 961; x_wconf 87' lang='grc' dir='ltr'>πάσχοι</span> <span class='ocrx_word' id='word_1_34' title='bbox 266 880 418 943; x_wconf 83' lang='lat' dir='ltr'><strong>consentit</strong></span> <span class='ocrx_word' id='word_1_35' title='bbox 434 881 591 967; x_wconf 82' lang='lat' dir='ltr'><strong>Georgius</strong></span> <span class='ocrx_word' id='word_1_36' title='bbox 607 880 769 945; x_wconf 88' lang='lat' dir='ltr'><strong>Cedrenus</strong></span> <span class='ocrx_word' id='word_1_37' title='bbox 784 905 814 969; x_wconf 88' lang='lat' dir='ltr'><strong>p.</strong></span> <span class='ocrx_word' id='word_1_38' title='bbox 830 899 893 966; x_wconf 86' lang='lat'><strong>302</strong></span> <span class='ocrx_word' id='word_1_39' title='bbox 908 881 950 946; x_wconf 88' lang='lat' dir='ltr'><strong>D.</strong></span> 
     </span>
     <span class='ocr_line' id='line_1_7' title="bbox 181 982 584 1069; baseline 0.007 -25"><span class='ocrx_word' id='word_1_40' title='bbox 181 982 256 1065; x_wconf 83' lang='lat'><strong>382.</strong></span> <span class='ocrx_word' id='word_1_41' title='bbox 273 982 379 1069; x_wconf 80' lang='grc' dir='ltr'>κτενῶ]</span> <span class='ocrx_word' id='word_1_42' title='bbox 397 990 492 1047; x_wconf 85' lang='grc' dir='ltr'>κτανῶ</span> <span class='ocrx_word' id='word_1_43' title='bbox 506 984 584 1047; x_wconf 89' lang='lat' dir='ltr'><strong>Ald.</strong></span> 
     </span>
    </p>
   </div>
   <div class='ocr_carea' id='block_1_4' title="bbox 181 1083 799 1174">
    <p class='ocr_par' dir='ltr' id='par_1_4' title="bbox 181 1083 799 1174">
     <span class='ocr_line' id='line_1_8' title="bbox 181 1083 799 1174; baseline 0.006 -28"><span class='ocrx_word' id='word_1_44' title='bbox 181 1084 256 1168; x_wconf 83' lang='lat'><strong>385.</strong></span> <span class='ocrx_word' id='word_1_45' title='bbox 269 1083 292 1147; x_wconf 79' lang='grc' dir='ltr'><strong>τ’</strong></span> <span class='ocrx_word' id='word_1_46' title='bbox 310 1086 523 1150; x_wconf 89' lang='lat' dir='ltr'><strong>Hermanuus.</strong></span> <span class='ocrx_word' id='word_1_47' title='bbox 562 1088 745 1174; x_wconf 88' lang='lat' dir='ltr'><strong>Legebatur</strong></span> <span class='ocrx_word' id='word_1_48' title='bbox 761 1087 799 1171; x_wconf 88' lang='grc' dir='ltr'>γ’.</span> 
     </span>
    </p>
   </div>
   <div class='ocr_carea' id='block_1_5' title="bbox 141 1185 1237 1369">
    <p class='ocr_par' dir='ltr' id='par_1_5' title="bbox 141 1185 1237 1369">
     <span class='ocr_line' id='line_1_9' title="bbox 183 1185 1237 1275; baseline 0.005 -28"><span class='ocrx_word' id='word_1_49' title='bbox 183 1185 256 1269; x_wconf 88' lang='lat'><strong>388.</strong></span> <span class='ocrx_word' id='word_1_50' title='bbox 279 1191 375 1249; x_wconf 74' lang='lat' dir='ltr'><strong>ardori·</strong></span> <span class='ocrx_word' id='word_1_51' title='bbox 399 1190 430 1250; x_wconf 82' lang='grc' dir='ltr'><strong>τί</strong></span> <span class='ocrx_word' id='word_1_52' title='bbox 443 1192 553 1256; x_wconf 82' lang='grc' dir='ltr'>καίνεις</span> <span class='ocrx_word' id='word_1_53' title='bbox 574 1188 622 1269; x_wconf 78' lang='grc' dir='ltr'><strong>μ’;</strong></span> <span class='ocrx_word' id='word_1_54' title='bbox 647 1191 713 1254; x_wconf 82' lang='grc' dir='ltr'>ἀντὶ</span> <span class='ocrx_word' id='word_1_55' title='bbox 728 1197 779 1254; x_wconf 78' lang='grc' dir='ltr'><strong>τοῦ</strong></span> <span class='ocrx_word' id='word_1_56' title='bbox 792 1187 818 1275; x_wconf 87' lang='grc'><strong>;]</strong></span> <span class='ocrx_word' id='word_1_57' title='bbox 843 1191 884 1253; x_wconf 93' lang='lat' dir='ltr'><strong>In</strong></span> <span class='ocrx_word' id='word_1_58' title='bbox 907 1191 981 1253; x_wconf 86' lang='lat' dir='ltr'><strong>Par.</strong></span> <span class='ocrx_word' id='word_1_59' title='bbox 997 1189 1040 1250; x_wconf 86' lang='lat' dir='ltr'><strong>A.</strong></span> <span class='ocrx_word' id='word_1_60' title='bbox 1057 1186 1237 1252; x_wconf 84' lang='lat' dir='ltr'><strong>distinctum</strong></span> 
     </span>
     <span class='ocr_line' id='line_1_10' title="bbox 141 1287 620 1369; baseline 0.01 -19"><span class='ocrx_word' id='word_1_61' title='bbox 141 1291 228 1350; x_wconf 73' lang='lat' dir='ltr'><strong>indoti</strong></span> <span class='ocrx_word' id='word_1_62' title='bbox 245 1309 278 1350; x_wconf 85' lang='lat' dir='ltr'><strong>rt·</strong></span> <span class='ocrx_word' id='word_1_63' title='bbox 302 1290 412 1356; x_wconf 81' lang='grc' dir='ltr'>καίνεις</span> <span class='ocrx_word' id='word_1_64' title='bbox 425 1287 454 1369; x_wconf 85' lang='grc' dir='ltr'><strong>μ’</strong></span> <span class='ocrx_word' id='word_1_65' title='bbox 470 1292 536 1354; x_wconf 78' lang='grc' dir='ltr'>ἀντὶ</span> <span class='ocrx_word' id='word_1_66' title='bbox 552 1297 620 1364; x_wconf 73' lang='lat' dir='ltr'><strong>rori:</strong></span> 
     </span>
    </p>
   </div>
   <div class='ocr_carea' id='block_1_6' title="bbox 141 1388 1274 4556">
    <p class='ocr_par' dir='ltr' id='par_1_6' title="bbox 141 1388 1244 2494">
     <span class='ocr_line' id='line_1_11' title="bbox 183 1388 1241 1480; baseline -0.001 -27"><span class='ocrx_word' id='word_1_67' title='bbox 183 1391 258 1475; x_wconf 86' lang='lat'><strong>398.</strong></span> <span class='ocrx_word' id='word_1_68' title='bbox 286 1392 424 1471; x_wconf 73' lang='grc' dir='ltr'>ἐξικμάζω</span> <span class='ocrx_word' id='word_1_69' title='bbox 451 1392 545 1457; x_wconf 92' lang='lat' dir='ltr'><strong>schol.</strong></span> <span class='ocrx_word' id='word_1_70' title='bbox 568 1406 650 1458; x_wconf 90' lang='lat' dir='ltr'><strong>recte</strong></span> <span class='ocrx_word' id='word_1_71' title='bbox 675 1394 830 1480; x_wconf 87' lang='lat' dir='ltr'><strong>explicare</strong></span> <span class='ocrx_word' id='word_1_72' title='bbox 857 1393 983 1457; x_wconf 83' lang='lat' dir='ltr'><strong>ridetur</strong></span> <span class='ocrx_word' id='word_1_73' title='bbox 1007 1391 1129 1472; x_wconf 70' lang='grc' dir='ltr'>δακρύει.</span> <span class='ocrx_word' id='word_1_74' title='bbox 1176 1388 1241 1453; x_wconf 83' lang='grc' dir='ltr'><strong>Ηὶο</strong></span> 
     </span>
     <span class='ocr_line' id='line_1_12' title="bbox 141 1489 1239 1580; baseline -0.002 -25"><span class='ocrx_word' id='word_1_75' title='bbox 141 1507 223 1555; x_wconf 85' lang='lat' dir='ltr'><strong>certe</strong></span> <span class='ocrx_word' id='word_1_76' title='bbox 246 1515 352 1555; x_wconf 87' lang='lat' dir='ltr'><strong>sensus</strong></span> <span class='ocrx_word' id='word_1_77' title='bbox 374 1493 491 1580; x_wconf 89' lang='lat' dir='ltr'><strong>optime</strong></span> <span class='ocrx_word' id='word_1_78' title='bbox 513 1495 677 1559; x_wconf 87' lang='lat' dir='ltr'><strong>convenire</strong></span> <span class='ocrx_word' id='word_1_79' title='bbox 699 1494 834 1559; x_wconf 90' lang='lat' dir='ltr'><strong>videtur.</strong></span> <span class='ocrx_word' id='word_1_80' title='bbox 879 1493 941 1557; x_wconf 92' lang='lat' dir='ltr'><strong>Sed</strong></span> <span class='ocrx_word' id='word_1_81' title='bbox 960 1491 1120 1579; x_wconf 90' lang='lat' dir='ltr'><strong>quomodo</strong></span> <span class='ocrx_word' id='word_1_82' title='bbox 1134 1489 1186 1555; x_wconf 91' lang='lat' dir='ltr'><strong>ille</strong></span> <span class='ocrx_word' id='word_1_83' title='bbox 1208 1490 1239 1553; x_wconf 91' lang='lat' dir='ltr'><strong>in</strong></span> 
     </span>
     <span class='ocr_line' id='line_1_13' title="bbox 143 1595 1240 1684; baseline 0 -28"><span class='ocrx_word' id='word_1_84' title='bbox 143 1595 238 1658; x_wconf 85' lang='lat' dir='ltr'><strong>verbo</strong></span> <span class='ocrx_word' id='word_1_85' title='bbox 253 1595 351 1658; x_wconf 87' lang='lat' dir='ltr'><strong>inesse</strong></span> <span class='ocrx_word' id='word_1_86' title='bbox 374 1596 481 1682; x_wconf 83' lang='lat' dir='ltr'><strong>possit,</strong></span> <span class='ocrx_word' id='word_1_87' title='bbox 498 1620 558 1660; x_wconf 90' lang='lat' dir='ltr'><strong>uon</strong></span> <span class='ocrx_word' id='word_1_88' title='bbox 582 1597 731 1684; x_wconf 83' lang='lat' dir='ltr'><strong>intelligo,</strong></span> <span class='ocrx_word' id='word_1_89' title='bbox 748 1621 804 1661; x_wconf 92' lang='lat' dir='ltr'><strong>nec</strong></span> <span class='ocrx_word' id='word_1_90' title='bbox 817 1597 976 1684; x_wconf 90' lang='lat' dir='ltr'><strong>quomodo</strong></span> <span class='ocrx_word' id='word_1_91' title='bbox 990 1595 1071 1659; x_wconf 84' lang='lat' dir='ltr'><strong>idem</strong></span> <span class='ocrx_word' id='word_1_92' title='bbox 1087 1617 1153 1658; x_wconf 91' lang='lat' dir='ltr'><strong>esse</strong></span> <span class='ocrx_word' id='word_1_93' title='bbox 1169 1616 1240 1680; x_wconf 88' lang='lat' dir='ltr'><strong>pos·</strong></span> 
     </span>
     <span class='ocr_line' id='line_1_14' title="bbox 143 1694 1241 1786; baseline -0.002 -26"><span class='ocrx_word' id='word_1_94' title='bbox 143 1696 192 1774; x_wconf 88' lang='lat' dir='ltr'><strong>sit,</strong></span> <span class='ocrx_word' id='word_1_95' title='bbox 207 1697 293 1781; x_wconf 89' lang='lat' dir='ltr'><strong>quod</strong></span> <span class='ocrx_word' id='word_1_96' title='bbox 310 1696 487 1779; x_wconf 77' lang='grc' dir='ltr'>ἐξικνέομαι,</span> <span class='ocrx_word' id='word_1_97' title='bbox 504 1714 540 1762; x_wconf 91' lang='lat' dir='ltr'><strong>ut</strong></span> <span class='ocrx_word' id='word_1_98' title='bbox 558 1699 738 1763; x_wconf 83' lang='lat' dir='ltr'><strong>Schneider.</strong></span> <span class='ocrx_word' id='word_1_99' title='bbox 756 1699 786 1763; x_wconf 91' lang='lat' dir='ltr'><strong>in</strong></span> <span class='ocrx_word' id='word_1_100' title='bbox 801 1702 881 1763; x_wconf 87' lang='lat' dir='ltr'><strong>Lex.</strong></span> <span class='ocrx_word' id='word_1_101' title='bbox 897 1696 1041 1786; x_wconf 87' lang='lat' dir='ltr'><strong>explicat.</strong></span> <span class='ocrx_word' id='word_1_102' title='bbox 1066 1697 1149 1760; x_wconf 88' lang='lat' dir='ltr'><strong>Nam</strong></span> <span class='ocrx_word' id='word_1_103' title='bbox 1164 1694 1241 1759; x_wconf 89' lang='lat' dir='ltr'><strong>nihil</strong></span> 
     </span>
     <span class='ocr_line' id='line_1_15' title="bbox 142 1798 1241 1887; baseline -0.001 -25"><span class='ocrx_word' id='word_1_104' title='bbox 142 1799 228 1863; x_wconf 90' lang='lat' dir='ltr'><strong>aliud</strong></span> <span class='ocrx_word' id='word_1_105' title='bbox 251 1823 315 1863; x_wconf 90' lang='lat' dir='ltr'><strong>esse</strong></span> <span class='ocrx_word' id='word_1_106' title='bbox 337 1817 439 1887; x_wconf 88' lang='lat' dir='ltr'><strong>potest</strong></span> <span class='ocrx_word' id='word_1_107' title='bbox 463 1801 611 1881; x_wconf 72' lang='grc' dir='ltr'>ἐξικμάζο,</span> <span class='ocrx_word' id='word_1_108' title='bbox 635 1802 692 1865; x_wconf 89' lang='lat' dir='ltr'><strong>nisi</strong></span> <span class='ocrx_word' id='word_1_109' title='bbox 715 1803 875 1867; x_wconf 80' lang='lat' dir='ltr'><strong>humorem</strong></span> <span class='ocrx_word' id='word_1_110' title='bbox 897 1801 1039 1876; x_wconf 68' lang='lat' dir='ltr'><strong>extraho,</strong></span> <span class='ocrx_word' id='word_1_111' title='bbox 1061 1798 1145 1863; x_wconf 91' lang='lat' dir='ltr'><strong>unde</strong></span> <span class='ocrx_word' id='word_1_112' title='bbox 1164 1801 1241 1877; x_wconf 78' lang='grc' dir='ltr'>ἐξικ-</span> 
     </span>
     <span class='ocr_line' id='line_1_16' title="bbox 143 1902 1241 1991; baseline -0.001 -27"><span class='ocrx_word' id='word_1_113' title='bbox 143 1902 280 1983; x_wconf 79' lang='grc' dir='ltr'>μασμένη</span> <span class='ocrx_word' id='word_1_114' title='bbox 298 1905 381 1987; x_wconf 79' lang='grc' dir='ltr'>χώρα</span> <span class='ocrx_word' id='word_1_115' title='bbox 394 1904 480 1991; x_wconf 84' lang='lat' dir='ltr'><strong>apud</strong></span> <span class='ocrx_word' id='word_1_116' title='bbox 506 1904 594 1969; x_wconf 82' lang='lat' dir='ltr'><strong>Suid.</strong></span> <span class='ocrx_word' id='word_1_117' title='bbox 610 1905 629 1968; x_wconf 89' lang='lat' dir='ltr'><strong>i.</strong></span> <span class='ocrx_word' id='word_1_118' title='bbox 646 1929 673 1968; x_wconf 88' lang='lat' dir='ltr'><strong>e.</strong></span> <span class='ocrx_word' id='word_1_119' title='bbox 691 1903 883 1986; x_wconf 74' lang='grc' dir='ltr'>ἔξηραρμένη.</span> <span class='ocrx_word' id='word_1_120' title='bbox 907 1902 1100 1966; x_wconf 87' lang='grc' dir='ltr'>ΜΑΤΤΗ.</span> <span class='ocrx_word' id='word_1_121' title='bbox 1146 1902 1241 1987; x_wconf 89' lang='lat' dir='ltr'><strong>Inep-</strong></span> 
     </span>
     <span class='ocr_line' id='line_1_17' title="bbox 144 2004 1242 2093; baseline -0.003 -24"><span class='ocrx_word' id='word_1_122' title='bbox 144 2021 210 2069; x_wconf 88' lang='lat' dir='ltr'><strong>tum</strong></span> <span class='ocrx_word' id='word_1_123' title='bbox 234 2020 280 2069; x_wconf 87' lang='lat' dir='ltr'><strong>est</strong></span> <span class='ocrx_word' id='word_1_124' title='bbox 303 2005 453 2086; x_wconf 76' lang='grc' dir='ltr'>ἐξικμάζω,</span> <span class='ocrx_word' id='word_1_125' title='bbox 476 2008 563 2093; x_wconf 92' lang='lat' dir='ltr'><strong>quod</strong></span> <span class='ocrx_word' id='word_1_126' title='bbox 585 2031 624 2071; x_wconf 87' lang='lat' dir='ltr'><strong>ex</strong></span> <span class='ocrx_word' id='word_1_127' title='bbox 646 2008 742 2072; x_wconf 84' lang='lat' dir='ltr'><strong>verbo</strong></span> <span class='ocrx_word' id='word_1_128' title='bbox 766 2005 908 2090; x_wconf 72' lang='grc' dir='ltr'>ἕξιχνεύο</span> <span class='ocrx_word' id='word_1_129' title='bbox 931 2005 980 2068; x_wconf 84' lang='lat' dir='ltr'><strong>vel</strong></span> <span class='ocrx_word' id='word_1_130' title='bbox 1004 2007 1171 2084; x_wconf 71' lang='grc' dir='ltr'>ἐξικνοῦμαι</span> <span class='ocrx_word' id='word_1_131' title='bbox 1193 2004 1242 2066; x_wconf 88' lang='lat' dir='ltr'><strong>vel</strong></span> 
     </span>
     <span class='ocr_line' id='line_1_18' title="bbox 144 2106 1242 2197; baseline 0 -27"><span class='ocrx_word' id='word_1_132' title='bbox 144 2106 234 2170; x_wconf 84' lang='lat' dir='ltr'><strong>simili</strong></span> <span class='ocrx_word' id='word_1_133' title='bbox 257 2108 363 2193; x_wconf 87' lang='lat' dir='ltr'><strong>aliquo</strong></span> <span class='ocrx_word' id='word_1_134' title='bbox 377 2109 548 2197; x_wconf 90' lang='lat' dir='ltr'><strong>composito</strong></span> <span class='ocrx_word' id='word_1_135' title='bbox 563 2108 833 2197; x_wconf 87' lang='lat' dir='ltr'><strong>superscriptaque</strong></span> <span class='ocrx_word' id='word_1_136' title='bbox 853 2108 880 2171; x_wconf 94' lang='lat' dir='ltr'><strong>ei</strong></span> <span class='ocrx_word' id='word_1_137' title='bbox 902 2106 1157 2194; x_wconf 78' lang='lat' dir='ltr'><strong>interpretatione</strong></span> <span class='ocrx_word' id='word_1_138' title='bbox 1179 2108 1242 2185; x_wconf 77' lang='grc' dir='ltr'>ἑξε·</span> 
     </span>
     <span class='ocr_line' id='line_1_19' title="bbox 144 2204 1243 2291; baseline 0 -22"><span class='ocrx_word' id='word_1_139' title='bbox 144 2204 218 2281; x_wconf 71' lang='grc' dir='ltr'>τάξω</span> <span class='ocrx_word' id='word_1_140' title='bbox 232 2222 337 2270; x_wconf 88' lang='lat' dir='ltr'><strong>ortum</strong></span> <span class='ocrx_word' id='word_1_141' title='bbox 354 2207 486 2272; x_wconf 90' lang='lat' dir='ltr'><strong>videtur.</strong></span> <span class='ocrx_word' id='word_1_142' title='bbox 533 2209 681 2273; x_wconf 85' lang='lat' dir='ltr'><strong>Similiter</strong></span> <span class='ocrx_word' id='word_1_143' title='bbox 702 2209 732 2272; x_wconf 93' lang='lat' dir='ltr'><strong>in</strong></span> <span class='ocrx_word' id='word_1_144' title='bbox 757 2210 874 2272; x_wconf 84' lang='lat' dir='ltr'><strong>Medea</strong></span> <span class='ocrx_word' id='word_1_145' title='bbox 897 2231 925 2270; x_wconf 91' lang='lat' dir='ltr'><strong>v.</strong></span> <span class='ocrx_word' id='word_1_146' title='bbox 943 2210 1015 2291; x_wconf 85' lang='lat'><strong>989.</strong></span> <span class='ocrx_word' id='word_1_147' title='bbox 1038 2229 1077 2271; x_wconf 83' lang='lat' dir='ltr'><strong>ex</strong></span> <span class='ocrx_word' id='word_1_148' title='bbox 1099 2210 1243 2288; x_wconf 83' lang='grc' dir='ltr'>ὑπεκδρα-</span> 
     </span>
     <span class='ocr_line' id='line_1_20' title="bbox 144 2307 1244 2397; baseline -0.001 -25"><span class='ocrx_word' id='word_1_149' title='bbox 144 2315 242 2390; x_wconf 86' lang='grc' dir='ltr'>μεῖται</span> <span class='ocrx_word' id='word_1_150' title='bbox 257 2309 528 2397; x_wconf 88' lang='lat' dir='ltr'><strong>superscriptoque</strong></span> <span class='ocrx_word' id='word_1_151' title='bbox 539 2312 679 2392; x_wconf 82' lang='grc' dir='ltr'>φεύξεται</span> <span class='ocrx_word' id='word_1_152' title='bbox 693 2309 823 2374; x_wconf 89' lang='lat' dir='ltr'><strong>verbum</strong></span> <span class='ocrx_word' id='word_1_153' title='bbox 835 2308 951 2395; x_wconf 88' lang='lat' dir='ltr'><strong>prodiit</strong></span> <span class='ocrx_word' id='word_1_154' title='bbox 966 2307 1143 2372; x_wconf 89' lang='lat' dir='ltr'><strong>inauditum</strong></span> <span class='ocrx_word' id='word_1_155' title='bbox 1157 2311 1244 2390; x_wconf 82' lang='grc' dir='ltr'>ὑπερ-</span> 
     </span>
     <span class='ocr_line' id='line_1_21' title="bbox 147 2414 294 2494; baseline -0.007 -18"><span class='ocrx_word' id='word_1_156' title='bbox 147 2414 294 2494; x_wconf 82' lang='grc' dir='ltr'>φεύξεται.</span> 
     </span>
    </p>

    <p class='ocr_par' dir='ltr' id='par_1_7' title="bbox 149 2511 1244 2682">
     <span class='ocr_line' id='line_1_22' title="bbox 188 2511 1244 2600; baseline -0.002 -23"><span class='ocrx_word' id='word_1_157' title='bbox 188 2534 262 2595; x_wconf 85' lang='grc'>402.</span> <span class='ocrx_word' id='word_1_158' title='bbox 294 2513 503 2579; x_wconf 77' lang='grc' dir='ltr'>ἐπισπασθεῖσ’</span> <span class='ocrx_word' id='word_1_159' title='bbox 533 2516 605 2578; x_wconf 88' lang='lat' dir='ltr'><strong>Par.</strong></span> <span class='ocrx_word' id='word_1_160' title='bbox 631 2518 673 2578; x_wconf 84' lang='lat' dir='ltr'><strong>A.</strong></span> <span class='ocrx_word' id='word_1_161' title='bbox 699 2530 731 2578; x_wconf 91' lang='lat' dir='ltr'><strong>et</strong></span> <span class='ocrx_word' id='word_1_162' title='bbox 752 2513 894 2600; x_wconf 90' lang='lat' dir='ltr'><strong>quinque</strong></span> <span class='ocrx_word' id='word_1_163' title='bbox 922 2512 984 2577; x_wconf 86' lang='lat' dir='ltr'><strong>alii.</strong></span> <span class='ocrx_word' id='word_1_164' title='bbox 1023 2511 1244 2578; x_wconf 71' lang='lat' dir='ltr'><strong>dnoonoodelo’</strong></span> 
     </span>
     <span class='ocr_line' id='line_1_23' title="bbox 149 2617 334 2682; baseline 0 -2"><span class='ocrx_word' id='word_1_165' title='bbox 149 2619 238 2682; x_wconf 89' lang='lat' dir='ltr'><strong>Lasc.</strong></span> <span class='ocrx_word' id='word_1_166' title='bbox 255 2617 334 2681; x_wconf 84' lang='lat' dir='ltr'><strong>Ald.</strong></span> 
     </span>
    </p>

    <p class='ocr_par' dir='ltr' id='par_1_8' title="bbox 189 2719 637 2804">
     <span class='ocr_line' id='line_1_24' title="bbox 189 2719 637 2804; baseline -0.002 -21"><span class='ocrx_word' id='word_1_167' title='bbox 189 2736 263 2803; x_wconf 89' lang='lat'><strong>407.</strong></span> <span class='ocrx_word' id='word_1_168' title='bbox 281 2721 409 2804; x_wconf 83' lang='grc' dir='ltr'>κτενεῖν]</span> <span class='ocrx_word' id='word_1_169' title='bbox 428 2726 547 2784; x_wconf 83' lang='grc' dir='ltr'>κτανεῖν</span> <span class='ocrx_word' id='word_1_170' title='bbox 562 2719 637 2784; x_wconf 81' lang='lat' dir='ltr'><strong>Ald.</strong></span> 
     </span>
    </p>

    <p class='ocr_par' dir='ltr' id='par_1_9' title="bbox 189 2822 788 2905">
     <span class='ocr_line' id='line_1_25' title="bbox 189 2822 788 2905; baseline 0 -17"><span class='ocrx_word' id='word_1_171' title='bbox 189 2825 264 2904; x_wconf 91' lang='lat'><strong>408.</strong></span> <span class='ocrx_word' id='word_1_172' title='bbox 279 2822 391 2905; x_wconf 80' lang='grc' dir='ltr'>οὕνεκ’]</span> <span class='ocrx_word' id='word_1_173' title='bbox 406 2822 492 2887; x_wconf 71' lang='grc' dir='ltr'>εἵνεκ’</span> <span class='ocrx_word' id='word_1_174' title='bbox 510 2825 612 2887; x_wconf 89' lang='lat' dir='ltr'><strong>Taur.</strong></span> <span class='ocrx_word' id='word_1_175' title='bbox 627 2825 694 2888; x_wconf 89' lang='lat' dir='ltr'><strong>Gu.</strong></span> <span class='ocrx_word' id='word_1_176' title='bbox 711 2822 788 2889; x_wconf 85' lang='lat' dir='ltr'><strong>Ald.</strong></span> 
     </span>
    </p>

    <p class='ocr_par' dir='ltr' id='par_1_10' title="bbox 148 2925 1248 3213">
     <span class='ocr_line' id='line_1_26' title="bbox 189 2925 1246 3013; baseline 0.001 -24"><span class='ocrx_word' id='word_1_177' title='bbox 189 2945 264 3004; x_wconf 85' lang='lat'><strong>421.</strong></span> <span class='ocrx_word' id='word_1_178' title='bbox 280 2927 422 2989; x_wconf 73' lang='lat' dir='ltr'><strong>drodoao&#39;</strong></span> <span class='ocrx_word' id='word_1_179' title='bbox 439 2927 530 2990; x_wconf 87' lang='lat' dir='ltr'><strong>Lasc.</strong></span> <span class='ocrx_word' id='word_1_180' title='bbox 570 2926 696 3013; x_wconf 87' lang='lat' dir='ltr'><strong>Reliqui</strong></span> <span class='ocrx_word' id='word_1_181' title='bbox 711 2925 782 2990; x_wconf 91' lang='lat' dir='ltr'><strong>libri</strong></span> <span class='ocrx_word' id='word_1_182' title='bbox 796 2949 903 2990; x_wconf 89' lang='lat' dir='ltr'><strong>omncs</strong></span> <span class='ocrx_word' id='word_1_183' title='bbox 919 2928 1056 2994; x_wconf 77' lang='grc' dir='ltr'>ἀκούσας.</span> <span class='ocrx_word' id='word_1_184' title='bbox 1088 2926 1143 2990; x_wconf 85' lang='lat' dir='ltr'><strong>Ad</strong></span> <span class='ocrx_word' id='word_1_185' title='bbox 1159 2925 1246 3013; x_wconf 89' lang='lat' dir='ltr'><strong>quod</strong></span> 
     </span>
     <span class='ocr_line' id='line_1_27' title="bbox 148 3027 1248 3118; baseline 0.004 -27"><span class='ocrx_word' id='word_1_186' title='bbox 148 3027 379 3092; x_wconf 88' lang='lat' dir='ltr'><strong>defendendum</strong></span> <span class='ocrx_word' id='word_1_187' title='bbox 407 3050 498 3090; x_wconf 88' lang='lat' dir='ltr'><strong>nemo</strong></span> <span class='ocrx_word' id='word_1_188' title='bbox 522 3029 671 3092; x_wconf 85' lang='lat' dir='ltr'><strong>abutetur</strong></span> <span class='ocrx_word' id='word_1_189' title='bbox 696 3029 895 3094; x_wconf 79' lang='lat' dir='ltr'><strong>annotatione</strong></span> <span class='ocrx_word' id='word_1_190' title='bbox 919 3045 1023 3093; x_wconf 87' lang='lat' dir='ltr'><strong>nostra</strong></span> <span class='ocrx_word' id='word_1_191' title='bbox 1048 3030 1087 3094; x_wconf 86' lang='lat' dir='ltr'><strong>ad</strong></span> <span class='ocrx_word' id='word_1_192' title='bbox 1113 3029 1248 3118; x_wconf 89' lang='lat' dir='ltr'><strong>Hippol.</strong></span> 
     </span>
     <span class='ocr_line' id='line_1_28' title="bbox 153 3147 243 3213; baseline 0 -21"><span class='ocrx_word' id='word_1_193' title='bbox 153 3147 243 3213; x_wconf 85' lang='lat'><strong>1105.</strong></span> 
     </span>
    </p>

    <p class='ocr_par' dir='ltr' id='par_1_11' title="bbox 150 3232 1274 4556">
     <span class='ocr_line' id='line_1_29' title="bbox 191 3232 1247 3319; baseline 0.009 -25"><span class='ocrx_word' id='word_1_194' title='bbox 191 3252 265 3318; x_wconf 81' lang='grc'>423.</span> <span class='ocrx_word' id='word_1_195' title='bbox 288 3236 364 3316; x_wconf 82' lang='grc' dir='ltr'>χρῆν</span> <span class='ocrx_word' id='word_1_196' title='bbox 387 3257 424 3296; x_wconf 86' lang='grc' dir='ltr'>σε</span> <span class='ocrx_word' id='word_1_197' title='bbox 446 3233 504 3312; x_wconf 83' lang='grc' dir='ltr'><strong>σήν</strong></span> <span class='ocrx_word' id='word_1_198' title='bbox 525 3259 558 3298; x_wconf 85' lang='grc' dir='ltr'>τε</span> <span class='ocrx_word' id='word_1_199' title='bbox 580 3236 658 3298; x_wconf 74' lang='grc' dir='ltr'>παῖδ’</span> <span class='ocrx_word' id='word_1_200' title='bbox 673 3232 773 3319; x_wconf 78' lang='grc' dir='ltr'>ἄγειν]</span> <span class='ocrx_word' id='word_1_201' title='bbox 798 3234 875 3300; x_wconf 88' lang='lat' dir='ltr'><strong>Ald.</strong></span> <span class='ocrx_word' id='word_1_202' title='bbox 893 3235 951 3319; x_wconf 82' lang='grc' dir='ltr'>χρῆ</span> <span class='ocrx_word' id='word_1_203' title='bbox 973 3261 1010 3300; x_wconf 90' lang='grc' dir='ltr'>σε</span> <span class='ocrx_word' id='word_1_204' title='bbox 1033 3237 1080 3300; x_wconf 83' lang='grc' dir='ltr'><strong>καὶ</strong></span> <span class='ocrx_word' id='word_1_205' title='bbox 1095 3236 1153 3316; x_wconf 82' lang='grc' dir='ltr'><strong>σῆν</strong></span> <span class='ocrx_word' id='word_1_206' title='bbox 1167 3235 1247 3302; x_wconf 79' lang='grc' dir='ltr'>παῖδ’</span> 
     </span>
     <span class='ocr_line' id='line_1_30' title="bbox 150 3335 1247 3420; baseline 0.004 -21"><span class='ocrx_word' id='word_1_207' title='bbox 150 3338 244 3419; x_wconf 81' lang='grc' dir='ltr'>ἄγειν.</span> <span class='ocrx_word' id='word_1_208' title='bbox 270 3337 371 3399; x_wconf 88' lang='lat' dir='ltr'><strong>Taur.</strong></span> <span class='ocrx_word' id='word_1_209' title='bbox 387 3335 452 3398; x_wconf 92' lang='lat' dir='ltr'><strong>Gu.</strong></span> <span class='ocrx_word' id='word_1_210' title='bbox 477 3338 519 3402; x_wconf 80' lang='grc' dir='ltr'>εἰς</span> <span class='ocrx_word' id='word_1_211' title='bbox 541 3342 565 3415; x_wconf 86' lang='grc' dir='ltr'>ξ.</span> <span class='ocrx_word' id='word_1_212' title='bbox 583 3339 615 3400; x_wconf 78' lang='grc' dir='ltr'><strong>δὲ</strong></span> <span class='ocrx_word' id='word_1_213' title='bbox 637 3335 744 3419; x_wconf 81' lang='grc' dir='ltr'>χρήσει</span> <span class='ocrx_word' id='word_1_214' title='bbox 766 3338 814 3400; x_wconf 83' lang='grc' dir='ltr'><strong>καὶ</strong></span> <span class='ocrx_word' id='word_1_215' title='bbox 828 3337 887 3416; x_wconf 81' lang='grc' dir='ltr'><strong>σὴν</strong></span> <span class='ocrx_word' id='word_1_216' title='bbox 900 3336 979 3402; x_wconf 72' lang='grc' dir='ltr'>παῖδ’</span> <span class='ocrx_word' id='word_1_217' title='bbox 995 3340 1091 3420; x_wconf 82' lang='grc' dir='ltr'>άγειν.</span> <span class='ocrx_word' id='word_1_218' title='bbox 1115 3339 1201 3404; x_wconf 87' lang='lat' dir='ltr'><strong>Flor.</strong></span> <span class='ocrx_word' id='word_1_219' title='bbox 1219 3359 1247 3404; x_wconf 91' lang='grc'>2.</span> 
     </span>
     <span class='ocr_line' id='line_1_31' title="bbox 152 3437 1249 3523; baseline 0.005 -20"><span class='ocrx_word' id='word_1_220' title='bbox 152 3440 244 3503; x_wconf 86' lang='lat' dir='ltr'><strong>Lasc.</strong></span> <span class='ocrx_word' id='word_1_221' title='bbox 268 3442 309 3505; x_wconf 76' lang='grc' dir='ltr'>εἰς</span> <span class='ocrx_word' id='word_1_222' title='bbox 331 3445 355 3517; x_wconf 93' lang='grc' dir='ltr'>ξ.</span> <span class='ocrx_word' id='word_1_223' title='bbox 372 3437 396 3501; x_wconf 89' lang='grc' dir='ltr'><strong>δ’</strong></span> <span class='ocrx_word' id='word_1_224' title='bbox 412 3440 503 3521; x_wconf 80' lang='grc' dir='ltr'>ε’χρῆν</span> <span class='ocrx_word' id='word_1_225' title='bbox 522 3464 559 3502; x_wconf 88' lang='grc' dir='ltr'>σε</span> <span class='ocrx_word' id='word_1_226' title='bbox 579 3438 636 3518; x_wconf 81' lang='grc' dir='ltr'><strong>σὴν</strong></span> <span class='ocrx_word' id='word_1_227' title='bbox 654 3437 733 3502; x_wconf 85' lang='grc' dir='ltr'>παῖδ’</span> <span class='ocrx_word' id='word_1_228' title='bbox 750 3437 876 3521; x_wconf 76' lang='grc' dir='ltr'>ἐξάγειν.</span> <span class='ocrx_word' id='word_1_229' title='bbox 900 3442 942 3506; x_wconf 80' lang='grc' dir='ltr'>εἷς</span> <span class='ocrx_word' id='word_1_230' title='bbox 956 3437 983 3518; x_wconf 80' lang='grc' dir='ltr'>ξ.</span> <span class='ocrx_word' id='word_1_231' title='bbox 1001 3443 1033 3504; x_wconf 73' lang='grc' dir='ltr'><strong>δὲ</strong></span> <span class='ocrx_word' id='word_1_232' title='bbox 1047 3445 1124 3523; x_wconf 82' lang='grc' dir='ltr'>χρῆν</span> <span class='ocrx_word' id='word_1_233' title='bbox 1139 3468 1176 3507; x_wconf 92' lang='grc' dir='ltr'>σε</span> <span class='ocrx_word' id='word_1_234' title='bbox 1191 3443 1249 3522; x_wconf 86' lang='grc' dir='ltr'><strong>σῆν</strong></span> 
     </span>
     <span class='ocr_line' id='line_1_32' title="bbox 151 3540 1250 3627; baseline 0.003 -22"><span class='ocrx_word' id='word_1_235' title='bbox 151 3542 229 3607; x_wconf 83' lang='grc' dir='ltr'>παῖδ’</span> <span class='ocrx_word' id='word_1_236' title='bbox 253 3540 370 3623; x_wconf 76' lang='grc' dir='ltr'>ἐξάγειν</span> <span class='ocrx_word' id='word_1_237' title='bbox 392 3542 466 3606; x_wconf 87' lang='lat' dir='ltr'><strong>Par.</strong></span> <span class='ocrx_word' id='word_1_238' title='bbox 489 3542 574 3606; x_wconf 90' lang='lat' dir='ltr'><strong>B.D.</strong></span> <span class='ocrx_word' id='word_1_239' title='bbox 600 3540 687 3604; x_wconf 89' lang='lat' dir='ltr'><strong>Flor.</strong></span> <span class='ocrx_word' id='word_1_240' title='bbox 711 3543 754 3605; x_wconf 83' lang='lat' dir='ltr'><strong>A.</strong></span> <span class='ocrx_word' id='word_1_241' title='bbox 775 3561 824 3604; x_wconf 91' lang='lat'><strong>10.</strong></span> <span class='ocrx_word' id='word_1_242' title='bbox 845 3558 892 3627; x_wconf 87' lang='lat'><strong>15.</strong></span> <span class='ocrx_word' id='word_1_243' title='bbox 917 3543 1025 3606; x_wconf 89' lang='lat' dir='ltr'><strong>Havn.</strong></span> <span class='ocrx_word' id='word_1_244' title='bbox 1051 3543 1104 3606; x_wconf 90' lang='lat' dir='ltr'><strong>sed</strong></span> <span class='ocrx_word' id='word_1_245' title='bbox 1132 3543 1165 3607; x_wconf 92' lang='lat' dir='ltr'><strong>hi</strong></span> <span class='ocrx_word' id='word_1_246' title='bbox 1188 3560 1250 3609; x_wconf 84' lang='lat' dir='ltr'><strong>tres</strong></span> 
     </span>
     <span class='ocr_line' id='line_1_33' title="bbox 152 3643 1250 3735; baseline 0.004 -27"><span class='ocrx_word' id='word_1_247' title='bbox 152 3648 246 3728; x_wconf 83' lang='grc' dir='ltr'>ἄγειν.</span> <span class='ocrx_word' id='word_1_248' title='bbox 270 3647 343 3707; x_wconf 88' lang='lat' dir='ltr'><strong>Par.</strong></span> <span class='ocrx_word' id='word_1_249' title='bbox 360 3650 403 3706; x_wconf 82' lang='lat' dir='ltr'><strong>A.</strong></span> <span class='ocrx_word' id='word_1_250' title='bbox 420 3646 462 3710; x_wconf 78' lang='lat' dir='ltr'><strong>ele</strong></span> <span class='ocrx_word' id='word_1_251' title='bbox 478 3650 503 3723; x_wconf 85' lang='grc' dir='ltr'>ξ.</span> <span class='ocrx_word' id='word_1_252' title='bbox 520 3647 551 3709; x_wconf 80' lang='grc' dir='ltr'><strong>δὲ</strong></span> <span class='ocrx_word' id='word_1_253' title='bbox 566 3649 642 3728; x_wconf 82' lang='grc' dir='ltr'>χρῆν</span> <span class='ocrx_word' id='word_1_254' title='bbox 658 3671 695 3709; x_wconf 88' lang='grc' dir='ltr'>σε</span> <span class='ocrx_word' id='word_1_255' title='bbox 715 3645 772 3724; x_wconf 86' lang='grc' dir='ltr'><strong>σῆν</strong></span> <span class='ocrx_word' id='word_1_256' title='bbox 786 3649 864 3709; x_wconf 80' lang='grc' dir='ltr'>παῖδ’</span> <span class='ocrx_word' id='word_1_257' title='bbox 881 3643 1009 3728; x_wconf 79' lang='grc' dir='ltr'>ἐξάγειν,</span> <span class='ocrx_word' id='word_1_258' title='bbox 1025 3647 1110 3733; x_wconf 93' lang='lat' dir='ltr'><strong>quod</strong></span> <span class='ocrx_word' id='word_1_259' title='bbox 1133 3648 1250 3735; x_wconf 89' lang='lat' dir='ltr'><strong>recepit</strong></span> 
     </span>
     <span class='ocr_line' id='line_1_34' title="bbox 153 3746 1251 3826; baseline 0.004 -15"><span class='ocrx_word' id='word_1_260' title='bbox 153 3746 293 3811; x_wconf 79' lang='lat' dir='ltr'><strong>Brunclr.</strong></span> <span class='ocrx_word' id='word_1_261' title='bbox 310 3763 431 3811; x_wconf 89' lang='lat' dir='ltr'><strong>mutato</strong></span> <span class='ocrx_word' id='word_1_262' title='bbox 446 3760 581 3826; x_wconf 89' lang='lat' dir='ltr'><strong>tantum,</strong></span> <span class='ocrx_word' id='word_1_263' title='bbox 598 3763 633 3811; x_wconf 89' lang='lat' dir='ltr'><strong>ut</strong></span> <span class='ocrx_word' id='word_1_264' title='bbox 648 3747 679 3811; x_wconf 91' lang='lat' dir='ltr'><strong>iu</strong></span> <span class='ocrx_word' id='word_1_265' title='bbox 696 3747 810 3812; x_wconf 88' lang='lat' dir='ltr'><strong>talibus</strong></span> <span class='ocrx_word' id='word_1_266' title='bbox 832 3772 864 3811; x_wconf 91' lang='lat' dir='ltr'><strong>se</strong></span> <span class='ocrx_word' id='word_1_267' title='bbox 887 3746 983 3812; x_wconf 87' lang='lat' dir='ltr'><strong>solere</strong></span> <span class='ocrx_word' id='word_1_268' title='bbox 1005 3763 1036 3813; x_wconf 91' lang='lat' dir='ltr'><strong>et</strong></span> <span class='ocrx_word' id='word_1_269' title='bbox 1055 3749 1121 3814; x_wconf 86' lang='lat' dir='ltr'><strong>fieri</strong></span> <span class='ocrx_word' id='word_1_270' title='bbox 1136 3750 1251 3815; x_wconf 88' lang='lat' dir='ltr'><strong>debere</strong></span> 
     </span>
     <span class='ocr_line' id='line_1_35' title="bbox 153 3849 1251 3936; baseline 0.003 -22"><span class='ocrx_word' id='word_1_271' title='bbox 153 3850 269 3926; x_wconf 85' lang='lat' dir='ltr'><strong>scribit,</strong></span> <span class='ocrx_word' id='word_1_272' title='bbox 284 3853 315 3913; x_wconf 78' lang='grc' dir='ltr'><strong>δὲ</strong></span> <span class='ocrx_word' id='word_1_273' title='bbox 330 3855 405 3933; x_wconf 89' lang='grc' dir='ltr'>χρῆν</span> <span class='ocrx_word' id='word_1_274' title='bbox 420 3849 450 3912; x_wconf 94' lang='lat' dir='ltr'><strong>in</strong></span> <span class='ocrx_word' id='word_1_275' title='bbox 469 3849 492 3913; x_wconf 89' lang='grc' dir='ltr'><strong>δ’</strong></span> <span class='ocrx_word' id='word_1_276' title='bbox 510 3853 610 3933; x_wconf 79' lang='grc' dir='ltr'>ἐχρῆν.</span> <span class='ocrx_word' id='word_1_277' title='bbox 651 3851 766 3934; x_wconf 83' lang='lat' dir='ltr'><strong>[Recte</strong></span> <span class='ocrx_word' id='word_1_278' title='bbox 781 3850 823 3914; x_wconf 88' lang='lat' dir='ltr'><strong>sic</strong></span> <span class='ocrx_word' id='word_1_279' title='bbox 838 3850 1042 3936; x_wconf 82' lang='lat' dir='ltr'><strong>Bruuclius]</strong></span> <span class='ocrx_word' id='word_1_280' title='bbox 1078 3852 1110 3916; x_wconf 90' lang='lat' dir='ltr'><strong>Si</strong></span> <span class='ocrx_word' id='word_1_281' title='bbox 1127 3875 1251 3917; x_wconf 92' lang='lat' dir='ltr'><strong>mouere</strong></span> 
     </span>
     <span class='ocr_line' id='line_1_36' title="bbox 153 3952 1250 4039; baseline 0.004 -24"><span class='ocrx_word' id='word_1_282' title='bbox 153 3953 299 4016; x_wconf 89' lang='lat' dir='ltr'><strong>voluisset</strong></span> <span class='ocrx_word' id='word_1_283' title='bbox 320 3953 445 4029; x_wconf 88' lang='lat' dir='ltr'><strong>chorus,</strong></span> <span class='ocrx_word' id='word_1_284' title='bbox 466 3952 544 4039; x_wconf 92' lang='lat' dir='ltr'><strong>quid</strong></span> <span class='ocrx_word' id='word_1_285' title='bbox 567 3952 763 4017; x_wconf 89' lang='lat' dir='ltr'><strong>nuncetiam</strong></span> <span class='ocrx_word' id='word_1_286' title='bbox 788 3952 963 4016; x_wconf 85' lang='lat' dir='ltr'><strong>faciendum</strong></span> <span class='ocrx_word' id='word_1_287' title='bbox 987 3970 1066 4018; x_wconf 88' lang='lat' dir='ltr'><strong>esset</strong></span> <span class='ocrx_word' id='word_1_288' title='bbox 1092 3955 1250 4033; x_wconf 83' lang='lat' dir='ltr'><strong>Menelao,</strong></span> 
     </span>
     <span class='ocr_line' id='line_1_37' title="bbox 152 4054 1251 4144; baseline 0.004 -25"><span class='ocrx_word' id='word_1_289' title='bbox 152 4055 349 4119; x_wconf 90' lang='lat' dir='ltr'><strong>hauddubie</strong></span> <span class='ocrx_word' id='word_1_290' title='bbox 372 4055 463 4143; x_wconf 86' lang='lat' dir='ltr'><strong>plura</strong></span> <span class='ocrx_word' id='word_1_291' title='bbox 482 4055 662 4132; x_wconf 88' lang='lat' dir='ltr'><strong>addidisset,</strong></span> <span class='ocrx_word' id='word_1_292' title='bbox 678 4055 795 4141; x_wconf 89' lang='lat' dir='ltr'><strong>quibus</strong></span> <span class='ocrx_word' id='word_1_293' title='bbox 816 4054 915 4141; x_wconf 85' lang='lat' dir='ltr'><strong>magis</strong></span> <span class='ocrx_word' id='word_1_294' title='bbox 936 4055 1026 4119; x_wconf 87' lang='lat' dir='ltr'><strong>etiam</strong></span> <span class='ocrx_word' id='word_1_295' title='bbox 1050 4057 1251 4144; x_wconf 85' lang='lat' dir='ltr'><strong>persuaderet</strong></span> 
     </span>
     <span class='ocr_line' id='line_1_38' title="bbox 154 4157 1250 4246; baseline 0.003 -24"><span class='ocrx_word' id='word_1_296' title='bbox 154 4158 309 4222; x_wconf 86' lang='lat' dir='ltr'><strong>Menelao.</strong></span> <span class='ocrx_word' id='word_1_297' title='bbox 348 4160 454 4235; x_wconf 83' lang='lat' dir='ltr'><strong>Quum</strong></span> <span class='ocrx_word' id='word_1_298' title='bbox 471 4173 533 4222; x_wconf 89' lang='lat' dir='ltr'><strong>tam</strong></span> <span class='ocrx_word' id='word_1_299' title='bbox 551 4158 636 4221; x_wconf 91' lang='lat' dir='ltr'><strong>uude</strong></span> <span class='ocrx_word' id='word_1_300' title='bbox 650 4157 717 4221; x_wconf 85' lang='lat' dir='ltr'><strong>haec</strong></span> <span class='ocrx_word' id='word_1_301' title='bbox 733 4157 831 4243; x_wconf 90' lang='lat' dir='ltr'><strong>posita</strong></span> <span class='ocrx_word' id='word_1_302' title='bbox 848 4158 918 4235; x_wconf 92' lang='lat' dir='ltr'><strong>sint,</strong></span> <span class='ocrx_word' id='word_1_303' title='bbox 934 4175 1065 4246; x_wconf 89' lang='lat' dir='ltr'><strong>apparet</strong></span> <span class='ocrx_word' id='word_1_304' title='bbox 1078 4182 1250 4225; x_wconf 89' lang='lat' dir='ltr'><strong>sermonem</strong></span> 
     </span>
     <span class='ocr_line' id='line_1_39' title="bbox 152 4259 1252 4347; baseline 0.005 -23"><span class='ocrx_word' id='word_1_305' title='bbox 152 4285 217 4324; x_wconf 86' lang='lat' dir='ltr'><strong>ease</strong></span> <span class='ocrx_word' id='word_1_306' title='bbox 240 4260 279 4324; x_wconf 95' lang='lat' dir='ltr'><strong>de</strong></span> <span class='ocrx_word' id='word_1_307' title='bbox 301 4285 349 4338; x_wconf 91' lang='lat' dir='ltr'><strong>eo,</strong></span> <span class='ocrx_word' id='word_1_308' title='bbox 371 4259 455 4346; x_wconf 91' lang='lat' dir='ltr'><strong>quod</strong></span> <span class='ocrx_word' id='word_1_309' title='bbox 477 4261 593 4324; x_wconf 83' lang='lat' dir='ltr'><strong>lactum</strong></span> <span class='ocrx_word' id='word_1_310' title='bbox 619 4260 769 4347; x_wconf 87' lang='lat' dir='ltr'><strong>oportuit,</strong></span> <span class='ocrx_word' id='word_1_311' title='bbox 792 4259 845 4323; x_wconf 87' lang='lat' dir='ltr'><strong>sed</strong></span> <span class='ocrx_word' id='word_1_312' title='bbox 869 4283 929 4323; x_wconf 86' lang='lat' dir='ltr'><strong>uon</strong></span> <span class='ocrx_word' id='word_1_313' title='bbox 951 4263 1068 4325; x_wconf 83' lang='lat' dir='ltr'><strong>factum</strong></span> <span class='ocrx_word' id='word_1_314' title='bbox 1095 4279 1152 4326; x_wconf 88' lang='lat' dir='ltr'><strong>est.</strong></span> <span class='ocrx_word' id='word_1_315' title='bbox 1200 4265 1252 4329; x_wconf 84' lang='lat' dir='ltr'><strong>lta</strong></span> 
     </span>
     <span class='ocr_line' id='line_1_40' title="bbox 154 4361 1274 4451; baseline 0.002 -22"><span class='ocrx_word' id='word_1_316' title='bbox 154 4365 244 4429; x_wconf 90' lang='lat' dir='ltr'><strong>unice</strong></span> <span class='ocrx_word' id='word_1_317' title='bbox 270 4387 376 4427; x_wconf 87' lang='lat' dir='ltr'><strong>verum</strong></span> <span class='ocrx_word' id='word_1_318' title='bbox 404 4378 451 4426; x_wconf 86' lang='lat' dir='ltr'><strong>est</strong></span> <span class='ocrx_word' id='word_1_319' title='bbox 480 4365 512 4427; x_wconf 72' lang='grc' dir='ltr'><strong>δὲ</strong></span> <span class='ocrx_word' id='word_1_320' title='bbox 538 4368 624 4446; x_wconf 88' lang='grc' dir='ltr'>χρῆν.</span> <span class='ocrx_word' id='word_1_321' title='bbox 671 4364 711 4426; x_wconf 91' lang='lat' dir='ltr'><strong>ln</strong></span> <span class='ocrx_word' id='word_1_322' title='bbox 737 4361 865 4448; x_wconf 87' lang='lat' dir='ltr'><strong>reliquis</strong></span> <span class='ocrx_word' id='word_1_323' title='bbox 887 4363 1054 4427; x_wconf 87' lang='lat' dir='ltr'><strong>auctoritas</strong></span> <span class='ocrx_word' id='word_1_324' title='bbox 1081 4366 1179 4429; x_wconf 87' lang='lat' dir='ltr'><strong>MSS.</strong></span> <span class='ocrx_word' id='word_1_325' title='bbox 1208 4391 1274 4451; x_wconf 78' lang='lat' dir='ltr'><strong>se-¹</strong></span> 
     </span>
     <span class='ocr_line' id='line_1_41' title="bbox 154 4464 1251 4556; baseline 0 -24"><span class='ocrx_word' id='word_1_326' title='bbox 154 4467 278 4556; x_wconf 74' lang='lat' dir='ltr'><strong>querula</strong></span> <span class='ocrx_word' id='word_1_327' title='bbox 302 4482 379 4543; x_wconf 86' lang='lat' dir='ltr'><strong>erat,</strong></span> <span class='ocrx_word' id='word_1_328' title='bbox 406 4487 504 4552; x_wconf 85' lang='lat' dir='ltr'><strong>quum</strong></span> <span class='ocrx_word' id='word_1_329' title='bbox 533 4469 582 4530; x_wconf 86' lang='grc' dir='ltr'><strong>καί</strong></span> <span class='ocrx_word' id='word_1_330' title='bbox 605 4467 635 4529; x_wconf 92' lang='lat' dir='ltr'><strong>in</strong></span> <span class='ocrx_word' id='word_1_331' title='bbox 667 4464 808 4552; x_wconf 85' lang='lat' dir='ltr'><strong>plurimis</strong></span> <span class='ocrx_word' id='word_1_332' title='bbox 834 4465 925 4529; x_wconf 85' lang='lat' dir='ltr'><strong>desit.</strong></span> <span class='ocrx_word' id='word_1_333' title='bbox 971 4465 1035 4529; x_wconf 93' lang='lat' dir='ltr'><strong>Ubi</strong></span> <span class='ocrx_word' id='word_1_334' title='bbox 1065 4488 1138 4531; x_wconf 84' lang='lat' dir='ltr'><strong>vero</strong></span> <span class='ocrx_word' id='word_1_335' title='bbox 1158 4469 1251 4535; x_wconf 86' lang='lat' dir='ltr'><strong>semel</strong></span> 
     </span>
    </p>
   </div>
   <div class='ocr_carea' id='block_1_7' title="bbox 0 0 1454 4914">
    <p class='ocr_par' dir='ltr' id='par_1_12' title="bbox 0 0 1454 4914">
     <span class='ocr_line' id='line_1_42' title="bbox 0 0 1454 4914; baseline 0 0"><span class='ocrx_word' id='word_1_336' title='bbox 0 0 1454 4914; x_wconf 95' lang='lat' dir='ltr'><strong> </strong></span> 
     </span>
    </p>
   </div>
  </div>
 </body>
</html>
