2864 4914
453 344 456 349 y
499 271 566 336 AD
590 271 917 338 HIPPOLYTUM
1197 272 1258 338 811

212 445 303 508 1062.
321 444 385 527 σός]
402 443 447 511 οἶς
461 443 539 508 Ald.

211 549 303 632 1063.
320 546 493 631 σνγχέαιμ’]
511 547 665 632 σνγχέοιμ’
682 548 767 614 Flor.
785 551 829 613 A.

211 653 302 729 1064.
319 651 486 714 ἀποκτείνει
502 651 574 714 Ρατ.
590 653 634 715 A.
652 652 737 716 Flor.
752 672 801 716 10.
846 650 951 739 Vulgo
967 652 1133 716 ἀποκτενεῖ.

212 751 304 834 1065.
321 753 404 819 ἐκτός
418 766 488 838 post
503 757 557 835 γῆς
571 752 700 819 collocat
715 753 792 818 Ald.

212 855 303 917 1066.
320 852 381 932 δῆθ’
397 858 414 918 ό
430 857 503 919 Par.
520 858 564 920 A.
582 855 669 921 Flor.
682 878 731 921 10.
777 855 883 943 Vulgo
898 859 983 935 δῆτα.

212 972 302 1039 1070.
318 957 392 1038 πρὸς
405 958 499 1042 ἧπαρ]
518 959 558 1024 Id
574 974 620 1024 est
634 960 707 1042 πρδς
720 960 800 1042 ἤπαρ
813 965 915 1044 χωρεῖ,
932 973 967 1023 ut
982 956 1123 1044 loquitur
1139 958 1262 1045 Sopho·

163 1058 227 1123 cles
241 1059 297 1145 Aj.
316 1060 389 1144 938.

210 1178 303 1244 1071.
330 1164 416 1229 κακός
436 1188 470 1226 τε
492 1165 635 1245 φαίνομαι
651 1165 743 1228 Lasc.
763 1162 840 1228 Ald.
857 1162 942 1227 Flor.
960 1181 1052 1247 2.15.
1075 1162 1212 1232 κάκιστός
1231 1188 1265 1228 τε

166 1264 273 1326 Ηανιι.
285 1266 372 1331 κακός
382 1290 418 1345 γε
430 1263 515 1329 Flor.
526 1267 622 1330 A.10.
633 1266 706 1330 Par.
714 1265 844 1330 A.B.D.
859 1266 1021 1348 φαίνεσθω
1032 1277 1064 1330 et
1076 1269 1174 1330 δοκεῖν
1183 1264 1265 1330 inter

165 1389 197 1429 se
219 1365 355 1443 differre,
378 1366 541 1432 ostendere
563 1367 685 1432 studuit
709 1369 834 1455 Musgr.
857 1391 897 1432 ex
912 1366 1043 1432 Aristot.
1068 1367 1174 1433 Ethic.
1193 1369 1263 1432 Eu·

164 1466 247 1530 dem·
265 1487 295 1545 2,
312 1486 342 1532 2.
365 1475 428 1535 τοῖς
447 1471 480 1533 δέ
504 1471 653 1552 φαίνεται,
670 1470 725 1535 κᾶν
738 1471 779 1551 μῆ
801 1473 882 1549 δοκῇ·
905 1471 940 1534 ού
960 1473 1018 1552 γδρ
1042 1472 1075 1534 έν
1097 1471 1191 1556 ταυτῷ
1214 1473 1265 1550 nit

164 1571 292 1652 φανχῆςῆ
307 1573 460 1653 φαντασία
476 1573 553 1652 καὶῆ
567 1574 649 1651 δόξα.
678 1573 739 1637 Sed
755 1596 820 1659 quo
833 1594 924 1636 sensu
941 1571 1146 1659 philosophus
1157 1595 1264 1636 vocem

164 1672 327 1759 acceperit,
350 1673 390 1737 ad
414 1672 574 1760 vulgarem
600 1690 697 1761 atque
721 1689 884 1761 poetarum
906 1674 1162 1739 consuetudinem
1186 1673 1265 1738 nihii

164 1774 286 1839 attinet.
317 1774 451 1840 Videtur
465 1774 593 1862 quidem
607 1776 693 1863 apud
709 1776 845 1863 reliquos
858 1776 950 1841 etiam
966 1777 1130 1865 scriptores
1143 1775 1265 1862 aliquid

165 1877 311 1940 interesse
326 1877 406 1941 inter
420 1880 582 1960 φαίνεσθαι
595 1893 627 1942 et
647 1883 755 1957 δοκεῖν,
772 1894 808 1943 ut
828 1879 905 1944 illud
927 1880 1104 1968 opinionem
1127 1879 1265 1945 certiori-

165 1978 226 2043 bus
239 1979 427 2066 quibusdam
444 1981 540 2067 signis
554 1998 586 2045 et
600 1983 701 2068 specie
715 1982 783 2069 ipsa
797 1983 840 2046 rei
856 1995 1071 2060 sustentatam,
1083 1982 1142 2046 hoc
1157 1995 1262 2047 autem

165 2082 230 2147 sola
244 2083 422 2169 conjectura
435 2083 540 2147 nixam
558 2083 720 2171 significet,
735 2107 801 2171 quo
815 2107 906 2148 sensu
922 2085 1163 2167 sorbedulum
1180 2083 1265 2172 Hip·

166 2184 293 2272 polytus
313 2186 354 2250 ob
375 2185 523 2250 indicium
540 2185 696 2264 Phaedrae,
714 2191 796 2250 δοκεῖ
809 2187 934 2250 Theseo
956 2187 1036 2251 hanc
1058 2186 1263 2275 suspicionem

165 2287 279 2374 cupide
293 2287 462 2375 arripienti.
509 2287 569 2352 Sed
589 2310 649 2351 non
665 2286 760 2351 credo
773 2288 833 2352 hoc
846 2287 1009 2352 discrimen
1026 2302 1178 2376 spectasse
1193 2290 1263 2353 Eu-

165 2390 309 2477 ripidem,
322 2390 377 2477 qui
391 2390 558 2479 saepissime
570 2389 721 2455 vocabula
736 2393 969 2471 ἰσοδυναμοῦντα
983 2389 1084 2478 ponit,
1097 2405 1134 2455 ut
1146 2392 1263 2456 Bacch.

165 2508 239 2578 573.
263 2493 321 2559 οὔτ’
345 2496 445 2576 ἔθιγεν
466 2493 527 2559 οὔθ’
549 2492 641 2576 ἤφαθ
664 2495 756 2575 ἡμῶν.
801 2492 900 2557 Plura
920 2492 1064 2580 exempla
1084 2493 1126 2559 ad
1148 2493 1263 2560 Bacch.

167 2600 238 2674 617.
254 2597 418 2685 adscripsit
432 2597 611 2662 Elmsleius.
628 2597 820 2662 ΜΑΤΤΗ.

214 2717 304 2782 1072.
322 2700 349 2763 σ’
365 2700 490 2765 accessit
504 2723 545 2764 ex
561 2702 634 2763 Par.
650 2699 737 2763 AB.
754 2697 841 2761 Flor.
857 2700 898 2762 A.
915 2716 963 2761 10.
980 2699 1028 2761 H.

213 2805 305 2885 1076.
332 2805 450 2888 σαφῶς]
475 2809 577 2886 σοφῶς
602 2804 675 2866 Par.
700 2803 785 2867 B.D.
807 2823 904 2888 quam
926 2799 1090 2865 lectionem
1113 2811 1265 2864 memorat

167 2904 338 2969 scholiasta.
778 2917 780 2921 '

213 3024 306 3089 1077.
321 3005 439 3093 μηνύει]
455 3009 579 3072 δεικνύει
596 3009 641 3071 Η.

215 3110 308 3190 1078.
333 3110 534 3175 Constructio
554 3122 611 3187 cst,
628 3107 680 3173 εἶθ’
696 3109 743 3188 ἤν,
760 3110 812 3188 ἐμὲ
830 3107 944 3172 στάντα
959 3109 1095 3171 ἐναντίον
1109 3101 1263 3186 προσβλέ-

168 3237 235 3276 πειν
251 3213 387 3290 ἐμαυτόν,
406 3216 531 3275 tammum
552 3232 592 3275 ον
612 3213 746 3276 adverso
767 3220 857 3274 staua
880 3211 1044 3295 (tanquam
1066 3207 1168 3294 pictor
1184 3208 1264 3270 Hec.

168 3317 258 3397 790.)
274 3335 322 3376 me
333 3315 439 3400 ipsum
449 3314 652 3400 contemptos·
661 3317 807 3399 ροαοσταό
830 3314 869 3379 ὡς
880 3311 1029 3392 έδόκρυσα
1041 3323 1087 3373 est
1097 3311 1265 3395 utjkrem,

171 3416 246 3499 (vid.
270 3418 414 3482 Gramm.
431 3416 488 3481 Gr.
507 3417 535 3498 δ.
550 3435 623 3501 520.
647 3428 711 3478 not.
726 3418 771 3500 5.)
796 3436 857 3478 non
879 3412 1137 3500 quemadmodum
1158 3409 1264 3496 defleo,

168 3519 217 3582 vel
232 3530 268 3583 ut
281 3518 557 3604 lacrimasfumdo.
580 3518 629 3581 οἶα
642 3543 675 3581 π.
692 3545 716 3581 κ.
729 3539 788 3603 pro
797 3516 843 3580 ότι
853 3520 974 3580 τοιαῦτα
984 3540 1016 3579 π.
1028 3540 1055 3578 κ.
1072 3512 1265 3576 ΜΑΤΤΗ.

216 3624 306 3686 1080.
330 3622 415 3687 Flor.
432 3623 474 3685 A.
490 3623 596 3706 πολλῷ
616 3646 652 3703 γε
672 3618 805 3700 ἤσκησαι
825 3623 943 3699 μᾶλλον
966 3618 1090 3699 φεύγειν
1112 3640 1149 3678 σε
1172 3614 1264 3678 θύειν.

171 3722 256 3787 Flor.
273 3745 321 3789 10.
343 3750 373 3789 π.
397 3750 434 3807 γε
454 3752 487 3805 μ.
510 3722 622 3787 σαυτὸν
643 3720 778 3802 ἤσκησας
799 3723 924 3803 φεύγειν
945 3718 1062 3799 σέβειν.
1085 3714 1197 3781 σαυτόν
1217 3715 1267 3781 bis

170 3826 368 3904 sumendum,
383 3828 516 3907 ἤσκησαι
535 3825 648 3890 σαοτδν
665 3823 772 3903 σέβειν
786 3824 908 3900 σαυτόν,
924 3836 960 3885 ut
975 3844 1004 3885 v.
1020 3844 1067 3907 aq.
1084 3817 1104 3899 ἤ
1121 3819 1189 3887 τοὺς
1206 3844 1265 3883 τεκ.

170 3929 241 3992 όσια
256 3933 329 4011 δρᾷν
342 3929 477 4009 ἤσκησας
491 3955 521 3991 σ.
537 3931 648 3994 δίκαιος
662 3925 704 3991 δν
718 3927 789 3988 ὅσια
803 3927 876 4008 δρᾷν
891 3924 1005 3991 αὐτούς.
1026 3922 1216 3988 ΜΑΤΤΗ.

218 4030 308 4112 1089.
324 4029 497 4114 ὑπέρχεται]
515 4030 672 4113 ἐπέρχεται
686 4030 761 4091 Par.
776 4028 821 4089 A.
837 4026 863 4088 F
866 4025 922 4090 lor.
937 4046 986 4090 10.

217 4151 309 4218 1090.
325 4135 434 4213 ἄραρεν
448 4134 521 4196 Par.
538 4134 584 4196 A.
601 4131 686 4196 Flor.
703 4149 817 4215 10.15.
834 4133 879 4195 Η.
924 4126 1028 4215 Vulgo
1042 4128 1162 4208 ἄρηρεν.

218 4254 309 4319 1092.
326 4237 395 4316 κόρη
411 4233 509 4298 Paris.
525 4236 569 4297 A.
586 4236 658 4315 κόρα
673 4232 777 4320 vulgo.

217 4358 309 4423 1093·
326 4335 531 4423 φευξόμεσθα]
547 4337 754 4418 φενξούμεσθα
769 4337 841 4400 Par.
856 4337 900 4399 A.
917 4333 1004 4398 Flor.
1019 4334 1062 4395 A.
1079 4350 1126 4416 15.
1143 4333 1267 4414 φευξού-

170 4446 248 4531 μεθα
262 4440 349 4505 Flor.
363 4460 411 4504 10.
426 4441 471 4505 H.

703 4561 758 4621 ιι
