2864 4914
195 268 261 341 'alo
554 275 932 343 ANNOTATIONES

239 450 313 533 691.
338 452 452 534 χαίρεις
476 451 554 532 ὁρῶν
575 454 648 531 dds,
673 448 788 531 πατέρα
814 446 839 512 δ’
864 449 900 514 σθ
920 450 1038 533 χαίρειν
1061 451 1157 515 δοκεῖς
1165 445 1193 534 3]
1217 447 1295 512 Hoc

197 573 288 616 versu
310 551 409 616 utitur
430 550 595 638 Aristoph.
619 550 751 616 Thesm.
772 571 844 638 194.
868 566 901 616 et
920 550 1062 617 imitatur
1087 549 1174 616 Nuba
1197 565 1295 636 1415.

196 653 322 720 κλάουσι
333 659 444 734 παῖδες,
459 654 573 737 πατέρα
588 653 613 718 δ’
628 655 663 719 οὒ
679 654 783 720 κλάειν
797 659 911 729 δοκεΐς;

238 757 313 842 699.
328 756 467 843 έφεῦρες]
485 756 690 823 Scribendum
706 759 842 841 ἑφηθρες.

238 873 311 942 700.
333 860 447 928 πείσεις
468 862 515 926 ἀεὶ
536 862 629 925 A.H.
645 860 731 926 Flor.
746 862 792 926 A.
811 881 860 926 10.
879 875 927 946 15.
959 859 1065 948 Vulgo
1084 860 1221 926 πείσειας
1241 858 1293 923 άν.

195 959 286 1026 Valet
309 961 364 1044 τὴν
391 969 548 1046 παροῦσαν
573 965 620 1030 tet
647 970 782 1048 γυναῖκα,
811 984 942 1028 uxorem
970 984 1040 1050 quae
1065 984 1128 1050 pro
1155 970 1294 1049 tempore

178 1065 303 1150 fierit.
349 1065 413 1130 Hic
436 1089 511 1131 usus
532 1066 616 1130 vocis
637 1067 684 1131 ἀεὶ
705 1065 851 1131 omnibus
872 1064 946 1130 satis
966 1079 1059 1130 notus
1074 1078 1132 1144 est,
1146 1064 1205 1129 etsi
1226 1063 1291 1128 fre-

192 1167 341 1254 quentius
368 1168 450 1234 inter
477 1169 644 1234 articulum
667 1184 699 1235 et
726 1168 926 1258 participium
952 1166 1171 1256 interponitur,
1195 1164 1292 1230 utin

193 1270 275 1335 Hec.
292 1289 386 1355 1172.
409 1275 425 1337 ά
440 1274 466 1337 δ’
481 1275 528 1338 ἀεὶ
542 1275 692 1357 ξυντυχῶυ
707 1275 873 1338 ἐπίσταται.
910 1270 1032 1336 Herod.
1048 1270 1078 1334 6.
1090 1270 1145 1355 58.
1159 1267 1292 1352 φάμενοι

193 1373 247 1437 τὸν
270 1376 399 1440 ὕστατον
424 1376 481 1440 olel
511 1377 734 1458 ἀπογενόμενον
757 1373 929 1456 βασιλήων,
952 1377 1057 1438 τοῦτον
1085 1372 1121 1452 δὴ
1144 1370 1290 1455 γενέσθαι

192 1474 326 1558 άρισταν.
357 1492 390 1543 et
412 1477 455 1543 sic
478 1477 613 1566 passim:
637 1477 698 1543 alio
721 1491 825 1543 tamen
850 1475 959 1541 ordine
981 1473 1156 1562 AEschylus
1180 1475 1289 1539 Prom.

192 1592 266 1665 973.
284 1579 393 1660 Σέβου,
409 1582 589 1664 προσεύχου,
606 1584 702 1645 θῶπτε
720 1579 774 1644 τὸν
788 1576 938 1662 κρατοῦντ’
954 1579 1010 1643 tet
1033 1576 1088 1641 ubi
1103 1576 1165 1641 vid.
1181 1576 1290 1641 Blom·

191 1680 276 1746 field.
312 1683 429 1747 Noster
451 1683 554 1747 Orest.
580 1682 653 1747 880.
665 1681 778 1762 Ἔλεξε
799 1680 833 1761 δ’,
856 1679 914 1746 ὑπὸ
934 1686 996 1748 τοῖς
1018 1678 1226 1761 δυναμένοισιν
1244 1678 1289 1744 ὢν

191 1785 249 1862 tet,
266 1787 432 1870 Διχθμυθα.
471 1785 588 1848 Electr.
607 1800 699 1868 1277.
724 1785 782 1848 Kal
797 1790 874 1849 τοῖσι
887 1789 1005 1852 λοιποῖς
1022 1785 1073 1848 ὅδε
1094 1784 1184 1862 νόμος
1203 1781 1290 1862 τεθή-

190 1910 286 1966 σεται,
301 1891 400 1970 Νικᾷν
413 1889 493 1954 ἴσαις
505 1884 640 1969 ψήφοισι
660 1886 714 1951 τὸν
729 1884 868 1969 φεύγοντ’
883 1887 939 1951 θεέ.
961 1884 983 1950 i.
997 1909 1025 1950 e.
1039 1905 1289 1972 unumqtaemque

189 1975 288 2055 τινπι.
325 1988 554 2075 Aristophanes
575 1989 667 2075 Vesp.
694 1990 786 2075 1318.
812 1989 880 2071 περὶ
908 1989 962 2053 τὸν
985 1989 1019 2053 εὖ
1042 1985 1197 2071 πράττοντ’
1227 1988 1288 2052 άεί.

190 2091 290 2156 Ηιιαα
304 2090 511 2157 Graecismum
533 2092 666 2180 sumpsit
682 2091 793 2156 Cicero
806 2090 838 2155 in
855 2091 942 2154 Verr.
957 2107 1053 2175 5.12.
1073 2111 1178 2154 omnes
1196 2090 1287 2154 Sicc-

187 2193 244 2259 lioe
264 2216 386 2284 semper
402 2203 569 2283 proetorcs,
591 2195 705 2261 citatus
725 2218 745 2258 a
764 2193 913 2259 Valcken.
931 2193 972 2258 ad
993 2192 1155 2259 Theocriti
1176 2191 1286 2257 Adon.

188 2319 221 2384 p.
235 2315 293 2384 197
308 2299 346 2362 C.
370 2297 521 2362 MONK.

233 2416 304 2485 701.
321 2402 481 2487 ὀνειδίζεις]
500 2402 652 2478 ὀνειδίζειν
667 2403 753 2467 Flor.
769 2405 811 2466 Α.
828 2422 877 2468 10.
897 2423 947 2488 15.

232 2503 305 2584 708.
318 2501 395 2586 λέγ’,
409 2505 447 2571 ὣς
459 2506 530 2584 ἐμοῦ
539 2501 698 2591 λέξαντος]
713 2504 894 2582 Scholiasta,
905 2506 944 2573 ὥς
956 2507 1027 2585 ἐμοῦ
1039 2510 1132 2572 κακῶς
1145 2504 1287 2587 ἐλέγξαν-

188 2631 238 2673 τος
257 2603 292 2669 δι’
309 2607 351 2670 ὢν
364 2607 417 2670 οὐκ
435 2606 588 2686 ἠθέλησας
608 2609 682 2689 ὑπὲρ
703 2610 775 2689 ἐμοῦ
795 2609 966 2672 ἀποθανεῖν.
991 2606 1044 2670 ubi
1066 2606 1192 2693 legeris
1215 2609 1288 2688 ἐμοῦ

189 2713 282 2776 κακῶς
305 2734 343 2772 σε
368 2706 512 2787 λέξαντος
534 2708 569 2773 δι’
595 2711 637 2773 ὧν
660 2710 713 2773 οὐκ
734 2709 885 2790 ἠθέλησας
912 2711 985 2791 ὑπὲρ
1012 2711 1083 2790 έμοΰ
1113 2711 1285 2774 άποθανεῖν.

188 2809 282 2889 Quod
308 2809 339 2873 in
363 2809 446 2874 illius
468 2810 598 2874 modum
623 2811 700 2875 vitio
720 2833 783 2876 non
807 2810 997 2898 infrequenti
1021 2826 1206 2899 corruptum
1228 2826 1284 2877 est.

188 2914 336 2977 Ceterum
359 2911 478 2976 fallitur
499 2911 550 2976 ille
572 2936 670 2999 quum
689 2919 780 2982 κακῶς
801 2912 927 3001 supplet
941 2913 981 2978 ad
1003 2912 1157 2993 λέξαντος.
1203 2917 1285 2981 Haec

187 3014 268 3080 enim
291 3030 338 3079 est
358 3014 489 3079 Admeti
509 3015 678 3081 sententia:
706 3015 768 3080 Dic
789 3015 835 3081 uti
857 3039 916 3103 ego
933 3014 1010 3080 dixi.
1055 3019 1128 3081 Non
1148 3017 1285 3106 impedio

186 3117 278 3183 enim.
324 3116 419 3196 Quod
441 3117 466 3181 si
487 3118 598 3183 acerba
613 3119 669 3183 tibi
687 3118 816 3183 fuerunt
830 3143 903 3207 quae
924 3118 1000 3192 dixi,
1017 3118 1153 3185 debebas
1174 3120 1285 3186 melius

187 3245 308 3287 mecum
324 3243 436 3310 agere:
460 3221 503 3287 ita
517 3222 600 3286 enim
615 3246 776 3309 nunquam
793 3238 823 3287 te
836 3223 937 3287 verbis
947 3220 1104 3286 laederem.
1128 3224 1169 3287 L.
1184 3224 1285 3288 DIN-

185 3327 323 3392 DORF.

231 3443 305 3511 710.
329 3434 383 3493 σοῦ
403 3429 428 3493 δ’
443 3429 497 3516 ἂν]
522 3428 701 3495 Scholiastoe
715 3428 874 3493 annotatio
889 3430 937 3492 καὶ
953 3430 986 3492 έν
1001 3434 1172 3518 συναλοιφῇ
1187 3435 1244 3494 σοῦ
1258 3428 1282 3494 δ’

186 3528 224 3592 ἂν
245 3530 285 3594 ad
309 3536 364 3595 σοῦ
380 3531 435 3596 τάν
457 3546 593 3618 spectat:
616 3531 648 3595 id
672 3531 770 3618 quod,
786 3530 811 3595 si
828 3530 930 3594 verior
948 3546 996 3595 est
1012 3531 1108 3596 altera
1130 3532 1284 3620 scriptura

187 3632 234 3696 καὶ
246 3633 280 3696 οὐ
295 3637 475 3715 συναλοιφῇ,
490 3633 668 3721 repudiavit
681 3632 742 3698 ille.
763 3634 803 3697 L.
820 3633 1048 3698 DINDORF.

229 3751 302 3818 713.
318 3737 424 3813 μείζον’
439 3735 477 3799 ἂν
494 3733 566 3822 ζῴης
579 3735 705 3823 χρόνον]
723 3738 786 3799 Pcr
803 3757 850 3799 mc
870 3737 941 3800 licet
956 3738 1128 3803 vellentem
1150 3738 1283 3803 vivendo

184 3857 322 3923 superea.
369 3839 420 3902 lta
443 3838 611 3925 Sophocles
633 3841 685 3904 El.
705 3857 796 3925 1457.
819 3839 859 3903 ab
875 3841 1060 3905 Hermanno
1074 3856 1283 3928 comparatus,

184 3941 299 4023 χαίροις
313 3940 361 4014 ἂν,
378 3943 406 4005 εἴ
419 3966 467 4005 σοι
480 3946 577 4025 χαρτὰ
591 3943 732 4027 τυγχάνει
745 3943 827 4007 τάδε.
922 3939 936 3953 “

229 4057 302 4126 717.
318 4049 425 4122 σημεῖα
440 4048 491 4123 τῆς
512 4049 576 4123 σῆς,
591 4043 613 4107 ὦ
629 4044 751 4118 κάκιστ’,
767 4047 916 4134 θψνχίας]
934 4046 1042 4126 σημεῖά
1057 4045 1096 4128 γ’,
1112 4048 1134 4110 ὦ
1151 4047 1280 4124 κάκιστε,

184 4145 264 4210 ταῦτ’
278 4147 411 4229 άψυχίας
425 4144 502 4210 Ald.

227 4249 299 4330 718.
315 4247 342 4330 γ’
357 4269 417 4311 om.
435 4246 519 4311 Flor.
537 4269 566 4314 2.

229 4368 301 4432 722.
323 4355 376 4413 τοῦ
391 4348 475 4436 θεοῦ]
492 4350 559 4416 θεὸς
574 4373 631 4435 pro
645 4351 708 4415 σοῖν
723 4374 937 4439 saepenumero
952 4353 1078 4431 dicitur,
1094 4354 1280 4442 plerumque
