2864 4914
158 284 201 354 96
518 281 899 349 ANNOTATIONES

202 459 254 535 τῆς
268 456 338 534 ἐμῆς
351 468 424 518 ante
439 454 584 535 θυγατρὸς
597 453 748 518 collocant
762 452 882 517 codices
895 450 997 516 multi.

203 577 279 641 500.
296 556 387 642 χρῆν]
404 555 428 620 δ’
444 555 567 620 addunt
582 558 627 619 H.
642 555 759 642 aliique
772 554 865 641 pauci
880 575 950 618 cum
967 551 1045 617 Ald.

200 675 274 742 502.
298 658 336 721 ἂν
352 656 439 736 ἔλαβ’
456 659 523 721 ἀντὶ
542 656 699 721 Mattbiae.
736 657 850 735 ἐλαβεν
870 655 909 718 ἂν
928 655 994 718 ὀντὶ
1017 668 1079 718 tres
1100 652 1193 718 codd.
1214 675 1261 717 re·
1365 666 1369 676 ’

159 773 275 837 centes,
290 781 425 845 quorum
447 759 480 821 in
504 780 566 821 uno
580 758 771 844 adscriptum
794 755 836 842 gl.
853 757 919 820 ἀντὶ
940 760 993 820 τοῦ
1014 759 1121 837 φόνου.
1165 754 1262 819 Alius

161 859 276 939 ἐλαβεν
295 860 334 923 ἂν
355 861 422 924 duri
443 863 494 940 τῆς
516 865 677 942 συμφορᾶς.
724 860 765 922 In
788 858 874 922 Flor.
898 880 963 921 uno
984 858 1087 921 fuerat
1107 858 1184 930 ἀντὶ,
1205 856 1259 921 sed

158 976 313 1025 corrector
325 962 363 1025 ἂν
374 965 425 1041 τῆς
436 960 551 1048 posuit.
575 963 721 1047 Apparet
735 959 931 1023 librariorum
948 958 1004 1022 bas
1021 981 1086 1022 esse
1100 959 1260 1045 conjectu-

159 1083 210 1125 ras
224 1060 386 1124 lectionem
402 1063 562 1148 antiquam
585 1063 700 1142 ἔλαβεν
713 1061 752 1125 ἂν
765 1065 828 1141 τῆς,
845 1082 939 1146 quam
963 1074 1125 1123 servarunt
1139 1059 1262 1123 codices

159 1161 253 1225 ceteri
275 1176 307 1224 et
327 1161 418 1239 Ald.,
441 1162 707 1249 interpolantium.
752 1163 802 1225 Ea
823 1160 855 1224 in
878 1161 982 1225 locum
1004 1183 1096 1224 suum
1117 1161 1262 1224 restituta

160 1260 211 1326 hic
226 1277 273 1327 est
288 1265 384 1327 totius
405 1262 464 1328 loci
488 1286 606 1340 sensus,
626 1262 764 1350 potuisse
778 1263 932 1341 Orestem,
949 1262 973 1326 si
989 1276 1119 1326 matrem
1134 1285 1151 1325 e
1165 1261 1262 1325 domo

160 1363 271 1450 ejicere
294 1364 367 1428 satis
388 1363 558 1442 habuisset,
573 1364 632 1427 hoc
646 1363 793 1449 consequi
809 1377 846 1427 ut
859 1362 912 1427 illa
926 1385 1052 1450 poenarn
1066 1361 1260 1438 calamitatis,

162 1465 228 1552 ipse
242 1465 402 1530 modestiae
417 1480 448 1531 et
463 1465 641 1552 prudentiae
654 1465 778 1530 laudem
795 1479 975 1553 reportaret.

204 1569 278 1651 506.
300 1566 398 1648 μητέρ’
425 1568 546 1649 ἐγένετο
569 1569 737 1632 Porsonus.
784 1567 966 1652 Legebatur
988 1567 1108 1650 ἐγένετο
1129 1567 1260 1647 μητέραε

161 1668 247 1732 unde
261 1668 292 1731 in
307 1681 458 1754 quattuor
472 1668 632 1733 codicibus
645 1668 867 1755 interpolatum
881 1668 985 1750 γένετο
998 1669 1119 1751 μητέρα.

203 1791 281 1856 511.
296 1773 360 1856 ποῖ]
378 1776 419 1851 πῆ
434 1787 585 1857 quattuor
599 1771 729 1836 codices.

204 1893 280 1958 513.
297 1874 340 1958 ἐς]
359 1874 459 1937 Recte
474 1876 515 1940 εἰς
529 1871 606 1936 Ald.

203 1994 280 2058 514.
296 1975 391 2059 κυρεῖ]
410 1981 494 2057 rupo?
504 1989 655 2062 quattuor
669 1975 789 2041 codices
803 1999 865 2041 non
882 1975 972 2040 male.

203 2090 281 2160 515.
304 2079 407 2142 ὁσιοῦν
423 2076 571 2162 Kingius.
611 2078 701 2141 Libri
716 2080 834 2143 ὦσίονν.
851 2078 937 2165 quod
955 2077 1071 2143 librarii
1088 2093 1262 2164 posuerunt

161 2199 224 2242 non
239 2176 446 2264 intelligentes
459 2178 500 2242 ad
515 2181 620 2243 ὁσιοῦν
634 2201 673 2243 ex
689 2178 885 2267 praecedente
896 2183 965 2267 είον
979 2180 1181 2266 repetendum
1194 2203 1262 2245 esse

163 2279 312 2344 ἐκέλευον.

204 2382 279 2469 516.
296 2382 344 2445 ἀεὶ
357 2396 419 2446 tres
432 2383 563 2449 codices.
601 2384 705 2449 Ceteri
721 2397 752 2449 et
766 2383 845 2448 Ald.
861 2386 928 2448 olel.

205 2482 309 2564 ἔμελλ’
334 2485 488 2564 ἐνέξεσθαι
510 2485 673 2550 scholiasta
694 2500 726 2549 et
749 2485 869 2571 aliquot
887 2484 979 2549 codd.
1017 2485 1166 2571 Plerique
1187 2509 1261 2550 cum

162 2586 241 2649 Ald.
258 2587 386 2666 ἔμελλεν
401 2588 530 2666 ἕξεσθαι.
886 2631 889 2637 -

206 2689 303 2772 φόνῳ]
322 2691 418 2769 φόνου
432 2711 485 2752 sex
502 2704 659 2775 septemve
672 2689 804 2766 codices,
820 2689 900 2752 inter
914 2710 994 2773 quos
1006 2689 1044 2750 Β.
1069 2688 1162 2765 Quod
1175 2691 1263 2754 Mat-

163 2788 238 2851 tbiae
259 2787 384 2852 defendi
408 2812 497 2876 posse
518 2790 707 2877 opinabatur
729 2790 879 2877 exemplis
900 2789 1043 2876 adjectivi
1066 2790 1173 2873 ἔνοχος
1189 2813 1261 2854 cum

162 2889 300 2975 genitivo
314 2892 494 2955 constructi.

204 3006 280 3075 517.
296 2994 414 3076 χεροῖν]
431 2994 519 3075 χερός
534 2996 579 3057 Η.
595 3010 627 3058 et
642 2994 707 3057 duo
722 2993 785 3056 alii.

204 3109 279 3177 520.
297 3118 330 3157 τε
344 3094 382 3157 Β.
398 3108 430 3157 et
444 3109 595 3179 quattuor
608 3094 672 3158 alii.
695 3098 728 3159 δέ
743 3094 821 3158 Ald.

204 3210 280 3280 511.
297 3197 329 3262 ἐς
343 3208 502 3260 enotatum
519 3219 557 3260 ex
573 3219 684 3260 novem
701 3196 871 3260 codicibus.
896 3200 939 3264 εἰς
952 3196 1031 3260 Ald.

205 3316 281 3380 517.
299 3298 449 3377 ἐξέβαλλε
463 3298 583 3362 codices
598 3298 749 3386 plerique,
765 3298 846 3361 inter
860 3320 941 3383 quos
956 3300 995 3362 B.
1020 3298 1086 3362 Alii
1098 3321 1169 3362 cum
1183 3299 1262 3364 Ald.

163 3398 292 3477 ἐξέβαλε
306 3398 367 3462 τόν.

204 3513 280 3582 531.
305 3501 356 3583 γε]
383 3501 499 3564 Parum
522 3517 596 3586 apta
616 3502 688 3566 huic
713 3500 782 3566 loco
800 3501 962 3588 particula.
1003 3501 1208 3567 Scribendum
1230 3530 1264 3568 τε

160 3623 233 3664 cum
251 3603 399 3665 Porsono.

203 3719 280 3787 535.
304 3702 424 3777 ἐναντί’,
443 3705 575 3786 ὠφελεῖν
596 3706 713 3788 τοῦτον]
738 3708 869 3782 ἐναντία,
885 3711 990 3770 τοῦτον
1012 3707 1144 3789 ὠφελεῖν
1166 3711 1213 3772 Η.
1231 3725 1262 3774 et

161 3805 227 3869 duo
241 3804 303 3868 alii.
328 3804 450 3882 ἐναντί’,
466 3807 598 3887 ὠφελεῖν
613 3806 703 3869 αὐτὸν
717 3806 823 3870 decem
842 3806 973 3871 codices.
1012 3807 1147 3895 Vulgata
1163 3811 1261 3897 scrip-

162 3922 234 3970 tura
250 3906 349 3971 utitur
363 3905 457 3970 schol.
475 3906 583 3992 Apoll.
601 3907 666 3970 Rb.
684 3929 715 3984 2,
733 3924 804 3992 253.

206 4010 279 4092 536.
294 4023 368 4092 537.
394 4009 595 4095 ἐα-χθονός]
621 4011 855 4072 Removeantur
870 4009 940 4073 unci
958 4034 1037 4096 quos
1058 4011 1107 4075 bis
1121 4013 1263 4078 versibus

163 4123 309 4196 tanquam
326 4133 343 4172 e
364 4109 432 4173 loco
447 4108 590 4172 inferiore
605 4112 679 4193 625.
696 4111 834 4196 repetitis
856 4111 977 4176 addidit
1001 4115 1189 4191 Bruncltius,
1206 4118 1260 4203 qui

162 4234 224 4276 non
240 4211 457 4275 animadvertit
472 4211 580 4297 respici
596 4211 635 4274 ad
651 4213 718 4275 haec
734 4213 828 4277 verba
844 4213 884 4277 ab
899 4216 1010 4278 Oreste
1027 4240 1055 4279 v.
1070 4221 1147 4301 564.

204 4332 280 4398 542.
297 4313 458 4397 edru'xqoev
473 4313 519 4376 H.
535 4311 650 4398 aliique
665 4313 766 4379 multi.
798 4315 1024 4382 Revocandum
1040 4321 1207 4403 ψ’ττιίχησεν
1222 4347 1261 4386 ex

163 4415 240 4480 Ald.
