2864 4914
164 267 228 333 170
525 266 904 330 ANNOTATIONES

211 437 302 522 1316.
319 439 463 518 δύστηνος
476 437 606 502 codices.
643 440 790 516 δύστηνον
804 436 881 502 Ald.

210 559 302 624 1317.
318 538 394 618 μέτα
412 539 417 626 Ι
436 539 533 621 γέρων
547 540 684 622 ἀδελφὴν
697 547 806 622 γραῖαν
818 538 990 626 Ἰοκάστην]
1006 538 1220 618 μεταστέλλων
1238 534 1244 623 Ι

164 643 301 725 ἀδελφὴν
313 642 470 723 Ἰοκάστην
485 642 563 706 Ald.
602 646 785 708 Correctum
801 666 840 706 ex
855 641 946 706 codd.
962 640 1115 726 pluribus.

210 766 301 831 1319.
317 748 426 833 λούσῃ]
446 748 561 833 κλαύσῃ
575 745 667 809 codd.
681 744 813 832 aliquot.
851 744 945 809 Conf.
958 745 1040 808 Hec.
1058 744 1133 826 613.

206 850 361 934 πρόθηται]
390 847 594 913 Scribendunt
617 853 769 930 προθῆπαι,
793 861 829 912 111
850 853 1002 928 προθῶμοι
1023 844 1056 909 in
1080 867 1171 909 versu
1195 845 1263 907 He-

163 950 262 1014 cubae.

210 1071 300 1137 1321.
317 1055 382 1118 Pro
397 1055 536 1135 εὐσεβεῖν
550 1052 656 1141 scripsi
671 1076 742 1117 cum
762 1050 973 1118 Valckenaerio
987 1052 1020 1116 εδ
1034 1050 1152 1131 σέβειν.
1197 1051 1263 1113 Res

162 1153 290 1240 quidem
305 1156 345 1220 ad
368 1155 523 1243 liquidum
541 1156 670 1243 perduci
693 1178 755 1219 11011
777 1168 897 1242 potest;
923 1154 1070 1218 videntur
1082 1170 1186 1219 tamen
1201 1169 1263 1219 tra·

161 1256 224 1342 gici
239 1257 353 1322 dixisse
369 1261 401 1323 εδ
416 1260 522 1340 σέβειν
538 1260 631 1333 θεοὺς.
648 1274 679 1323 et
694 1261 833 1339 εὐσεβεῖν
848 1261 889 1326 εἰς
904 1261 998 1324 θεούς.
1022 1258 1127 1322 POR.

209 1379 299 1445 1322.
318 1361 429 1447 Κρέον]
449 1364 552 1444 Κρέων
565 1363 633 1427 cod.
652 1362 743 1426 Leid.

208 1466 299 1549 1326.
317 1466 363 1553 ές]
382 1466 479 1529 Recte
495 1470 537 1533 είς
552 1465 629 1530 Ald.

204 1573 373 1646 βασιλικῶν
389 1569 486 1648 δόμων
500 1571 583 1649 ύπερ,
598 1569 642 1631 ad
661 1568 722 1631 sict
736 1568 945 1631 vindicandos
965 1569 1076 1655 regine
1089 1565 1183 1643 cedet,
1197 1563 1217 1626 i.
1232 1587 1259 1628 e.

162 1672 342 1757 imperium.
387 1669 450 1733 Hic
465 1692 573 1733 sensus
586 1685 632 1733 est
646 1670 875 1757 praepositionis
895 1669 980 1751 ὑπέρ,
998 1686 1034 1735 111
1053 1670 1084 1732 in
1106 1667 1166 1732 illis
1187 1668 1261 1748 ὑπὲρ

163 1776 214 1851 τῆς
234 1773 372 1853 πατρίδος
392 1772 551 1855 μάχεσθαι,
572 1772 615 1835 od
635 1773 824 1836 servandam
844 1795 869 1835 1.
891 1773 1088 1836 liberandam
1104 1772 1261 1858 putrium,

163 1877 245 1939 θύειν
258 1877 332 1956 ὑπὲρ
347 1878 397 1953 τῆς
410 1875 539 1952 πόλεως,
554 1884 591 1938 ut
604 1877 728 1939 ciuitati
742 1875 817 1938 leue
830 1877 884 1939 cit.
916 1875 1036 1938 Herod.
1053 1890 1084 1957 7,
1101 1887 1172 1956 225.
1187 1872 1261 1953 ὑπὲρ

162 1982 215 2040 τοῦ
238 1982 342 2059 νεκροῦ
363 1982 415 2041 τοῦ
429 1981 582 2042 Λεωνίδεω
598 1978 743 2061 Περσέων
760 2004 793 2043 τε
816 1981 864 2043 καὶ
878 1979 1118 2057 Λακεδαιμονίων
1133 1976 1263 2056 ὠθισμὸς

163 2077 283 2160 ἐγένετο
298 2082 423 2159 πολλάς,
439 2088 475 2143 nl
489 2080 532 2143 od
549 2101 582 2143 ce
596 2082 710 2167 qniqne
723 2103 837 2168 conpita
852 2082 1020 2145 traherent.
1066 2082 1188 2143 Praeter
1210 2100 1263 2140 ue-

161 2181 333 2245 cessitatem
350 2181 457 2246 Valck.
473 2182 597 2270 conjicit
617 2190 693 2263 βασ.
711 2189 738 2248 δ.
753 2184 828 2265 πέρι.
863 2180 1002 2246 Bruuck.
1017 2198 1121 2246 autem
1145 2180 1185 2246 ad
1209 2181 1262 2245 de-

162 2283 352 2348 fendendum
377 2284 450 2367 ὑπέρ
473 2308 534 2349 11011
553 2285 687 2350 debebat
702 2286 796 2351 citare
819 2284 939 2350 Markl.
956 2299 1060 2347 notam
1083 2283 1124 2347 ad
1148 2284 1261 2370 Suppl.

166 2403 259 2472 1125.
285 2387 317 2450 in
343 2411 407 2473 qua
436 2387 632 2476 explicantur
654 2389 773 2471 δλγέων
797 2391 880 2470 ύπερ,
903 2410 975 2476 ρτιο
997 2389 1112 2465 donn,
1138 2403 1170 2453 et
1193 2387 1261 2451 sim.

164 2491 353 2554 MATTH.

209 2609 300 2678 1327.
316 2592 489 2676 ἀγαπάζων]
512 2594 673 2674 άγαπάζειν
692 2615 754 2656 11011
777 2593 808 2656 in
827 2615 887 2656 usu
905 2615 971 2656 esse
993 2591 1117 2679 tragicis
1139 2593 1262 2658 monuit

163 2693 271 2759 Valck.
288 2710 317 2758 et
333 2695 383 2759 hic
396 2695 482 2759 aliud
497 2695 569 2760 olim
583 2696 711 2760 verbum
728 2695 841 2759 lectum
858 2694 954 2759 fuisse
975 2694 1160 2781 suspicatur.
1200 2698 1262 2761 00-

162 2797 259 2861 currit
275 2813 377 2861 tamen
395 2797 507 2884 Suppl.
525 2800 597 2881 766.
613 2797 655 2862 ὅτ’
670 2798 772 2880 ἠγάπα
787 2800 912 2881 νεκρούς.
940 2798 1130 2862 ΜΑΤΤΗ.

208 2901 301 2986 1328.
317 2899 379 2964 τάδ’
393 2900 524 2964 codices.
558 2900 616 2964 τόδ’
632 2899 709 2964 Ald.

210 3021 301 3087 1333.
330 3005 485 3085 πρόσοψιν
515 3004 619 3088 Mosq.
651 3024 732 3065 unus
761 3017 792 3066 et
819 3003 947 3067 Barocc.
972 3025 1062 3067 unus.
1099 3005 1262 3084 πρόσωπον

162 3104 242 3167 Ald.

209 3227 302 3294 1334.
315 3213 375 3272 πᾶν
389 3207 518 3272 codices.
554 3208 623 3286 ἡμῖν
638 3207 714 3272 Ald.

209 3330 300 3397 1335.
316 3313 398 3377 τίνας
412 3312 535 3395 λόγους]
552 3312 618 3375 τίνα
632 3312 726 3392 λόγον
743 3312 788 3374 Η.
805 3326 836 3375 et
851 3309 927 3373 Aid.

209 3432 301 3498 1337.
318 3413 414 3497 φέρω]
433 3413 569 3477 Nunci0.

208 3534 299 3600 1339.
317 3513 429 3600 Κρέον]
448 3514 550 3596 Κρέων
567 3514 610 3576 Η.

207 3637 299 3701 1340.
319 3635 410 3700 1341.
437 3616 580 3680 Creontis
598 3616 694 3680 verba
712 3617 808 3680 choro
828 3617 973 3682 tribuunt
996 3618 1033 3681 Β.
1059 3634 1090 3683 et
1112 3618 1176 3682 duo
1195 3618 1257 3684 ulii.

163 3722 202 3784 In
227 3719 317 3783 Leid.
333 3718 430 3782 altero
445 3719 671 3804 interjectiones
686 3719 720 3782 αἴ
737 3720 771 3782 αἴ
789 3720 895 3796 choro,
919 3719 1039 3806 reliqua
1055 3721 1180 3783 Creonti
1203 3720 1260 3784 tri·

160 3823 314 3888 buuntur.
364 3841 456 3906 1342.
476 3841 568 3906 1343.
585 3821 712 3886 Creonti
736 3822 879 3886 tribuunt
901 3824 939 3884 B.
955 3836 986 3886 et
1005 3840 1068 3886 tres
1089 3822 1151 3901 alii,
1165 3823 1260 3888 choro

163 3924 252 3989 Leid.
269 3924 399 4011 primns.

206 4046 299 4113 1342.
316 4024 515 4110 εἰσηκούσατ’]
537 4025 722 4090 είσακούσατ’
739 4026 815 4090 Ald.
831 4043 862 4091 et
876 4027 995 4113 aliquot
1010 4028 1101 4092 codd.

162 4165 165 4168 ⁴
206 4149 298 4215 1343.
317 4131 404 4191 Ante
415 4129 527 4190 παίδων
542 4127 680 4213 intellige
690 4130 767 4211 περὶ,
786 4147 820 4193 ut
837 4128 983 4213 Sophocl.
996 4131 1150 4216 Antigou.
1167 4130 1258 4192 1182.

159 4235 224 4314 ἤτοι
247 4235 379 4297 κλύουσα
394 4231 506 4304 παιδὸς,
522 4228 541 4309 1]
555 4234 629 4314 τύχη
651 4234 737 4316 περᾷ·
762 4232 847 4318 quod
870 4233 986 4298 frustra
1002 4232 1166 4297 sollicitant
1181 4255 1258 4296 uon-

160 4334 251 4399 nulli.
276 4336 378 4399 POR.

207 4459 299 4525 1344.
317 4435 498 4522 ἐτύγχανον]
516 4437 680 4518 ε’τύγχονεν
693 4437 813 4524 aliquot
827 4437 918 4502 codd.
