2864 4914
486 931 960 1036 PRAEFATIO.

615 1219 834 1268 ——o—

177 1400 249 1514 IN
272 1443 563 1514 annotationibus
586 1446 631 1514 ad
650 1443 861 1535 Euripidem
880 1443 974 1514 idem
993 1444 1083 1515 mihi
1100 1444 1172 1515 fuit
1195 1468 1278 1536 pro-

174 1557 330 1648 positum
348 1559 444 1650 quod
462 1558 499 1628 in
517 1559 781 1630 commentariis
803 1559 843 1629 in
860 1559 1139 1651 Aristophanem
1162 1583 1277 1652 nuper
1334 1586 1337 1594 ·

172 1674 289 1756 editis,
307 1685 348 1744 ut
365 1699 409 1744 ex
429 1674 568 1769 ingenti
590 1699 673 1767 quae
700 1675 935 1766 plurimorum
961 1676 1091 1746 studiis
1116 1675 1154 1746 in
1179 1676 1277 1748 hunc

173 1799 314 1879 poetam
332 1791 470 1861 collatis
491 1791 678 1881 paullatim
702 1791 855 1861 accrevit
874 1791 1146 1861 annotationum
1173 1791 1276 1882 copia

171 1905 363 1999 deligerem
381 1930 465 1998 quae
481 1905 672 1976 lectoribus
689 1909 810 1997 paullo
827 1904 1135 1976 exercitatioribus
1152 1907 1276 1997 profu-

172 2029 255 2089 tura
272 2021 489 2106 viderentur,
506 2022 595 2093 meis
612 2022 676 2093 ubi
693 2045 782 2113 opus
805 2032 898 2092 esset
920 2020 1172 2092 additamentis
1197 2046 1273 2093 cor·

169 2135 431 2207 rectionibusve
455 2147 574 2207 aucta.v
628 2136 672 2206 In
693 2159 766 2228 quo
787 2135 930 2231 negotio
947 2137 999 2206 ita
1015 2159 1093 2206 sum
1113 2147 1273 2208 versatus

170 2260 213 2319 ut
240 2273 312 2320 non
336 2255 450 2322 solum
474 2252 565 2323 falsa
587 2261 624 2322 et
643 2251 787 2322 inutilia
810 2274 1002 2323 resecarem
1020 2252 1273 2345 verbosiusque

169 2388 280 2456 quam
297 2368 484 2457 oportebat
500 2368 595 2438 dicta
607 2368 647 2437 in
660 2367 801 2437 brevius
814 2368 1072 2450 contraherem,
1083 2370 1144 2438 sed
1162 2369 1272 2440 etiam

169 2479 216 2551 iis
233 2483 410 2564 omnibus,
427 2506 510 2574 quae
522 2483 616 2553 hona
629 2482 772 2574 quidem
789 2490 826 2553 et
842 2483 958 2566 utilia,
971 2484 1032 2552 sed
1050 2506 1071 2552 a
1088 2483 1272 2574 proposito

168 2597 286 2667 aliena
311 2621 382 2668 uon
408 2621 491 2668 raro
514 2599 719 2668 attulissent
734 2598 958 2689 interpretes,
975 2601 1090 2694 legem
1107 2598 1271 2670 Atticam

167 2712 387 2795 adhiberem,
403 2736 486 2804 quae
506 2715 701 2804 prudenter
720 2724 820 2785 cavet
840 2737 885 2784 ne
910 2716 991 2805 quis
1017 2710 1071 2796 ἔξω
1095 2721 1148 2784 τοῦ
1172 2716 1271 2810 πράγ-

167 2857 266 2918 ματος
283 2829 390 2898 verba
405 2830 547 2900 faceret.
599 2829 694 2898 Nam
712 2829 881 2899 diffusum
906 2830 994 2899 illud
1020 2829 1198 2921 nullisque
1221 2833 1271 2901 le·

166 2944 273 3039 gibus
290 2946 500 3016 adstrictum
525 2969 638 3039 genus
663 2945 851 3029 scribendi,
867 2945 1031 3037 quamvis
1056 2945 1270 3017 clarissimo·

167 3083 249 3130 rum
276 3060 361 3131 olim
388 3062 546 3131 virorum
577 3061 748 3152 exemplis
778 3063 1077 3145 commendatum,
1104 3084 1200 3131 nunc
1229 3061 1268 3132 iu

166 3176 243 3246 dies
268 3177 384 3272 magis
409 3178 569 3247 omnium
590 3177 664 3247 fere
688 3199 861 3246 consensu
882 3175 1076 3267 improbari
1095 3177 1267 3262 videmus,

166 3301 302 3383 estque,
319 3291 351 3362 si
368 3316 491 3362 verum
509 3295 672 3362 volumus
692 3292 809 3374 fateri,
826 3314 924 3362 sanae
947 3291 1077 3361 rationi
1103 3315 1175 3362 non
1200 3292 1267 3362 mi-

166 3430 235 3477 nus
260 3408 479 3479 contrarium
505 3431 613 3499 quam
639 3408 670 3478 si
695 3407 776 3499 quis
799 3408 1025 3502 geographus
1050 3408 1094 3476 de
1117 3406 1267 3498 Europa

165 3524 347 3615 explicans
364 3524 499 3616 aliquid
514 3526 557 3594 de
569 3522 697 3594 Africa
712 3523 816 3614 quasi
833 3522 1042 3613 praeteriens
1059 3523 1264 3594 admisceat.

217 3640 272 3710 De
288 3640 468 3712 codicibus
485 3638 737 3730 manuscriptis
759 3637 929 3730 quoniam
955 3636 993 3707 in
1019 3637 1135 3708 indice
1158 3638 1267 3709 libro·

164 3778 247 3826 rum
272 3755 368 3826 iufra
392 3757 508 3848 posito
533 3757 682 3840 dicetur,
704 3754 763 3825 hic
788 3754 875 3824 satis
900 3753 969 3823 erit
994 3753 1033 3822 in
1058 3753 1265 3824 universum

162 3871 345 3945 monuisse
361 3874 452 3944 duas
474 3896 549 3943 esse
575 3871 734 3941 codicum
760 3871 899 3952 classeS,
916 3870 1064 3940 alteram
1086 3868 1265 3961 antiquio-

161 4009 253 4071 rem,
268 4010 351 4078 quae
368 3988 507 4059 fabulas
524 3997 658 4078 septem
679 3986 813 4078 primas
836 3984 1093 4076 complectitur,
1110 4008 1263 4077 quorum

160 4104 342 4196 principes
376 4115 462 4176 sunt
492 4104 677 4174 Parisinus
709 4121 819 4196 2712.
848 4111 896 4184 et,
926 4101 989 4192 qui
1023 4110 1158 4192 septem
1192 4101 1264 4172 illis

162 4219 325 4290 Troades
348 4219 579 4312 Rhesumque
600 4217 777 4312 adjunxit,
796 4215 994 4287 Vaticanus
1012 4239 1097 4311 909,
1115 4219 1263 4287 alteram
