2864 4914
498 305 566 369 AD
589 304 876 370 PHOENISSAS.
1177 307 1242 375 159

137 476 204 538 τινί.
249 475 317 537 Nec
331 473 434 538 obstat
450 474 529 538 alter
543 476 701 561 genitivus
712 475 829 559 Ἀρεος.
868 477 959 564 Saepe
974 476 1054 540 euim
1071 475 1136 540 duo
1150 477 1240 563 geui-

136 576 191 640 tivi
221 575 345 640 diversa
374 576 404 639 vi
435 577 488 640 uni
517 577 614 642 verbo
642 579 691 643 vei
720 580 915 644 substantivo
947 578 1119 645 adduntur.
1169 579 1239 643 Vid.

137 679 280 742 Gramm.
297 680 355 742 Gr.
374 680 402 761 ξ.
417 699 491 764 314.
509 680 656 745 Scbaefer.
673 682 712 746 ad
731 683 826 770 Soph.
843 683 900 770 Aj.
914 702 967 768 53.
984 682 1174 747 MATTH.

178 784 250 866 936.
263 780 341 864 Ἀρη
358 782 443 846 Flor.
459 783 533 847 duo.
581 784 899 867 Scribebatur'Apnv.

178 904 252 969 939.
268 886 350 969 ὑμῖν]
370 886 440 965 ἡμῖν
455 887 492 949 Β.
509 902 540 950 et
555 886 621 951 duo
634 886 697 951 alii.

178 1007 253 1071 940.
270 990 303 1051 ἐκ
319 987 436 1072 γένους]
457 991 600 1071 ἐγγόνους
617 990 704 1053 Flor.
719 990 794 1055 duo.

180 1110 253 1174 945.
281 1092 358 1153 Post
382 1090 467 1154 bunc
486 1114 608 1155 versum
630 1093 772 1178 sequitur
792 1092 823 1156 iu
845 1092 931 1156 libris
951 1095 995 1157 κεῖ
1014 1093 1056 1173 μὴ
1079 1095 1136 1174 γὸρ
1157 1094 1241 1172 εὐνῆς

134 1189 236 1273 ἥψατ’,
250 1190 319 1254 ἄλλ’
333 1191 397 1275 ἔχει
407 1191 507 1276 λέχος,
521 1217 613 1279 quent
627 1194 812 1280 ejiciendum
825 1218 890 1259 esse
902 1195 981 1260 vidit
992 1194 1224 1260 Valckenarius.

174 1292 344 1359 Ιἐλπτεσθαι
372 1294 476 1379 γάμων
505 1297 631 1382 quidem
664 1297 776 1361 Graece
806 1297 878 1377 dici,
902 1297 1005 1361 minus
1035 1311 1118 1362 recte
1147 1315 1240 1384 negat

137 1397 284 1462 Valckeu.
302 1396 417 1485 legitur
439 1398 521 1462 eninr
539 1397 776 1485 Hippol.1023.
824 1399 884 1464 Sed
908 1400 1001 1484 λέχος
1024 1401 1107 1483 ἔχειν
1128 1423 1167 1463 an
1190 1402 1241 1465 de-

134 1510 317 1587 sponsatum
343 1522 420 1576 ease,
444 1503 575 1587 nuptias
599 1502 723 1579 babere,
746 1504 804 1566 etsi
829 1503 968 1567 noudum
996 1513 1239 1582 consummatas,

135 1602 296 1690 significet,
320 1603 456 1667 dubitari
487 1618 601 1691 potest,
624 1603 768 1690 quamvis
798 1604 837 1668 ad
868 1628 897 1669 v.
926 1621 988 1690 759
1016 1628 1062 1691 sq.
1092 1622 1240 1693 provocet

137 1706 255 1771 Heatb.
275 1721 307 1770 et
328 1705 414 1792 quod
438 1706 582 1770 Eteocles
602 1707 782 1793 conjugium
803 1706 925 1771 dedisse
947 1707 1080 1783 dicatur,
1104 1708 1135 1773 id
1160 1711 1240 1773 11ae-

135 1830 258 1871 monem
274 1807 388 1871 babere
402 1807 464 1871 dici
479 1831 569 1895 posse
584 1811 764 1889 contendat,
779 1810 836 1873 etsi
859 1809 1080 1897 desponsatum
1105 1824 1239 1875 tantum.

137 1912 231 1974 Certe
253 1933 349 1997 supra
367 1930 442 1992 414.
465 1913 522 1974 τίνι
544 1914 642 1997 τρόπῳ
664 1912 689 1977 δ’
713 1914 804 1997 ἔσχες
826 1912 928 1998 λέχος,
952 1936 1013 1977 non
1037 1929 1083 1978 est
1104 1938 1240 2002 quonum

136 2014 224 2076 modo
237 2014 370 2077 Adrasti
380 2015 467 2099 filice
489 2015 694 2101 desponsatus
709 2019 768 2080 ea?
791 2017 844 2080 sed
865 2039 1000 2104 quonum
1019 2019 1107 2081 modo
1127 2021 1240 2082 mutri-

136 2117 275 2180 ruouium
286 2118 462 2202 junxisti?
484 2133 516 2182 et
535 2119 628 2199 ἄνδρα
642 2117 721 2182 δίσσ’
738 2120 820 2202 ἔχειν
835 2121 912 2204 λέχη
927 2120 1086 2184 Androm.
1103 2122 1177 2206 891.
1194 2138 1240 2187 est

134 2218 216 2281 duaa
230 2240 346 2282 uxores
356 2219 477 2283 iubere.
525 2221 639 2306 Itaque
653 2221 750 2307 hujus
765 2245 872 2287 versus
889 2246 949 2287 nou
965 2223 1045 2287 alius
1059 2221 1167 2288 sensus
1182 2237 1239 2301 est,

134 2343 229 2406 quam
260 2323 412 2395 Quamvis
437 2324 519 2386 euim
545 2325 730 2411 conjugium
755 2348 817 2389 uon
844 2328 1002 2413 attigerit,
1024 2327 1115 2390 habet
1136 2337 1239 2391 tumen

132 2426 326 2512 corajugium.
373 2426 444 2501 Quo
466 2424 543 2511 quid
568 2425 735 2490 absurdius
757 2427 819 2490 dici
842 2432 967 2514 potest?
1013 2428 1133 2506 Quodsi
1157 2430 1239 2512 ἔχειν

134 2527 228 2611 λε’χος
248 2542 351 2591 vertas
373 2528 592 2614 desponsatum
620 2549 695 2605 ease,
719 2544 912 2615 sequeretur,
939 2551 1000 2592 nou
1026 2546 1159 2608 tautum,
1183 2530 1238 2617 qui

136 2652 197 2694 non
214 2653 326 2718 expers
339 2630 476 2718 conjugii
492 2630 542 2708 sit,
559 2630 612 2693 sed
628 2629 733 2707 etiarn,
749 2630 803 2716 qui
825 2630 1030 2718 desponsatus
1051 2648 1170 2696 tantum
1188 2634 1238 2712 sit,

135 2731 238 2812 ἠΐθεον
257 2755 318 2797 non
339 2756 430 2820 posse
452 2733 574 2805 vocari;
602 2732 687 2819 quod
710 2748 819 2797 contra
840 2757 916 2813 esse,
936 2748 1111 2801 monstrant
1131 2737 1199 2800 loca
1221 2760 1240 2800 a

138 2835 244 2901 Valck.
261 2835 301 2900 ad
317 2836 349 2899 b.
360 2836 382 2901 l.
399 2851 431 2900 et
447 2835 618 2900 Ruhnken.
635 2836 675 2900 ad
692 2836 778 2899 Tim.
791 2859 823 2923 p.
839 2856 911 2922 132.
926 2836 1029 2902 allata.
1046 2841 1238 2905 MATTH.

181 2958 253 3025 950.
268 2941 429 3024 μέλαιναν]
446 2941 561 3021 μέλεαν
577 2939 649 3023 (sic)
667 2941 713 3003 H.
730 2953 762 3004 et
777 2942 867 3026 Aug.
884 2964 967 3005 unus
981 2963 1053 3005 cunr
1070 2940 1146 3006 Ald.

181 3060 253 3129 954.
269 3045 389 3129 χρῆται]
407 3049 515 3127 χρᾶται
530 3045 575 3107 H.
590 3055 621 3106 et
637 3042 714 3106 Ald.

181 3163 256 3233 955.
271 3149 343 3236 μὲν]
358 3150 414 3228 μὲν
428 3152 487 3231 γὰρ
502 3149 547 3211 Η.
564 3159 595 3211 et
610 3145 689 3210 Ald.

181 3251 254 3335 961.
269 3249 368 3329 ἧσσον
383 3248 571 3313 Bruuckius.
594 3248 682 3328 θγντον
696 3245 778 3310 libri.

179 3353 252 3435 969.
270 3352 399 3435 ἕτοιμος]
419 3355 477 3431 εἰμι
490 3350 613 3415 addunt
629 3351 673 3413 H.
690 3364 721 3413 et
736 3349 801 3413 duo
815 3348 867 3412 alii
882 3371 953 3412 cum
970 3349 1048 3414 Ald.

179 3472 252 3538 971.
271 3454 419 3542 Plerique
434 3453 555 3518 codices
568 3453 709 3534 μάντεως,
722 3451 775 3515 sed
792 3474 831 3514 ex
844 3449 961 3515 meliori
974 3451 1081 3516 Aldus
1094 3451 1239 3532 μάντεων,

134 3557 220 3644 quod
243 3581 281 3620 ex
308 3558 407 3621 Statio
423 3556 526 3620 Theb.
542 3575 591 3619 10.
609 3573 684 3638 717.
699 3553 862 3618 confirmat
875 3552 1126 3618 Valckenarius:
1164 3556 1240 3619 Nou

133 3681 183 3723 me
203 3661 262 3724 otu
284 3661 432 3738 monitus,
453 3681 507 3722 uec
527 3667 636 3722 vatum
650 3678 763 3720 exorsa
771 3657 950 3739 furentum
968 3658 1160 3736 Sollicitam,
1176 3682 1242 3722 ma·

132 3784 248 3850 aesque
277 3770 399 3827 naoveat
410 3789 424 3840 ,-
458 3762 519 3826 sibi
543 3760 678 3824 callidus
702 3762 766 3824 tata
793 3761 940 3823 Tiresias
965 3769 1112 3847 uniceque
1137 3771 1240 3827 canat.

177 3987 250 4055 972.
264 3969 486 4052 ἆπαλλαχθεὶς]
505 3967 692 4047 ἀπαλλαγεὶς
707 3966 749 4044 Β,
765 3965 792 4028 F
794 3964 852 4028 lor.
869 3962 934 4027 duo
948 3977 980 4028 et
995 3963 1073 4027 Ald.
1105 3972 1126 4003 “
1140 3968 1243 4053 Aspe-

132 4093 183 4136 ras
211 4085 243 4136 et
272 4070 418 4157 antiquas
443 4070 560 4133 formas
588 4067 775 4132 adamarunt
801 4066 922 4153 tragici,
949 4065 1083 4152 ideoque
1112 4068 1243 4132 aoristos

133 4173 251 4262 priores
265 4172 444 4261 praetulere.
490 4171 541 4235 Sic
559 4171 654 4235 babet
677 4169 826 4252 ἓθρέφθην
846 4183 950 4233 noster
966 4170 1045 4232 Hec.
1062 4185 1136 4254 355.
1172 4175 1241 4252 θρε-

133 4281 245 4357 φθῆναι
266 4299 306 4340 ex
328 4274 435 4339 eadem
459 4273 567 4338 fabula
590 4276 662 4338 600.
686 4288 717 4337 et
740 4273 879 4354 κρυφθεὶς
902 4296 941 4336 ex
967 4273 1068 4335 Orest.
1089 4292 1141 4354 42.
1168 4273 1243 4337 citat

134 4378 323 4444 Eustatbius
337 4400 370 4466 p.
381 4392 457 4463 519,
467 4396 522 4458 41.
534 4396 586 4457 44.
621 4380 772 4458 θαφθεῖσι,
789 4374 874 4460 quod
890 4398 928 4439 ex
946 4373 1112 4438 Herodoto
1126 4374 1240 4438 ibidem
