2864 4914
467 284 534 347 AD
557 283 954 348 ANDROMACHAM.
1195 283 1261 352 859

155 451 306 539 adspectu
329 453 577 540 inquinarentur.
617 454 688 519 Vid.
713 454 857 519 Turnebi
881 454 1017 519 Advers.
1037 473 1084 537 19.
1108 477 1136 518 c.
1152 470 1204 518 22.
1227 468 1260 518 et

157 554 265 643 Virgil.
279 558 475 642 Interpretes
489 556 529 620 ad
544 556 622 621 illud
639 556 711 620 Ecl.
729 558 759 620 8.
776 580 806 622 v.
822 575 893 622 102.

243 660 306 722 Fer
319 658 446 734 cineres,
463 659 632 745 Amarylli,
649 659 743 737 foras,
759 659 889 747 rivoque
902 658 1013 725 fluenti

243 761 411 848 Transqne
426 777 520 849 caput
531 765 614 850 jace,
631 786 670 827 ne
684 762 868 850 respexeris.
1116 761 1259 826 BARN.

202 877 272 947 295.
290 863 352 930 ἅτις
366 862 452 927 τέκεν
467 890 540 928 ποτε
550 863 732 929 correctoris
743 863 855 928 Aldini
866 861 1065 950 interpolatio
1074 876 1121 926 est
1132 875 1261 948 propter

156 987 280 1028 versum
296 964 554 1051 antistropbicum
571 966 756 1052 excogitata.
782 965 1025 1030 Restituendum
1039 964 1124 1052 qnod
1140 963 1260 1028 codices

155 1085 187 1130 et
202 1067 293 1130 Lasc.
309 1067 451 1153 praebeut
465 1071 484 1131 δ
499 1069 627 1134 τεκοῦσά
645 1095 702 1133 νιν.

201 1172 273 1254 296.
289 1171 468 1255 κατοικίσαι]
487 1176 659 1251 κατοικῆσαι
675 1173 747 1235 Par.
764 1174 807 1236 A.
823 1187 855 1237 et
869 1195 922 1236 sex
937 1169 999 1237 alii.

201 1292 274 1356 297.
297 1274 447 1359 θεσπεσίῳ
468 1273 583 1360 δάφνᾳ]
608 1272 756 1338 Meminit
772 1274 888 1352 laurus,
904 1297 978 1360 quae
992 1273 1024 1337 iu
1041 1271 1157 1336 Priami
1173 1270 1259 1358 regia

156 1390 232 1440 erat.
270 1375 379 1463 Virgil.
398 1376 526 1441 AEueid.
546 1396 576 1452 a,
590 1395 665 1460 512.

244 1479 384 1543 AEdibus
397 1479 428 1542 in
445 1478 566 1558 mediis,
582 1479 733 1566 nudoque
748 1479 807 1543 sub
822 1478 945 1543 aetheris
959 1501 1029 1554 axe,

243 1583 362 1668 Ingens
375 1606 429 1647 ara
444 1582 516 1661 fuit,
527 1583 685 1669 juxtaque
700 1581 863 1647 veterrima
878 1580 987 1645 laurus

244 1684 433 1748 Incumbens
447 1708 521 1762 arae,
537 1699 633 1772 atque
648 1685 759 1749 umbra
773 1683 936 1771 complexa
952 1683 1096 1746 Penates.

157 1785 265 1848 Potest
287 1801 390 1850 tamen
413 1802 444 1850 et
464 1786 588 1850 laurum
610 1787 772 1874 respicere,
796 1809 869 1873 quae
883 1786 980 1872 juxta
1001 1782 1160 1871 Apollinis
1180 1799 1257 1847 tem-

156 1886 243 1973 plum
259 1906 336 1954 erat.
382 1893 421 1969 Q.
440 1888 574 1955 Calaber
588 1908 640 1953 20.

456 2029 552 2041 --
563 1994 762 2057 θτουαίνοντο
778 1993 810 2056 δὲ
824 1991 936 2074 δάφναι

240 2097 300 2177 πὰρ
315 2095 387 2174 νηὸν
400 2099 537 2176 Φοίβοιο,
553 2095 647 2177 πόρος
661 2096 789 2176 θαλεροί
800 2121 856 2176 περ
872 2096 986 2158 ἔοῦσαι.
1076 2091 1222 2155 MUSG.

200 2199 272 2280 298.
298 2197 461 2279 Κάσονδρο
484 2213 611 2262 accentu
638 2197 747 2262 vitioso
771 2197 918 2260 remansit
941 2219 981 2261 ex
1003 2194 1138 2259 editione
1164 2194 1252 2257 Mat·

157 2297 240 2362 thiae.
278 2301 377 2363 Recte
393 2299 555 2381 Κασάνδρα
570 2299 647 2362 Ald.

198 2419 273 2485 302.
288 2401 568 2487 ζυγὸν-δούλειον]
586 2402 849 2484 (ayla—tottam
866 2402 938 2464 Par.
955 2402 996 2464 E.
1013 2399 1098 2464 Flor.
1116 2417 1145 2462 2.
1163 2399 1253 2461 Lasc.

198 2605 305 2689 ἤλυθε]
321 2604 396 2685 ἦλθε
412 2607 484 2669 Par.
501 2609 543 2670 A.
562 2608 663 2670 Taur.
680 2606 745 2669 Gu.

197 2727 273 2793 303.
295 2709 363 2773 οίντε
385 2709 433 2783 σὺ,
452 2706 554 2792 γόναι]
580 2707 690 2771 Lectio
704 2729 721 2770 a
736 2721 909 2771 correctore
924 2705 1044 2770 Aldino
1058 2703 1252 2792 interpolata.

155 2810 245 2874 Libri
267 2809 327 2874 οὔτ’
343 2811 381 2875 δν
403 2812 442 2875 σὺ
462 2812 560 2893 γόνον,
578 2809 636 2874 nisi
657 2809 743 2897 quod
765 2809 794 2893 γ’
810 2809 869 2875 οὔτ’
891 2812 963 2875 Par.
980 2810 1022 2872 E.
1038 2809 1130 2872 Lasc.
1152 2805 1175 2871 τ’
1192 2806 1251 2872 οὔτ’

155 2913 241 2978 Flor.
260 2933 306 2980 2.:
332 2914 535 2978 andeveram
552 2912 736 2999 scripturam
753 2915 883 2986 δούλιον,
900 2914 940 2977 ml
953 2910 978 2974 r’
994 2911 1041 2985 δν,
1058 2911 1145 2992 γόναι
1166 2910 1252 2975 resti-

154 3015 215 3080 tuit
231 3016 408 3103 Pflugltius.

195 3140 270 3203 304.
295 3118 446 3199 τυράννων
468 3118 559 3201 ἔσχες
580 3117 618 3182 δν
643 3120 741 3198 δόμων
765 3115 866 3201 ἔδρας]
891 3118 1035 3198 τύραννον
1060 3116 1124 3180 Gu.
1150 3116 1251 3178 Taur.

152 3221 303 3303 τυράννων
328 3219 410 3285 τάσδ’
435 3220 525 3303 ἔσχες
548 3220 586 3284 δν
612 3221 710 3300 δόμον
737 3220 822 3299 ἔδρας
848 3219 920 3281 Par.
943 3219 986 3280 E.
1011 3216 1098 3280 Flor.
1118 3235 1147 3283 2.
1169 3217 1253 3282 τόνδ’

154 3326 244 3406 ἔδραν
259 3326 352 3388 Lasc.
377 3324 462 3405 ἔδρας
478 3321 609 3386 Parisini
625 3344 742 3396 omnes,
759 3320 845 3384 Flor.
860 3323 904 3384 A.
921 3342 969 3385 10.
986 3338 1036 3407 15.
1058 3323 1150 3401 δόμον
1166 3323 1253 3402 ἔδρας

154 3431 261 3493 Ηανα.
286 3429 391 3505 δόμους
413 3427 500 3507 ἔδρας
522 3427 593 3489 Par.
614 3427 657 3488 A.
681 3424 872 3487 MATTH.
919 3426 1106 3510 Suspectum
1126 3439 1171 3488 est
1194 3424 1251 3488 boc

151 3529 218 3594 loco
240 3528 406 3614 repetitum
429 3527 479 3603 δν,
498 3527 585 3613 qnod
608 3541 711 3591 tamen
734 3549 845 3612 parum
869 3526 1071 3613 probabiliter
1092 3550 1251 3591 removeas

152 3634 191 3696 οό
205 3630 241 3705 τ’,
258 3629 383 3712 ὢγόναι
398 3628 568 3693 scribendo.
594 3628 824 3716 Corrigendum
840 3629 944 3715 potius
959 3630 1111 3712 τνρόννων
1125 3631 1251 3714 ἔσχεθες

151 3737 249 3815 δόμων
263 3735 358 3814 ἔδρας.
406 3732 552 3797 Similiter
567 3733 598 3797 in
615 3733 728 3796 Plroen.
740 3734 815 3812 408.
827 3739 888 3800 πῶς
902 3731 926 3796 δ’
941 3734 1032 3814 ἦλθες
1042 3733 1155 3817 Ἀργος
1164 3763 1172 3809 ;
1193 3737 1249 3799 rlv'

151 3837 285 3900 ἐτίνοιαν
307 3836 450 3918 ἔσχεθες;
476 3859 547 3923 pars
568 3834 710 3899 codicum
732 3850 763 3899 et
785 3833 861 3899 Ald.
883 3857 922 3898 ne
942 3835 1031 3899 metri
1053 3836 1180 3921 quidem
1202 3860 1249 3901 ra-

151 3936 235 4001 tione
248 3936 355 4001 habita
370 3939 469 4021 ἔσχες.

192 4041 267 4125 306.
282 4041 402 4124 τόνους]
419 4042 549 4123 μόχθους
564 4042 637 4111 Par.
650 4042 693 4103 A.
709 4039 796 4104 Flor.
809 4042 851 4103 A.
867 4058 897 4104 a.
916 4037 982 4125 (qui
997 4062 1016 4103 a
1030 4062 1108 4104 corr.
1124 4043 1245 4123 τόνους)

155 4163 203 4206 10.
224 4163 272 4227 15.
287 4158 318 4205 et
334 4141 506 4206 scholiasta.

193 4248 243 4314 οδε
267 4245 343 4326 ἀμφὶ
365 4244 491 4329 Τροίαν]
519 4244 722 4309 Scribeudum
745 4244 869 4309 sublato
891 4245 980 4309 metri
1005 4246 1081 4310 vitio
1104 4247 1150 4309 θσ’
1170 4249 1248 4329 ἀμφὶ

150 4349 275 4432 Τροίαν.

189 4455 264 4536 308.
287 4452 338 4516 οὐκ
361 4453 398 4516 ἄν
421 4471 478 4537 pro
500 4449 598 4515 οὔποτ’
622 4448 699 4513 Ald.
724 4449 824 4515 Florr.
843 4453 943 4515 Taur.
960 4451 1025 4515 Gu.
1050 4450 1148 4517 οὔποτ’
1166 4453 1246 4532 ἔξελ.

650 4576 673 4616 Α
688 4573 743 4634 a4
