<?xml version="1.0" encoding="UTF-8"?>
<!DOCTYPE html PUBLIC "-//W3C//DTD XHTML 1.0 Transitional//EN"
    "http://www.w3.org/TR/xhtml1/DTD/xhtml1-transitional.dtd">
<html xmlns="http://www.w3.org/1999/xhtml" xml:lang="en" lang="en">
 <head>
  <title>
</title>
<meta http-equiv="Content-Type" content="text/html;charset=utf-8" />
  <meta name='ocr-system' content='tesseract 3.04.00' />
  <meta name='ocr-capabilities' content='ocr_page ocr_carea ocr_par ocr_line ocrx_word'/>
</head>
<body>
  <div class='ocr_page' id='page_1' title='image "./tragoediaesuper01eurigoog_0029.png"; bbox 0 0 2864 4914; ppageno 0'>
   <div class='ocr_carea' id='block_1_1' title="bbox 218 296 851 364">
    <p class='ocr_par' dir='ltr' id='par_1_1' title="bbox 218 296 851 364">
     <span class='ocr_line' id='line_1_1' title="bbox 218 296 851 364; baseline 0.005 -3"><span class='ocrx_word' id='word_1_1' title='bbox 218 296 283 361; x_wconf 82' lang='lat' dir='ltr'>xxii</span> <span class='ocrx_word' id='word_1_2' title='bbox 694 297 851 364; x_wconf 87' lang='lat' dir='ltr'><strong>INDEX</strong></span> 
     </span>
    </p>
   </div>
   <div class='ocr_carea' id='block_1_2' title="bbox 215 466 1405 3692">
    <p class='ocr_par' dir='ltr' id='par_1_2' title="bbox 219 466 1327 1351">
     <span class='ocr_line' id='line_1_2' title="bbox 219 466 1327 566; baseline 0.004 -28"><span class='ocrx_word' id='word_1_3' title='bbox 219 471 296 553; x_wconf 89' lang='lat' dir='ltr'>dea,</span> <span class='ocrx_word' id='word_1_4' title='bbox 314 466 509 560; x_wconf 90' lang='lat' dir='ltr'>Supplices,</span> <span class='ocrx_word' id='word_1_5' title='bbox 529 468 682 552; x_wconf 83' lang='lat' dir='ltr'>Rhesus,</span> <span class='ocrx_word' id='word_1_6' title='bbox 701 470 778 553; x_wconf 88' lang='lat' dir='ltr'>lon,</span> <span class='ocrx_word' id='word_1_7' title='bbox 799 471 988 566; x_wconf 84' lang='lat' dir='ltr'>Iphigenia</span> <span class='ocrx_word' id='word_1_8' title='bbox 1006 471 1043 541; x_wconf 88' lang='lat' dir='ltr'>in</span> <span class='ocrx_word' id='word_1_9' title='bbox 1063 470 1207 554; x_wconf 83' lang='lat' dir='ltr'>Tauris,</span> <span class='ocrx_word' id='word_1_10' title='bbox 1226 472 1327 563; x_wconf 88' lang='lat' dir='ltr'>lphi-</span> 
     </span>
     <span class='ocr_line' id='line_1_3' title="bbox 220 585 1325 679; baseline 0.003 -25"><span class='ocrx_word' id='word_1_11' title='bbox 220 586 326 679; x_wconf 88' lang='lat' dir='ltr'>genia</span> <span class='ocrx_word' id='word_1_12' title='bbox 352 585 387 654; x_wconf 92' lang='lat' dir='ltr'>in</span> <span class='ocrx_word' id='word_1_13' title='bbox 414 585 548 655; x_wconf 89' lang='lat' dir='ltr'>Aulide</span> <span class='ocrx_word' id='word_1_14' title='bbox 581 586 649 671; x_wconf 89' lang='lat' dir='ltr'>(cui</span> <span class='ocrx_word' id='word_1_15' title='bbox 679 588 877 679; x_wconf 87' lang='lat' dir='ltr'>subjectum</span> <span class='ocrx_word' id='word_1_16' title='bbox 909 597 963 657; x_wconf 89' lang='lat' dir='ltr'>est</span> <span class='ocrx_word' id='word_1_17' title='bbox 991 587 1153 678; x_wconf 90' lang='lat' dir='ltr'>spurium</span> <span class='ocrx_word' id='word_1_18' title='bbox 1181 587 1325 658; x_wconf 82' lang='lat' dir='ltr'><strong>Danaes</strong></span> 
     </span>
     <span class='ocr_line' id='line_1_4' title="bbox 221 701 1324 795; baseline 0.002 -25"><span class='ocrx_word' id='word_1_19' title='bbox 221 701 406 771; x_wconf 84' lang='lat' dir='ltr'><strong>exordium</strong></span> <span class='ocrx_word' id='word_1_20' title='bbox 435 725 456 770; x_wconf 89' lang='lat' dir='ltr'>a</span> <span class='ocrx_word' id='word_1_21' title='bbox 477 701 698 773; x_wconf 90' lang='lat' dir='ltr'>Commelino</span> <span class='ocrx_word' id='word_1_22' title='bbox 724 703 887 795; x_wconf 91' lang='lat' dir='ltr'>editum),</span> <span class='ocrx_word' id='word_1_23' title='bbox 907 703 1139 794; x_wconf 69' lang='lat' dir='ltr'>Hippolytus</span> <span class='ocrx_word' id='word_1_24' title='bbox 1156 703 1324 787; x_wconf 75' lang='lat' dir='ltr'>AlcestiS,</span> 
     </span>
     <span class='ocr_line' id='line_1_5' title="bbox 223 817 1325 911; baseline 0.001 -24"><span class='ocrx_word' id='word_1_25' title='bbox 223 817 393 899; x_wconf 83' lang='lat' dir='ltr'>Troades,</span> <span class='ocrx_word' id='word_1_26' title='bbox 417 820 579 903; x_wconf 83' lang='lat' dir='ltr'>Bacchae,</span> <span class='ocrx_word' id='word_1_27' title='bbox 599 821 762 911; x_wconf 87' lang='lat' dir='ltr'>Cyclops,</span> <span class='ocrx_word' id='word_1_28' title='bbox 782 820 995 891; x_wconf 83' lang='lat' dir='ltr'>Heraclidae.</span> <span class='ocrx_word' id='word_1_29' title='bbox 1048 819 1105 890; x_wconf 85' lang='lat' dir='ltr'>Eo</span> <span class='ocrx_word' id='word_1_30' title='bbox 1130 819 1168 888; x_wconf 92' lang='lat' dir='ltr'>iu</span> <span class='ocrx_word' id='word_1_31' title='bbox 1196 820 1325 889; x_wconf 83' lang='lat' dir='ltr'>Medea</span> 
     </span>
     <span class='ocr_line' id='line_1_6' title="bbox 220 934 1325 1031; baseline 0.001 -28"><span class='ocrx_word' id='word_1_32' title='bbox 220 942 256 1003; x_wconf 93' lang='lat' dir='ltr'>et</span> <span class='ocrx_word' id='word_1_33' title='bbox 274 935 424 1006; x_wconf 82' lang='lat' dir='ltr'>Bacchis</span> <span class='ocrx_word' id='word_1_34' title='bbox 443 959 527 1006; x_wconf 90' lang='lat' dir='ltr'>usus</span> <span class='ocrx_word' id='word_1_35' title='bbox 545 947 599 1006; x_wconf 89' lang='lat' dir='ltr'>est</span> <span class='ocrx_word' id='word_1_36' title='bbox 616 936 821 1018; x_wconf 87' lang='lat' dir='ltr'>Elmsleius,</span> <span class='ocrx_word' id='word_1_37' title='bbox 839 960 905 1031; x_wconf 91' lang='lat' dir='ltr'>ego</span> <span class='ocrx_word' id='word_1_38' title='bbox 923 937 960 1005; x_wconf 92' lang='lat' dir='ltr'>in</span> <span class='ocrx_word' id='word_1_39' title='bbox 979 937 1075 1006; x_wconf 93' lang='lat' dir='ltr'>lone.</span> <span class='ocrx_word' id='word_1_40' title='bbox 1128 934 1170 1004; x_wconf 92' lang='lat' dir='ltr'>In</span> <span class='ocrx_word' id='word_1_41' title='bbox 1195 935 1325 1005; x_wconf 82' lang='lat' dir='ltr'>Medea</span> 
     </span>
     <span class='ocr_line' id='line_1_7' title="bbox 221 1049 1325 1123; baseline 0.004 -5"><span class='ocrx_word' id='word_1_42' title='bbox 221 1050 425 1121; x_wconf 85' lang='lat' dir='ltr'>simillimus</span> <span class='ocrx_word' id='word_1_43' title='bbox 459 1063 513 1122; x_wconf 92' lang='lat' dir='ltr'>est</span> <span class='ocrx_word' id='word_1_44' title='bbox 546 1049 694 1122; x_wconf 90' lang='lat' dir='ltr'>editioni</span> <span class='ocrx_word' id='word_1_45' title='bbox 728 1053 896 1123; x_wconf 78' lang='lat' dir='ltr'>Aldinae:</span> <span class='ocrx_word' id='word_1_46' title='bbox 924 1053 960 1121; x_wconf 93' lang='lat' dir='ltr'>in</span> <span class='ocrx_word' id='word_1_47' title='bbox 996 1052 1147 1121; x_wconf 85' lang='lat' dir='ltr'>Bacchis</span> <span class='ocrx_word' id='word_1_48' title='bbox 1174 1074 1258 1121; x_wconf 92' lang='lat' dir='ltr'>vero</span> <span class='ocrx_word' id='word_1_49' title='bbox 1288 1061 1325 1122; x_wconf 88' lang='lat' dir='ltr'>et</span> 
     </span>
     <span class='ocr_line' id='line_1_8' title="bbox 222 1164 1323 1260; baseline 0.001 -25"><span class='ocrx_word' id='word_1_50' title='bbox 222 1164 309 1236; x_wconf 91' lang='lat' dir='ltr'>Ione</span> <span class='ocrx_word' id='word_1_51' title='bbox 335 1191 405 1237; x_wconf 92' lang='lat' dir='ltr'>non</span> <span class='ocrx_word' id='word_1_52' title='bbox 432 1192 544 1259; x_wconf 86' lang='lat' dir='ltr'>pauca</span> <span class='ocrx_word' id='word_1_53' title='bbox 575 1169 797 1239; x_wconf 88' lang='lat' dir='ltr'>emendatius</span> <span class='ocrx_word' id='word_1_54' title='bbox 822 1192 929 1260; x_wconf 92' lang='lat' dir='ltr'>quam</span> <span class='ocrx_word' id='word_1_55' title='bbox 959 1169 1075 1239; x_wconf 87' lang='lat' dir='ltr'>Aldus</span> <span class='ocrx_word' id='word_1_56' title='bbox 1104 1167 1235 1257; x_wconf 88' lang='lat' dir='ltr'>scripta</span> <span class='ocrx_word' id='word_1_57' title='bbox 1261 1190 1323 1236; x_wconf 88' lang='lat' dir='ltr'>ex·</span> 
     </span>
     <span class='ocr_line' id='line_1_9' title="bbox 220 1281 332 1351; baseline 0 -2"><span class='ocrx_word' id='word_1_58' title='bbox 220 1281 332 1351; x_wconf 91' lang='lat' dir='ltr'>hibet.</span> 
     </span>
    </p>

    <p class='ocr_par' dir='ltr' id='par_1_3' title="bbox 219 1397 1324 2184">
     <span class='ocr_line' id='line_1_10' title="bbox 270 1397 1324 1491; baseline 0.002 -24"><span class='ocrx_word' id='word_1_59' title='bbox 270 1397 393 1489; x_wconf 90' lang='lat' dir='ltr'>Atque</span> <span class='ocrx_word' id='word_1_60' title='bbox 419 1400 456 1468; x_wconf 92' lang='lat' dir='ltr'>hi</span> <span class='ocrx_word' id='word_1_61' title='bbox 483 1400 627 1491; x_wconf 91' lang='lat' dir='ltr'>quidem</span> <span class='ocrx_word' id='word_1_62' title='bbox 657 1403 793 1471; x_wconf 90' lang='lat' dir='ltr'>codices</span> <span class='ocrx_word' id='word_1_63' title='bbox 820 1410 905 1470; x_wconf 92' lang='lat' dir='ltr'>sunt</span> <span class='ocrx_word' id='word_1_64' title='bbox 932 1423 1085 1491; x_wconf 91' lang='lat' dir='ltr'>quorum</span> <span class='ocrx_word' id='word_1_65' title='bbox 1112 1399 1324 1469; x_wconf 84' lang='lat' dir='ltr'>auctoritate</span> 
     </span>
     <span class='ocr_line' id='line_1_11' title="bbox 219 1513 1324 1603; baseline 0.002 -22"><span class='ocrx_word' id='word_1_66' title='bbox 219 1513 443 1603; x_wconf 92' lang='lat' dir='ltr'>potissimum</span> <span class='ocrx_word' id='word_1_67' title='bbox 478 1516 532 1584; x_wconf 90' lang='lat' dir='ltr'>usi</span> <span class='ocrx_word' id='word_1_68' title='bbox 561 1539 684 1586; x_wconf 90' lang='lat' dir='ltr'>sumus</span> <span class='ocrx_word' id='word_1_69' title='bbox 713 1518 749 1586; x_wconf 92' lang='lat' dir='ltr'>in</span> <span class='ocrx_word' id='word_1_70' title='bbox 781 1516 1011 1586; x_wconf 86' lang='lat' dir='ltr'>annotatione</span> <span class='ocrx_word' id='word_1_71' title='bbox 1041 1516 1173 1586; x_wconf 90' lang='lat' dir='ltr'>critica.</span> <span class='ocrx_word' id='word_1_72' title='bbox 1225 1516 1324 1584; x_wconf 87' lang='lat' dir='ltr'>Reli-</span> 
     </span>
     <span class='ocr_line' id='line_1_12' title="bbox 219 1630 1322 1725; baseline 0.002 -28"><span class='ocrx_word' id='word_1_73' title='bbox 219 1652 331 1719; x_wconf 94' lang='lat' dir='ltr'>quum</span> <span class='ocrx_word' id='word_1_74' title='bbox 349 1638 401 1698; x_wconf 89' lang='lat' dir='ltr'>est</span> <span class='ocrx_word' id='word_1_75' title='bbox 419 1640 461 1699; x_wconf 92' lang='lat' dir='ltr'>ut</span> <span class='ocrx_word' id='word_1_76' title='bbox 485 1630 638 1700; x_wconf 89' lang='lat' dir='ltr'>breviter</span> <span class='ocrx_word' id='word_1_77' title='bbox 663 1632 946 1725; x_wconf 88' lang='lat' dir='ltr'>perstringamus</span> <span class='ocrx_word' id='word_1_78' title='bbox 964 1641 1160 1702; x_wconf 86' lang='lat' dir='ltr'>ceterorum</span> <span class='ocrx_word' id='word_1_79' title='bbox 1179 1630 1322 1700; x_wconf 89' lang='lat' dir='ltr'>turbam</span> 
     </span>
     <span class='ocr_line' id='line_1_13' title="bbox 220 1743 1322 1838; baseline 0.003 -26"><span class='ocrx_word' id='word_1_80' title='bbox 220 1743 405 1828; x_wconf 89' lang='lat' dir='ltr'>librorum,</span> <span class='ocrx_word' id='word_1_81' title='bbox 435 1769 536 1836; x_wconf 87' lang='lat' dir='ltr'>quos,</span> <span class='ocrx_word' id='word_1_82' title='bbox 566 1746 603 1814; x_wconf 93' lang='lat' dir='ltr'>in</span> <span class='ocrx_word' id='word_1_83' title='bbox 634 1746 760 1837; x_wconf 88' lang='lat' dir='ltr'>primis</span> <span class='ocrx_word' id='word_1_84' title='bbox 789 1755 961 1838; x_wconf 91' lang='lat' dir='ltr'>quattuor</span> <span class='ocrx_word' id='word_1_85' title='bbox 990 1747 1146 1816; x_wconf 88' lang='lat' dir='ltr'>maxime</span> <span class='ocrx_word' id='word_1_86' title='bbox 1178 1746 1322 1827; x_wconf 89' lang='lat' dir='ltr'>fabulis,</span> 
     </span>
     <span class='ocr_line' id='line_1_14' title="bbox 220 1862 1322 1952; baseline 0.002 -23"><span class='ocrx_word' id='word_1_87' title='bbox 220 1883 291 1929; x_wconf 91' lang='lat' dir='ltr'>non</span> <span class='ocrx_word' id='word_1_88' title='bbox 322 1883 403 1930; x_wconf 89' lang='lat' dir='ltr'>raro</span> <span class='ocrx_word' id='word_1_89' title='bbox 431 1884 619 1930; x_wconf 88' lang='lat' dir='ltr'>numerare</span> <span class='ocrx_word' id='word_1_90' title='bbox 649 1872 795 1952; x_wconf 90' lang='lat' dir='ltr'>propter</span> <span class='ocrx_word' id='word_1_91' title='bbox 824 1862 982 1952; x_wconf 89' lang='lat' dir='ltr'>ipsorum</span> <span class='ocrx_word' id='word_1_92' title='bbox 1010 1863 1182 1933; x_wconf 87' lang='lat' dir='ltr'>vilitatem</span> <span class='ocrx_word' id='word_1_93' title='bbox 1213 1885 1322 1952; x_wconf 89' lang='lat' dir='ltr'>quam</span> 
     </span>
     <span class='ocr_line' id='line_1_15' title="bbox 219 1976 1322 2070; baseline 0.003 -26"><span class='ocrx_word' id='word_1_94' title='bbox 219 1976 406 2070; x_wconf 89' lang='lat' dir='ltr'>designare</span> <span class='ocrx_word' id='word_1_95' title='bbox 423 1976 583 2070; x_wconf 89' lang='lat' dir='ltr'>singulos</span> <span class='ocrx_word' id='word_1_96' title='bbox 601 1978 804 2060; x_wconf 69' lang='lat' dir='ltr'>maluimus</span> <span class='ocrx_word' id='word_1_97' title='bbox 821 1981 917 2069; x_wconf 91' lang='lat' dir='ltr'>quod</span> <span class='ocrx_word' id='word_1_98' title='bbox 934 1979 1054 2048; x_wconf 87' lang='lat' dir='ltr'>labore</span> <span class='ocrx_word' id='word_1_99' title='bbox 1070 2002 1178 2070; x_wconf 87' lang='lat' dir='ltr'>quam</span> <span class='ocrx_word' id='word_1_100' title='bbox 1200 1979 1322 2048; x_wconf 84' lang='lat' dir='ltr'>fructu</span> 
     </span>
     <span class='ocr_line' id='line_1_16' title="bbox 219 2092 653 2184; baseline 0.005 -24"><span class='ocrx_word' id='word_1_101' title='bbox 219 2093 354 2184; x_wconf 90' lang='lat' dir='ltr'>majore</span> <span class='ocrx_word' id='word_1_102' title='bbox 370 2092 455 2162; x_wconf 85' lang='lat' dir='ltr'>fecit</span> <span class='ocrx_word' id='word_1_103' title='bbox 472 2092 653 2162; x_wconf 84' lang='lat' dir='ltr'>Matthiae.</span> 
     </span>
    </p>

    <p class='ocr_par' dir='ltr' id='par_1_4' title="bbox 219 2208 1323 2627">
     <span class='ocr_line' id='line_1_17' title="bbox 275 2208 1323 2302; baseline 0.004 -27"><span class='ocrx_word' id='word_1_104' title='bbox 275 2224 483 2301; x_wconf 84' lang='lat'>13.14.15.</span> <span class='ocrx_word' id='word_1_105' title='bbox 508 2208 717 2302; x_wconf 87' lang='lat' dir='ltr'>Augustani</span> <span class='ocrx_word' id='word_1_106' title='bbox 744 2218 828 2291; x_wconf 88' lang='lat' dir='ltr'>tres,</span> <span class='ocrx_word' id='word_1_107' title='bbox 854 2211 1030 2280; x_wconf 88' lang='lat' dir='ltr'>chartacei</span> <span class='ocrx_word' id='word_1_108' title='bbox 1057 2219 1226 2293; x_wconf 61' lang='lat' dir='ltr'>recentes</span> <span class='ocrx_word' id='word_1_109' title='bbox 1252 2212 1323 2280; x_wconf 92' lang='lat' dir='ltr'>col-</span> 
     </span>
     <span class='ocr_line' id='line_1_18' title="bbox 219 2324 1321 2417; baseline 0.002 -24"><span class='ocrx_word' id='word_1_110' title='bbox 219 2324 284 2393; x_wconf 88' lang='lat' dir='ltr'>lati</span> <span class='ocrx_word' id='word_1_111' title='bbox 311 2324 356 2393; x_wconf 89' lang='lat' dir='ltr'>ab</span> <span class='ocrx_word' id='word_1_112' title='bbox 381 2324 602 2407; x_wconf 90' lang='lat' dir='ltr'>Hermanno,</span> <span class='ocrx_word' id='word_1_113' title='bbox 627 2324 689 2415; x_wconf 93' lang='lat' dir='ltr'>qui</span> <span class='ocrx_word' id='word_1_114' title='bbox 714 2325 881 2395; x_wconf 88' lang='lat' dir='ltr'>lectiones</span> <span class='ocrx_word' id='word_1_115' title='bbox 910 2326 1069 2396; x_wconf 91' lang='lat' dir='ltr'>Hecubae</span> <span class='ocrx_word' id='word_1_116' title='bbox 1096 2325 1208 2396; x_wconf 91' lang='lat' dir='ltr'>edidit</span> <span class='ocrx_word' id='word_1_117' title='bbox 1233 2326 1321 2417; x_wconf 91' lang='lat' dir='ltr'>ipse,</span> 
     </span>
     <span class='ocr_line' id='line_1_19' title="bbox 219 2438 1323 2513; baseline 0 -3"><span class='ocrx_word' id='word_1_118' title='bbox 219 2438 359 2510; x_wconf 87' lang='lat' dir='ltr'>Orestis</span> <span class='ocrx_word' id='word_1_119' title='bbox 392 2448 427 2509; x_wconf 92' lang='lat' dir='ltr'>et</span> <span class='ocrx_word' id='word_1_120' title='bbox 463 2440 731 2509; x_wconf 87' lang='lat' dir='ltr'>Phoenissarum</span> <span class='ocrx_word' id='word_1_121' title='bbox 775 2464 855 2510; x_wconf 93' lang='lat' dir='ltr'>cum</span> <span class='ocrx_word' id='word_1_122' title='bbox 900 2442 1091 2512; x_wconf 87' lang='lat' dir='ltr'>Matthiaeo</span> <span class='ocrx_word' id='word_1_123' title='bbox 1124 2442 1323 2513; x_wconf 89' lang='lat' dir='ltr'>communi-</span> 
     </span>
     <span class='ocr_line' id='line_1_20' title="bbox 219 2557 324 2627; baseline -0.019 0"><span class='ocrx_word' id='word_1_124' title='bbox 219 2557 324 2627; x_wconf 86' lang='lat' dir='ltr'>cavit.</span> 
     </span>
    </p>

    <p class='ocr_par' dir='ltr' id='par_1_5' title="bbox 215 2668 1405 3692">
     <span class='ocr_line' id='line_1_21' title="bbox 275 2668 1321 2766; baseline 0.001 -25"><span class='ocrx_word' id='word_1_125' title='bbox 275 2673 328 2742; x_wconf 91' lang='lat'>16.</span> <span class='ocrx_word' id='word_1_126' title='bbox 351 2692 406 2766; x_wconf 89' lang='lat'>17.</span> <span class='ocrx_word' id='word_1_127' title='bbox 431 2681 452 2711; x_wconf 82' lang='lat'>‘⁴</span> <span class='ocrx_word' id='word_1_128' title='bbox 464 2668 558 2741; x_wconf 72' lang='lat' dir='ltr'>Ast.</span> <span class='ocrx_word' id='word_1_129' title='bbox 582 2697 611 2742; x_wconf 93' lang='lat'>1.</span> <span class='ocrx_word' id='word_1_130' title='bbox 632 2698 663 2742; x_wconf 83' lang='lat'>2.</span> <span class='ocrx_word' id='word_1_131' title='bbox 681 2675 726 2744; x_wconf 86' lang='lat' dir='ltr'>ab</span> <span class='ocrx_word' id='word_1_132' title='bbox 744 2673 926 2756; x_wconf 90' lang='lat' dir='ltr'>Askewio‚</span> <span class='ocrx_word' id='word_1_133' title='bbox 944 2673 1081 2743; x_wconf 92' lang='lat' dir='ltr'>medico</span> <span class='ocrx_word' id='word_1_134' title='bbox 1100 2674 1321 2743; x_wconf 90' lang='lat' dir='ltr'>Londinensi</span> 
     </span>
     <span class='ocr_line' id='line_1_22' title="bbox 218 2787 1405 2884; baseline 0 -25"><span class='ocrx_word' id='word_1_135' title='bbox 218 2797 379 2878; x_wconf 86' lang='lat' dir='ltr'>acceptos</span> <span class='ocrx_word' id='word_1_136' title='bbox 413 2787 565 2857; x_wconf 89' lang='lat' dir='ltr'>contulit</span> <span class='ocrx_word' id='word_1_137' title='bbox 608 2788 749 2884; x_wconf 87' lang='lat' dir='ltr'>Musgr.</span> <span class='ocrx_word' id='word_1_138' title='bbox 782 2789 844 2881; x_wconf 93' lang='lat' dir='ltr'>qui</span> <span class='ocrx_word' id='word_1_139' title='bbox 883 2813 1006 2859; x_wconf 90' lang='lat' dir='ltr'>eorum</span> <span class='ocrx_word' id='word_1_140' title='bbox 1040 2791 1191 2858; x_wconf 85' lang='lat' dir='ltr'>alterum</span> <span class='ocrx_word' id='word_1_141' title='bbox 1230 2791 1322 2859; x_wconf 87' lang='lat' dir='ltr'>duas</span> <span class='ocrx_word' id='word_1_142' title='bbox 1401 2797 1405 2804; x_wconf 84' lang='grc'><strong>’</strong></span> 
     </span>
     <span class='ocr_line' id='line_1_23' title="bbox 218 2903 1321 2998; baseline 0 -24"><span class='ocrx_word' id='word_1_143' title='bbox 218 2905 354 2995; x_wconf 88' lang='lat' dir='ltr'>priores</span> <span class='ocrx_word' id='word_1_144' title='bbox 372 2905 575 2998; x_wconf 87' lang='lat' dir='ltr'>tragoedias,</span> <span class='ocrx_word' id='word_1_145' title='bbox 592 2908 744 2975; x_wconf 88' lang='lat' dir='ltr'>alterum</span> <span class='ocrx_word' id='word_1_146' title='bbox 762 2908 914 2988; x_wconf 89' lang='lat' dir='ltr'>easdem,</span> <span class='ocrx_word' id='word_1_147' title='bbox 931 2907 991 2975; x_wconf 88' lang='lat' dir='ltr'>sed</span> <span class='ocrx_word' id='word_1_148' title='bbox 1008 2928 1090 2974; x_wconf 90' lang='lat' dir='ltr'>cum</span> <span class='ocrx_word' id='word_1_149' title='bbox 1111 2903 1321 2986; x_wconf 86' lang='lat' dir='ltr'>Phoenissis,</span> 
     </span>
     <span class='ocr_line' id='line_1_24' title="bbox 218 3015 1322 3110; baseline -0.003 -20"><span class='ocrx_word' id='word_1_150' title='bbox 218 3020 385 3090; x_wconf 84' lang='lat' dir='ltr'>exhibere</span> <span class='ocrx_word' id='word_1_151' title='bbox 401 3020 498 3089; x_wconf 85' lang='lat' dir='ltr'>dicit.</span> <span class='ocrx_word' id='word_1_152' title='bbox 552 3020 630 3089; x_wconf 92' lang='lat' dir='ltr'>Hos</span> <span class='ocrx_word' id='word_1_153' title='bbox 656 3023 795 3090; x_wconf 89' lang='lat' dir='ltr'>eosdem</span> <span class='ocrx_word' id='word_1_154' title='bbox 814 3044 889 3090; x_wconf 90' lang='lat' dir='ltr'>esse</span> <span class='ocrx_word' id='word_1_155' title='bbox 915 3020 966 3089; x_wconf 88' lang='lat' dir='ltr'>ait</span> <span class='ocrx_word' id='word_1_156' title='bbox 983 3020 1163 3089; x_wconf 86' lang='lat' dir='ltr'>Porsonus</span> <span class='ocrx_word' id='word_1_157' title='bbox 1189 3019 1227 3089; x_wconf 93' lang='lat' dir='ltr'>in</span> <span class='ocrx_word' id='word_1_158' title='bbox 1248 3015 1322 3110; x_wconf 79' lang='lat' dir='ltr'>cyl-</span> 
     </span>
     <span class='ocr_line' id='line_1_25' title="bbox 216 3133 1321 3227; baseline -0.001 -21"><span class='ocrx_word' id='word_1_159' title='bbox 216 3133 299 3206; x_wconf 82' lang='lat' dir='ltr'>lobo</span> <span class='ocrx_word' id='word_1_160' title='bbox 316 3143 484 3205; x_wconf 81' lang='lat' dir='ltr'>notorum</span> <span class='ocrx_word' id='word_1_161' title='bbox 500 3145 566 3205; x_wconf 90' lang='lat' dir='ltr'>etc.</span> <span class='ocrx_word' id='word_1_162' title='bbox 585 3136 705 3206; x_wconf 88' lang='lat' dir='ltr'>Oresti</span> <span class='ocrx_word' id='word_1_163' title='bbox 722 3138 881 3227; x_wconf 80' lang='lat' dir='ltr'>praefixo,</span> <span class='ocrx_word' id='word_1_164' title='bbox 898 3159 987 3227; x_wconf 91' lang='lat' dir='ltr'>quos</span> <span class='ocrx_word' id='word_1_165' title='bbox 1004 3135 1042 3206; x_wconf 93' lang='lat' dir='ltr'>in</span> <span class='ocrx_word' id='word_1_166' title='bbox 1069 3135 1321 3205; x_wconf 89' lang='lat' dir='ltr'>bibliothecam</span> 
     </span>
     <span class='ocr_line' id='line_1_26' title="bbox 216 3251 1321 3348; baseline -0.001 -25"><span class='ocrx_word' id='word_1_167' title='bbox 216 3251 422 3323; x_wconf 84' lang='lat' dir='ltr'>Academiae</span> <span class='ocrx_word' id='word_1_168' title='bbox 440 3251 648 3346; x_wconf 86' lang='lat' dir='ltr'>Cantabrig.</span> <span class='ocrx_word' id='word_1_169' title='bbox 665 3253 783 3321; x_wconf 88' lang='lat' dir='ltr'>illatos</span> <span class='ocrx_word' id='word_1_170' title='bbox 805 3263 840 3324; x_wconf 90' lang='lat' dir='ltr'>et</span> <span class='ocrx_word' id='word_1_171' title='bbox 863 3253 1022 3348; x_wconf 88' lang='lat' dir='ltr'>signatos</span> <span class='ocrx_word' id='word_1_172' title='bbox 1048 3252 1137 3321; x_wconf 90' lang='lat' dir='ltr'>Mm.</span> <span class='ocrx_word' id='word_1_173' title='bbox 1160 3274 1189 3319; x_wconf 92' lang='lat'>1.</span> <span class='ocrx_word' id='word_1_174' title='bbox 1212 3274 1267 3320; x_wconf 92' lang='lat'>11.</span> <span class='ocrx_word' id='word_1_175' title='bbox 1285 3261 1321 3322; x_wconf 92' lang='lat' dir='ltr'>et</span> 
     </span>
     <span class='ocr_line' id='line_1_27' title="bbox 215 3367 1321 3460; baseline 0.001 -24"><span class='ocrx_word' id='word_1_176' title='bbox 215 3368 288 3437; x_wconf 93' lang='lat' dir='ltr'>Nn.</span> <span class='ocrx_word' id='word_1_177' title='bbox 307 3390 341 3460; x_wconf 87' lang='lat'>3.</span> <span class='ocrx_word' id='word_1_178' title='bbox 364 3388 418 3455; x_wconf 85' lang='lat'>14.</span> <span class='ocrx_word' id='word_1_179' title='bbox 436 3368 512 3458; x_wconf 90' lang='lat' dir='ltr'>ipse</span> <span class='ocrx_word' id='word_1_180' title='bbox 529 3369 730 3439; x_wconf 89' lang='lat' dir='ltr'>contulerit.</span> <span class='ocrx_word' id='word_1_181' title='bbox 774 3369 879 3439; x_wconf 92' lang='lat' dir='ltr'>Prior</span> <span class='ocrx_word' id='word_1_182' title='bbox 904 3379 1049 3439; x_wconf 88' lang='lat' dir='ltr'>notatus</span> <span class='ocrx_word' id='word_1_183' title='bbox 1067 3369 1173 3438; x_wconf 89' lang='lat' dir='ltr'>Cant.</span> <span class='ocrx_word' id='word_1_184' title='bbox 1191 3390 1213 3436; x_wconf 90' lang='lat' dir='ltr'>a</span> <span class='ocrx_word' id='word_1_185' title='bbox 1231 3367 1321 3437; x_wconf 90' lang='lat' dir='ltr'>Por-</span> 
     </span>
     <span class='ocr_line' id='line_1_28' title="bbox 216 3482 1320 3566; baseline 0 -13"><span class='ocrx_word' id='word_1_186' title='bbox 216 3506 304 3553; x_wconf 91' lang='lat' dir='ltr'>sono</span> <span class='ocrx_word' id='word_1_187' title='bbox 324 3482 521 3566; x_wconf 88' lang='lat' dir='ltr'>Hecubam,</span> <span class='ocrx_word' id='word_1_188' title='bbox 539 3483 702 3553; x_wconf 89' lang='lat' dir='ltr'>Orestem</span> <span class='ocrx_word' id='word_1_189' title='bbox 728 3494 763 3554; x_wconf 90' lang='lat' dir='ltr'>et</span> <span class='ocrx_word' id='word_1_190' title='bbox 792 3484 996 3554; x_wconf 87' lang='lat' dir='ltr'>Phoenissas</span> <span class='ocrx_word' id='word_1_191' title='bbox 1022 3484 1202 3555; x_wconf 89' lang='lat' dir='ltr'>continere</span> <span class='ocrx_word' id='word_1_192' title='bbox 1224 3483 1320 3553; x_wconf 86' lang='lat' dir='ltr'>vide-</span> 
     </span>
     <span class='ocr_line' id='line_1_29' title="bbox 217 3597 1322 3692; baseline 0.002 -24"><span class='ocrx_word' id='word_1_193' title='bbox 217 3609 298 3682; x_wconf 89' lang='lat' dir='ltr'>tur;</span> <span class='ocrx_word' id='word_1_194' title='bbox 325 3607 419 3667; x_wconf 87' lang='lat' dir='ltr'>certe</span> <span class='ocrx_word' id='word_1_195' title='bbox 436 3599 480 3667; x_wconf 86' lang='lat' dir='ltr'>ad</span> <span class='ocrx_word' id='word_1_196' title='bbox 500 3597 626 3668; x_wconf 87' lang='lat' dir='ltr'>Phoen.</span> <span class='ocrx_word' id='word_1_197' title='bbox 645 3622 902 3692; x_wconf 91' lang='lat' dir='ltr'>nonuunquam</span> <span class='ocrx_word' id='word_1_198' title='bbox 922 3601 1026 3670; x_wconf 87' lang='lat' dir='ltr'>Cant.</span> <span class='ocrx_word' id='word_1_199' title='bbox 1040 3608 1214 3669; x_wconf 85' lang='lat' dir='ltr'>memorat</span> <span class='ocrx_word' id='word_1_200' title='bbox 1232 3599 1322 3670; x_wconf 93' lang='lat' dir='ltr'>Por-</span> 
     </span>
    </p>
   </div>
   <div class='ocr_carea' id='block_1_3' title="bbox 214 3713 1321 4385">
    <p class='ocr_par' dir='ltr' id='par_1_6' title="bbox 214 3713 1321 4385">
     <span class='ocr_line' id='line_1_30' title="bbox 216 3713 1321 3807; baseline 0.003 -23"><span class='ocrx_word' id='word_1_201' title='bbox 216 3737 336 3784; x_wconf 91' lang='lat' dir='ltr'>sonus.</span> <span class='ocrx_word' id='word_1_202' title='bbox 387 3713 494 3782; x_wconf 90' lang='lat' dir='ltr'>Alter</span> <span class='ocrx_word' id='word_1_203' title='bbox 510 3722 583 3783; x_wconf 89' lang='lat' dir='ltr'>tres</span> <span class='ocrx_word' id='word_1_204' title='bbox 600 3713 736 3804; x_wconf 91' lang='lat' dir='ltr'>priores</span> <span class='ocrx_word' id='word_1_205' title='bbox 753 3715 893 3785; x_wconf 88' lang='lat' dir='ltr'>fabulas</span> <span class='ocrx_word' id='word_1_206' title='bbox 910 3715 1017 3785; x_wconf 87' lang='lat' dir='ltr'>habet</span> <span class='ocrx_word' id='word_1_207' title='bbox 1036 3716 1191 3807; x_wconf 88' lang='lat' dir='ltr'>eleganti</span> <span class='ocrx_word' id='word_1_208' title='bbox 1210 3739 1321 3787; x_wconf 90' lang='lat' dir='ltr'>manu</span> 
     </span>
     <span class='ocr_line' id='line_1_31' title="bbox 216 3830 1320 3925; baseline 0.001 -25"><span class='ocrx_word' id='word_1_209' title='bbox 216 3832 347 3901; x_wconf 88' lang='lat' dir='ltr'>saeculo</span> <span class='ocrx_word' id='word_1_210' title='bbox 370 3851 422 3918; x_wconf 85' lang='lat'>14.</span> <span class='ocrx_word' id='word_1_211' title='bbox 440 3830 602 3921; x_wconf 87' lang='lat' dir='ltr'>scriptas,</span> <span class='ocrx_word' id='word_1_212' title='bbox 623 3832 782 3922; x_wconf 82' lang='lat' dir='ltr'>duasque</span> <span class='ocrx_word' id='word_1_213' title='bbox 808 3831 939 3901; x_wconf 90' lang='lat' dir='ltr'>iterum</span> <span class='ocrx_word' id='word_1_214' title='bbox 965 3831 1101 3922; x_wconf 90' lang='lat' dir='ltr'>priores</span> <span class='ocrx_word' id='word_1_215' title='bbox 1126 3832 1320 3925; x_wconf 88' lang='lat' dir='ltr'>ineleganti</span> 
     </span>
     <span class='ocr_line' id='line_1_32' title="bbox 217 3945 1320 4038; baseline 0.002 -23"><span class='ocrx_word' id='word_1_216' title='bbox 217 3956 253 4015; x_wconf 91' lang='lat' dir='ltr'>et</span> <span class='ocrx_word' id='word_1_217' title='bbox 269 3946 514 4016; x_wconf 88' lang='lat' dir='ltr'>recentissima</span> <span class='ocrx_word' id='word_1_218' title='bbox 530 3969 651 4029; x_wconf 91' lang='lat' dir='ltr'>manu,</span> <span class='ocrx_word' id='word_1_219' title='bbox 668 3970 713 4016; x_wconf 87' lang='lat' dir='ltr'>ex</span> <span class='ocrx_word' id='word_1_220' title='bbox 730 3947 860 4038; x_wconf 91' lang='lat' dir='ltr'>quibus</span> <span class='ocrx_word' id='word_1_221' title='bbox 886 3946 988 4017; x_wconf 93' lang='lat' dir='ltr'>illum</span> <span class='ocrx_word' id='word_1_222' title='bbox 1014 3945 1068 4015; x_wconf 89' lang='lat' dir='ltr'>M.</span> <span class='ocrx_word' id='word_1_223' title='bbox 1086 3947 1320 4017; x_wconf 88' lang='lat' dir='ltr'>recentiorem</span> 
     </span>
     <span class='ocr_line' id='line_1_33' title="bbox 217 4061 1319 4153; baseline 0 -22"><span class='ocrx_word' id='word_1_224' title='bbox 217 4061 265 4131; x_wconf 94' lang='lat' dir='ltr'>N.</span> <span class='ocrx_word' id='word_1_225' title='bbox 284 4071 384 4132; x_wconf 86' lang='lat' dir='ltr'>vocet</span> <span class='ocrx_word' id='word_1_226' title='bbox 404 4061 595 4132; x_wconf 91' lang='lat' dir='ltr'>Porsonus.</span> <span class='ocrx_word' id='word_1_227' title='bbox 646 4061 703 4131; x_wconf 89' lang='lat' dir='ltr'>lta</span> <span class='ocrx_word' id='word_1_228' title='bbox 721 4071 793 4132; x_wconf 86' lang='lat' dir='ltr'>tres</span> <span class='ocrx_word' id='word_1_229' title='bbox 810 4071 894 4131; x_wconf 93' lang='lat' dir='ltr'>sunt</span> <span class='ocrx_word' id='word_1_230' title='bbox 913 4061 1048 4132; x_wconf 89' lang='lat' dir='ltr'>codices</span> <span class='ocrx_word' id='word_1_231' title='bbox 1067 4061 1238 4143; x_wconf 91' lang='lat' dir='ltr'>Porsono‚</span> <span class='ocrx_word' id='word_1_232' title='bbox 1255 4062 1319 4153; x_wconf 93' lang='lat' dir='ltr'>qui</span> 
     </span>
     <span class='ocr_line' id='line_1_34' title="bbox 214 4176 1319 4272; baseline 0 -25"><span class='ocrx_word' id='word_1_233' title='bbox 214 4180 288 4248; x_wconf 89' lang='lat' dir='ltr'>duo</span> <span class='ocrx_word' id='word_1_234' title='bbox 313 4186 397 4248; x_wconf 92' lang='lat' dir='ltr'>sunt</span> <span class='ocrx_word' id='word_1_235' title='bbox 426 4179 522 4268; x_wconf 91' lang='lat' dir='ltr'>apud</span> <span class='ocrx_word' id='word_1_236' title='bbox 550 4177 734 4272; x_wconf 86' lang='lat' dir='ltr'>Musgrav.</span> <span class='ocrx_word' id='word_1_237' title='bbox 773 4176 1005 4247; x_wconf 86' lang='lat' dir='ltr'>Paucissimis</span> <span class='ocrx_word' id='word_1_238' title='bbox 1031 4177 1140 4247; x_wconf 88' lang='lat' dir='ltr'>etiam</span> <span class='ocrx_word' id='word_1_239' title='bbox 1167 4176 1206 4247; x_wconf 92' lang='lat' dir='ltr'>in</span> <span class='ocrx_word' id='word_1_240' title='bbox 1232 4177 1319 4248; x_wconf 90' lang='lat' dir='ltr'>locis</span> 
     </span>
     <span class='ocr_line' id='line_1_35' title="bbox 215 4291 1318 4385; baseline 0 -23"><span class='ocrx_word' id='word_1_241' title='bbox 215 4292 319 4362; x_wconf 84' lang='lat' dir='ltr'>Cant.</span> <span class='ocrx_word' id='word_1_242' title='bbox 339 4293 390 4362; x_wconf 90' lang='lat' dir='ltr'>M.</span> <span class='ocrx_word' id='word_1_243' title='bbox 411 4293 457 4362; x_wconf 94' lang='lat' dir='ltr'>N.</span> <span class='ocrx_word' id='word_1_244' title='bbox 480 4291 630 4362; x_wconf 89' lang='lat' dir='ltr'>Porsoui</span> <span class='ocrx_word' id='word_1_245' title='bbox 657 4315 737 4362; x_wconf 92' lang='lat' dir='ltr'>cum</span> <span class='ocrx_word' id='word_1_246' title='bbox 762 4292 851 4362; x_wconf 91' lang='lat' dir='ltr'>Ask.</span> <span class='ocrx_word' id='word_1_247' title='bbox 873 4291 1075 4385; x_wconf 89' lang='lat' dir='ltr'>Musgravii</span> <span class='ocrx_word' id='word_1_248' title='bbox 1101 4292 1318 4383; x_wconf 86' lang='lat' dir='ltr'>conspirant,</span> 
     </span>
    </p>
   </div>
   <div class='ocr_carea' id='block_1_4' title="bbox 0 0 1436 4914">
    <p class='ocr_par' dir='ltr' id='par_1_7' title="bbox 0 0 1436 4914">
     <span class='ocr_line' id='line_1_36' title="bbox 0 0 1436 4914; baseline 0 0"><span class='ocrx_word' id='word_1_249' title='bbox 0 0 1436 4914; x_wconf 95' lang='lat' dir='ltr'> </span> 
     </span>
    </p>
   </div>
  </div>
 </body>
</html>
