2864 4914
200 293 266 357 284
562 293 939 359 ANNOTATIONES

245 465 318 545 284.
336 465 391 549 είς]
411 464 508 529 Scrib.
527 466 557 532 ἐς
569 487 607 529 ex
625 465 711 530 Flor.
727 486 757 531 2.

245 572 306 632 πᾶν
319 565 406 632 Flor.
423 569 466 631 A.
487 586 536 632 10.
553 570 626 633 Par.
644 569 730 633 B.D.
747 570 855 632 Havn.
894 565 999 655 Vulgo
1013 564 1111 631 πάντ’.

245 670 319 734 288.
337 669 400 755 ἄγ’]
418 669 487 734 ἀλλ’
504 669 581 734 Ald.
596 685 628 734 et
642 693 751 758 mergo
766 669 852 735 Flor.
868 688 899 736 2.

243 772 383 858 πάροιθε]
400 773 543 856 πάροιθεν
559 772 644 837 Flor.
660 793 709 856 15.
728 774 773 837 H.

135 933 138 940 .
247 894 319 960 294.
349 875 584 959 συγκαθιστάναι
609 875 689 940 Ald.
725 880 965 960 σνγκαθεστᾶναι
991 877 1100 940 Ηιινιι.
1136 876 1185 938 At
1208 874 1300 938 Lasc.

201 981 274 1044 Pur.
290 980 378 1044 A.B.
394 977 481 1043 Flor.
497 981 539 1042 A.
558 998 585 1045 2.
605 998 655 1044 ιο.
673 994 724 1065 15.
750 981 1012 1062 στιγκαθίστανται,
1029 980 1101 1042 Pur.
1119 978 1202 1041 B.D.
1229 1002 1302 1059 αυγ-

200 1081 407 1146 καθίστανται.
443 1081 621 1167 Musgrav.
636 1080 716 1146 vidit
730 1080 860 1146 similem
875 1105 940 1146 esse
954 1080 1213 1146 constructionem
1231 1081 1301 1143 Ho-

199 1182 324 1247 mericae
336 1183 375 1248 ΙΙ.
385 1189 423 1261 Τ,
435 1204 506 1264 140.
522 1189 601 1266 δῶρα
612 1182 637 1248 δ’
650 1186 727 1267 ἐγῖσν
739 1186 789 1248 ὅδε
800 1184 898 1249 πάντα
908 1191 1090 1268 παρασχεῖν.
1106 1182 1297 1249 ΜΑΤΤΗ.

244 1289 316 1372 296.
332 1288 452 1370 ἰατροῖς]
472 1290 559 1373 ἰατρῷ
575 1286 660 1351 Flor.
674 1306 703 1352 2.

244 1391 318 1474 298.
334 1389 376 1476 εί]
392 1390 429 1470 ἥν
443 1389 520 1454 Ald.
532 1406 564 1455 et
580 1390 667 1455 Flor.
685 1409 715 1457 2.
731 1405 944 1455 acorreetore.

242 1513 318 1580 301.
333 1494 457 1581 πόνους]
474 1495 584 1575 λόγους
598 1495 625 1556 F
628 1492 683 1556 lor.
700 1496 744 1558 A.
762 1513 812 1558 10.

242 1614 317 1682 3ο2.
333 1600 374 1681 τῷ
391 1596 537 1682 Scaliger.
576 1595 667 1660 Libri
682 1603 751 1660 τῶν.

242 1718 316 1785 303.
340 1696 487 1784 ἐτέγγεθ]
505 1698 639 1781 ἐθέλγεθ
657 1699 733 1764 Ald.
748 1699 813 1764 rell.
850 1699 912 1764 Sed
929 1697 1061 1782 ἐτέγγεθ
1078 1698 1166 1762 Flor.
1181 1698 1226 1759 A.
1244 1716 1296 1761 10.

199 1801 299 1867 Paris.
316 1823 399 1864 omn.
416 1803 523 1866 Huvn.
547 1802 681 1885 ἐθέλγεθ
698 1802 783 1867 Flor.
801 1821 831 1869 2.
848 1802 902 1867 sed
925 1825 1021 1889 supra
1038 1800 1229 1886 adscriptum
1246 1825 1297 1881 γρ.

198 1902 342 1986 ἐτίγγεθ.
375 1906 496 1968 Contra
510 1904 644 1987 ἐθέλγεθ
660 1927 718 1992 pro
732 1929 763 1970 v.
778 1903 799 1970 l.
815 1921 988 1970 memorant
1003 1907 1077 1969 Pur.
1095 1905 1181 1967 A.B.
1211 1904 1295 1985 ε’τέγ-

197 2005 260 2090 γεθ
275 2005 550 2086 accommodatius,
565 2007 620 2072 ubi
636 2031 737 2073 sermo
751 2023 797 2073 est
812 2009 852 2073 de
862 2007 1019 2074 obstinata
1028 2006 1122 2071 animi
1135 2006 1297 2069 voluntate

197 2109 366 2175 mollienda
389 2124 421 2175 et
440 2110 665 2199 expugnanda,
688 2134 784 2199 quum
808 2111 983 2195 θέλγεσθαι,
1006 2109 1093 2197 quod
1118 2110 1158 2174 de
1181 2109 1295 2174 affectu

197 2212 371 2302 mitigando
385 2230 567 2302 usurpatur.
589 2216 782 2279 ΜΑΤΤΗ.

240 2319 314 2402 306.
332 2318 444 2402 δόμων]
463 2318 577 2399 θρόνων
592 2320 665 2382 Par.
684 2320 724 2383 A.

241 2439 316 2504 312.
332 2422 415 2487 αὓθις
429 2436 499 2507 post
514 2420 589 2485 τοῦδ’
606 2421 694 2507 ponit
710 2423 783 2485 Par.
802 2422 845 2485 A.

242 2522 338 2606 αὖθις]
369 2523 516 2587 Posthac.
554 2524 745 2611 Hesychius,
775 2525 874 2590 αὖθιςι
912 2521 1017 2600 πάλιν,
1045 2518 1064 2600 ἢ
1093 2523 1168 2601 μετὰ
1192 2525 1295 2584 ταῦτα.

198 2625 348 2688 ΜΟΝΚ.
372 2626 482 2703 Recte,
498 2625 556 2689 nisi
570 2628 653 2694 αὖθις
667 2631 758 2709 σιγᾶν
772 2648 830 2714 pro
838 2625 879 2707 μὴ
894 2626 976 2692 αὖθις
990 2624 1094 2707 λέγειν
1107 2623 1225 2688 dictum
1238 2639 1293 2688 est.

241 2729 317 2810 316.
334 2725 449 2812 φέρεις]
466 2735 569 2809 φορεῖς
584 2730 655 2792 Par.
673 2731 715 2793 A.

241 2828 314 2913 318.
332 2829 436 2905 Verte,
452 2852 529 2892 uum
546 2851 563 2893 e
580 2831 757 2896 σαίαιηῖίαία
776 2832 816 2896 αθ
830 2833 957 2895 inimico
976 2831 1082 2917 aliquo
1098 2831 1156 2894 tibi
1178 2831 1294 2893 moto?

199 2932 336 2996 ἐπακτόν.
360 2933 469 3011 ἔξωθεν
484 2932 660 3015 ἐπηγμένον.
677 2934 818 3021 Hesych.
842 2934 984 3020 Exponit
999 2932 1172 3009 scholiasta,
1185 2933 1296 3012 ἐπακτῆ

197 3034 324 3114 πημονὴ,
341 3035 450 3113 ἔξωθεν
464 3034 633 3116 ἐπαγομένη
648 3038 769 3117 γοητεία
782 3039 863 3118 παρὰ
877 3042 935 3099 τῶν
951 3038 1075 3119 ἐχθρῶν.
1099 3036 1249 3099 ΜΟΝΚ.

240 3154 314 3222 322.
339 3139 465 3221 ἐξαίρειν
486 3137 536 3202 hic
558 3152 605 3203 est
625 3141 774 3219 excitare,
788 3139 956 3226 impellere,
973 3155 1009 3201 ut
1029 3138 1061 3201 iu
1084 3137 1204 3201 Alcest.
1217 3157 1236 3222 3
1238 3139 1294 3223 56.

197 3239 268 3305 Otr'
284 3242 322 3305 ἂν
336 3239 420 3324 φρέν’
438 3243 580 3324 ἐξαίροιμι
601 3242 674 3324 πρὸς
688 3245 787 3322 Λίβυν
807 3249 914 3306 λακεῖν
929 3243 1038 3307 Αὗλόν.
1062 3264 1125 3327 qua
1140 3240 1294 3327 significa·

198 3343 281 3408 tione
296 3344 410 3432 saepius
424 3344 539 3408 dicitur
553 3345 696 3428 ἐπαίρειν.
720 3345 870 3408 ΜΟΝΚ.

239 3467 315 3531 324.
331 3451 365 3512 ἐν
379 3451 411 3512 δὲ
427 3450 477 3512 σοὶ
491 3451 687 3534 λελείψομαι]
710 3451 785 3513 Tua
800 3471 873 3513 uero
887 3470 984 3535 opera
1003 3470 1030 3512 ς.
1046 3449 1139 3535 culpa
1150 3449 1294 3535 proposi-

195 3557 263 3614 tum
292 3572 393 3614 meum
418 3575 483 3616 uon
507 3573 669 3640 assequar,
692 3561 806 3616 conatu
829 3573 894 3616 meo
919 3566 950 3614 te
973 3550 1116 3614 flectendi
1140 3552 1291 3615 effectuum.

197 3651 391 3718 MATTH.
436 3655 547 3739 Longe
561 3652 621 3717 ulia
636 3676 723 3717 mens
737 3667 782 3717 est
797 3669 909 3740 poetae.
946 3653 1073 3740 Quippe
1088 3652 1166 3717 illud
1181 3656 1216 3718 οὗ
1231 3654 1291 3734 δῆθ’

196 3757 307 3819 ἑκοῦσα
321 3777 381 3819 non
397 3770 444 3819 est
458 3754 498 3818 ud
522 3755 669 3819 remotius
688 3754 767 3819 illud
791 3757 936 3821 Phaedrae
959 3758 995 3820 ἔα
1011 3755 1039 3836 μ’
1056 3759 1198 3837 άμαρτεῖν
1212 3759 1292 3821 refe-

195 3858 340 3935 rendum,
358 3870 391 3919 ut
404 3856 442 3920 sit
458 3858 493 3920 οὐ
507 3856 568 3936 δῆθ’
586 3858 694 3922 ἑκοῦσά
709 3857 737 3921 c'
755 3859 834 3923 ἐάσω
851 3864 1001 3941 ἁμαρτεῖν,
1018 3860 1070 3923 sed
1095 3859 1134 3922 ad
1158 3859 1190 3922 id
1206 3860 1293 3946 quod

193 3975 386 4045 postremum
402 3959 507 4046 posuit
522 3961 626 4044 οὐγὰρ
643 3963 672 4028 ἐς
687 3960 714 4025 α’
731 3963 896 4045 ἁμαρτάνω.
928 3962 983 4026 Ad
999 3962 1084 4050 quod
1100 3963 1153 4028 illa
1167 3987 1294 4050 respon-

194 4060 248 4125 det
263 4062 297 4124 οὐ
310 4060 371 4140 δῆθ’
389 4063 498 4126 ἑκοῦσά
513 4089 559 4145 γε,
575 4063 689 4129 scilicet
705 4069 746 4133 είς
761 4069 813 4146 ἐμὲ
828 4066 1013 4147 ἁμαρτάνεις,
1030 4069 1064 4131 ἐν
1079 4069 1110 4130 δέ
1126 4068 1176 4130 σοὶ
1190 4070 1292 4132 λελεί-

194 4171 300 4246 ψομαι.
346 4166 419 4228 Nou
435 4165 562 4251 quidem
577 4166 705 4231 consilio
727 4168 757 4230 io
777 4190 825 4231 me
848 4192 967 4254 peccas,
983 4170 1037 4233 sed
1060 4170 1083 4233 si
1107 4183 1142 4234 tu
1165 4170 1292 4257 peribis,

193 4289 252 4352 ego
274 4290 401 4353 quoque
423 4266 572 4333 occidero.
612 4271 730 4334 Confer
752 4271 823 4336 Alc.
843 4275 916 4357 389.
944 4275 1033 4355 ὄρθου
1058 4276 1229 4356 πρόσωπον,
1251 4276 1292 4355 μὴ

192 4369 282 4453 λίπῃς
302 4374 409 4436 παῖδας
430 4368 611 4436 σέθεν-οὖ
632 4370 693 4452 δῆθ’
709 4375 820 4438 ἑκοῦσά
841 4374 880 4459 γ’,
896 4378 979 4441 άλλὸ
1001 4375 1167 4461 χαίρετ’,.ῖι
1190 4377 1290 4441 πέκνα.

194 4470 234 4533 L.
251 4471 477 4538 DINDORF.
