2864 4914
340 259 718 349 Annouxnmnas
741 284 810 349 AD
833 281 1104 357 surratcas.
1209 280 1277 351 aas

173 474 279 519 rarum
295 456 407 521 terruit
421 477 501 533 eam,
514 470 546 521 et
561 455 697 521 excussit
714 455 820 521 auimo
836 477 943 543 preces
956 475 1037 542 quas
1058 466 1274 539 proposuerat,

172 569 204 620 et
218 555 376 622 diversum
390 580 491 644 genus
505 579 632 644 precum
645 557 812 645 suggessit,
824 556 949 645 majoris
960 557 1129 631 momenti;
1151 576 1273 642 nempe,

173 681 232 745 pro
245 659 344 724 salute
366 682 434 738 sua,
449 674 479 724 et
496 659 624 737 Thesei,
638 676 670 726 et
692 660 822 739 Patriae,
839 660 923 726 unde
945 681 1068 725 necesse
1087 672 1155 723 erat
1170 672 1204 723 ut
1225 679 1274 725 aa·

172 761 352 827 cerdotibus
364 777 504 827 narraret
514 762 592 849 quid
607 786 667 851 pro
680 787 716 829 ea
726 765 793 853 jam
809 763 928 852 precari
944 762 1103 828 deberent.
1119 760 1273 825 MARK.

224 883 269 930 to.
284 863 512 949 apoorlrvouo']
531 864 622 930 Libri
635 867 860 948 apoorrtrumio’.

220 985 268 1048 ¹7·
293 968 391 1051 θάψας
416 968 522 1052 χθονί]
551 968 625 1032 Non
647 967 842 1056 superfluum
867 981 915 1032 est
938 967 1035 1051 χθονί·
1059 964 1167 1030 multae
1190 963 1274 1030 euim

174 1086 248 1134 sunt
262 1072 356 1154 ταφαὶ
369 1092 443 1157 quae
465 1092 527 1135 non
542 1071 662 1135 suntin
677 1082 774 1139 terro.
810 1070 890 1136 Vide
909 1070 950 1135 ad
972 1093 1003 1135 v.
1020 1089 1094 1155 935.
1119 1067 1274 1133 MARK.

175 1171 263 1238 Nihil
286 1172 419 1259 probant
434 1196 507 1260 quae
527 1172 589 1238 illic
606 1173 713 1241 attulit
735 1174 956 1241 Marklandus.
989 1172 1088 1255 θάψας
1108 1172 1196 1256 χθονὶ
1216 1171 1275 1236 etsi
1385 1194 1391 1229 1

174 1274 300 1340 defendi
322 1290 436 1362 potest,
452 1275 565 1341 mirum
581 1293 685 1343 tamen
708 1278 734 1343 si
752 1277 796 1343 sic
811 1277 913 1343 dicere
928 1275 1038 1341 maluit
1051 1297 1147 1363 quam
1164 1275 1276 1358 κρύψαι

174 1379 271 1461 χθονὶ,
286 1377 372 1465 quod
387 1377 419 1441 in
435 1377 593 1444 Androm.
609 1383 701 1461 1264.
716 1381 833 1468 legitur
846 1392 879 1444 et
892 1377 966 1446 alibi
981 1401 1043 1443 non
1059 1400 1141 1443 raro.

221 1480 271 1544 18.
287 1482 518 1566 disparascere]
537 1483 704 1548 Creontem
719 1482 805 1561 dicit,
823 1482 1008 1547 Thebarum
1023 1503 1138 1568 regem.

219 1599 270 1645 20.
293 1584 396 1665 χρείας
418 1583 497 1663 ἐμῆς,
513 1585 532 1647 i.
549 1607 576 1650 e.
591 1587 694 1669 χρείας
714 1588 795 1666 έμοῦ.
817 1588 923 1670 χρείαν
938 1586 1018 1668 έχων
1033 1586 1105 1665 ἐμοῦ
1122 1585 1274 1667 (δεόμενος

175 1685 255 1763 ἐμοῦ,
280 1705 347 1747 mec
367 1707 424 1770 ope
445 1687 610 1773 indigena)
636 1690 718 1775 κοινῇ
739 1694 854 1765 ταῖσδε,
874 1690 1011 1776 pariter,
1033 1696 1070 1751 ut
1088 1688 1169 1764 ittae,
1184 1706 1273 1773 opert

173 1807 271 1855 meam
294 1787 477 1874 implorans.
524 1790 588 1853 Pro
610 1792 715 1873 χρεέαν
738 1792 809 1871 ἐμοῦ
832 1791 911 1874 ἔχων
933 1789 1014 1855 dixit
1036 1791 1150 1871 φόρτον
1169 1789 1273 1873 χρείας

174 1889 253 1969 ἐμῆς,
269 1889 343 1975 quia
358 1913 454 1976 grave
466 1906 514 1954 est
527 1891 659 1957 aliorum
674 1892 824 1959 auxilium
838 1891 1013 1979 implorare.
1036 1892 1230 1958 MATTH.

218 2010 269 2058 ας.
292 1999 386 2056 κεῖται
398 1993 526 2079 proprio
541 2017 631 2059 sensu
647 1995 781 2083 accipio:
806 2019 877 2060 nam
900 1998 1042 2083 lugentes
1063 1994 1151 2061 humi
1167 1995 1273 2081 jacere

173 2092 280 2157 solent.
298 2093 361 2158 vid.
378 2093 475 2181 Soph.
488 2095 545 2182 xj.
558 2115 633 2180 309.
644 2116 681 2181 31
692 2117 719 2161 1.
730 2113 805 2183 325.
823 2098 904 2162 Hec.
916 2099 992 2179 482.
1007 2096 1136 2161 Heracl.
1151 2097 1213 2183 638
1225 2120 1272 2184 sq.

175 2197 270 2259 Herc.
287 2197 365 2260 Fur.
387 2200 478 2282 1163.
501 2199 591 2281 1185.
630 2200 833 2263 Hermannus
855 2198 1022 2286 legendum
1040 2199 1171 2286 conjecit
1184 2201 1271 2275 ἵεται,

172 2297 259 2384 quod
282 2298 358 2362 mihi
380 2298 528 2385 languere
544 2300 679 2365 videtur.
703 2303 895 2365 MATTH.
939 2303 1012 2366 Non
1035 2300 1162 2367 videtur
1183 2303 1271 2368 Mat-

174 2400 248 2464 thiae
261 2401 412 2487 cogitasse
425 2402 504 2488 quid
520 2403 695 2467 Adrastum
712 2403 830 2469 deceat.
853 2405 953 2469 Recte
969 2407 1171 2469 Hermanuus
1185 2406 1271 2471 ἵεται.

216 2506 251 2568 τό
265 2507 288 2567 τ’
305 2506 407 2588 ἔγχος]
427 2507 560 2569 Hastam
576 2528 640 2592 qua
657 2530 731 2570 usus
744 2522 792 2571 est
805 2507 837 2570 in
854 2506 946 2572 bello.

217 2625 267 2689 27.
281 2607 390 2694 μόνον]
405 2610 487 2693 μόνῳ
503 2606 722 2672 Marklandus.
747 2610 889 2674 Frustra.
911 2608 1009 2673 Nihil
1020 2610 1086 2673 τοῦτ’
1100 2609 1156 2674 lroc
1167 2611 1272 2697 operia

171 2712 347 2798 injungens
358 2711 436 2796 filio
460 2732 537 2788 meo,
561 2724 595 2773 ut
615 2709 731 2775 occisos
752 2709 945 2798 sepeliendos
968 2726 1067 2790 curet,
1090 2733 1152 2775 uon
1179 2727 1216 2777 ut
1236 2734 1274 2777 ea

172 2811 265 2877 etiarn
281 2827 421 2900 peragat,
437 2835 510 2898 quae
523 2813 590 2899 ipse
604 2811 763 2877 Adrastus
776 2812 895 2878 efficere
909 2836 972 2878 non
990 2828 1145 2902 potuerat,
1161 2815 1273 2888 urbem

172 2931 332 3002 expugnet
347 2932 379 2978 et
393 2916 516 2979 exsules
536 2914 675 2993 redueat,
692 2915 740 2980 vel
759 2915 878 2980 cladem
895 2916 1026 3004 Argivis
1043 2915 1159 2982 illatam
1181 2917 1272 2983 ulcis-

171 3033 270 3082 catur.
296 3019 489 3082 MATTH.

213 3140 268 3205 30.
283 3126 383 3201 σρῦτα
397 3120 528 3184 codices.
551 3125 668 3200 πρῶτον
684 3119 761 3183 Ald.
801 3121 925 3206 Fruges
938 3119 1074 3206 primum
1090 3122 1270 3209 apparuisse

172 3221 202 3284 in
230 3221 327 3285 Rario
352 3243 463 3307 campo
493 3221 655 3286 Eleusinio
680 3245 719 3285 ex
746 3223 903 3287 Pausania
929 3243 957 3300 1,
979 3222 1036 3306 38,
1056 3225 1087 3287 6.
1108 3226 1270 3292 annotavit

173 3325 297 3411 Musgr.

213 3446 268 3513 32.
300 3426 455 3492 Videntur
483 3425 638 3514 supplices
666 3425 791 3490 feminae
817 3423 964 3489 AEthram
994 3426 1083 3491 sertis
1110 3450 1268 3495 ramorum

169 3531 311 3596 cinxisse.
359 3529 398 3593 Id
421 3552 458 3593 ea
479 3529 591 3608 δεσμὸν
611 3528 760 3617 appellat,
786 3526 935 3615 religione
960 3543 1060 3594 tacta:
1086 3529 1170 3597 unde
1194 3555 1268 3599 mox

171 3658 200 3699 v.
214 3637 267 3720 36.
291 3633 429 3713 σέβουσα
450 3630 474 3695 δ’
491 3634 555 3713 ἱερὰ
575 3631 738 3712 στέμματα,
754 3647 785 3696 et
800 3656 831 3694 v.
847 3650 917 3712 114
941 3633 1062 3700 ἱκεσίοις
1074 3635 1108 3698 δὲ
1122 3634 1180 3701 σῦν
1194 3635 1265 3703 κλό-

170 3742 230 3805 ὀοις
255 3736 421 3819 φρουροῦσί
439 3732 468 3815 μ’
491 3736 526 3799 έν
551 3736 658 3819 κύκλῳ,
675 3750 706 3798 et
729 3757 760 3800 11.
782 3724 857 3820 369.
880 3733 961 3808 ἀλλ’,
984 3732 1008 3799 ὦ
1029 3738 1156 3819 γεραιοὶ,
1182 3738 1267 3821 σέμν’

169 3840 323 3921 ἀφαιρεῖτε
345 3837 443 3919 στέφη
464 3838 582 3917 μητρός.
628 3838 663 3900 Is
682 3837 792 3917 δεσμὸς
806 3855 852 3901 est
871 3838 1010 3917 ἄδεσμος,
1026 3839 1101 3925 quia
1116 3841 1182 3907 sola
1194 3839 1267 3906 reli·

169 3940 261 4028 gione
276 3941 410 4005 vinctam
426 3953 521 4004 tenet.
545 3940 697 4004 HEnM.

211 4062 264 4127 33.
280 4043 374 4126 μένω]
392 4048 472 4122 μενῶ
486 4040 564 4105 Ald.

211 4166 264 4231 35.
279 4144 420 4228 μητέρας]
436 4143 566 4225 ματέρας
582 4141 659 4207 Ald.
677 4156 709 4207 ut
726 4141 813 4206 solet.

211 4250 264 4333 36.
279 4247 341 4330 ἱρὰ]
361 4245 562 4310 Scribebatur
578 4244 652 4327 ἱερά.

210 4371 264 4437 37.
280 4349 379 4434 κήρνξ]
398 4348 624 4414 Revocandum
641 4352 727 4431 κῆρυξ
742 4371 780 4413 ex
797 4347 876 4415 Ald.

211 4454 263 4539 38.
289 4454 328 4517 In
350 4450 452 4515 verbis
474 4451 507 4514 τὸ
529 4453 639 4517 τούτων
659 4450 776 4533 λυπρὸν
797 4453 839 4531 ἐξ.
860 4452 970 4535 χθονός
990 4450 1148 4519 haeserunt
1168 4452 1264 4528 inter·

679 4571 763 4639 cc3
