2864 4914
517 300 586 363 AD
610 299 862 363 HECUBAM.
1199 301 1243 366 77

183 467 273 554 nord]
297 469 368 535 τόδε
389 469 485 535 schol.
507 470 642 534 Homeri
660 486 692 535 et
713 470 803 535 codd.
826 469 911 536 Flor.
931 470 1008 550 duo,
1029 469 1186 557 adscripto
1207 470 1239 533 in

138 567 238 634 altero
253 598 301 655 γρ.
324 573 409 637 κσκό.
454 573 576 637 Eadem
599 574 762 661 scripturae
784 572 947 638 diversitas
967 587 1015 637 est
1036 572 1121 659 apud
1141 572 1238 659 Soph.

138 671 275 739 Philoct.
296 674 371 759 538.
418 677 494 740 Post
518 676 593 740 κοκό
616 675 788 764 typothetae
809 675 904 764 culpa
925 690 1078 762 punctum
1101 674 1238 764 positum

138 788 185 838 est
201 798 259 862 pro
273 778 362 864 signo
376 777 597 865 interrogandi.

185 896 278 962 1255.
295 879 394 965 τῶνδ’]
412 887 470 946 τῶν
484 880 509 944 τ’
525 881 617 946 codd.
634 881 735 947 multi.

185 983 280 1066 1256.
310 984 335 1046 δ’
361 985 455 1064 ήμᾶς;
497 987 580 1067 (nam
611 984 654 1049 sic
682 983 956 1071 distinguendum)
986 983 1123 1072 Scaliger
1151 984 1238 1070 apud

137 1079 252 1146 Elmsl.
267 1082 307 1147 ad
324 1085 439 1150 Bacch.
459 1088 532 1151 261.
548 1087 582 1151 δέ
593 1113 631 1167 με
646 1089 734 1151 Β.Η.
750 1101 782 1152 et
796 1110 849 1151 sex
864 1087 925 1151 alii.
950 1087 1053 1152 Ceteri
1070 1109 1141 1151 oum
1157 1086 1236 1151 Ald.

137 1186 190 1246 δοό
199 1210 248 1264 με.

185 1305 277 1370 1257.
292 1290 419 1374 χαίρεις]
437 1294 553 1374 χαίροις
567 1314 621 1355 sex
636 1291 728 1356 codd.

184 1391 275 1474 1258.
295 1391 364 1474 χμή,
378 1394 430 1478 σὲ]
449 1393 535 1456 Nihil
551 1417 668 1458 caussae
682 1410 748 1458 erat
762 1417 819 1458 0111
833 1393 967 1458 editores
981 1407 1138 1458 mutarent
1150 1392 1237 1479 quod

135 1490 168 1553 111
185 1490 261 1555 Ald.
278 1494 427 1580 scriptum
443 1511 490 1559 est
503 1495 562 1579 χρή
577 1522 623 1560 σε.

183 1597 277 1660 1260.
291 1593 469 1676 Ἑλληνίδος
482 1596 614 1662 codices.
636 1597 817 1665 Ἑλλανίδος
832 1597 908 1662 Ald.

184 1698 278 1782 1263.
296 1698 381 1783 ναὸς]
400 1699 469 1780 νηδς
484 1701 529 1763 Η.
544 1698 660 1785 aliique
675 1700 827 1764 nonnulli.

181 1799 325 1884 ὰνβήσει]
344 1800 465 1883 &edim
480 1801 558 1866 ΑΜ·
583 1802 701 1882 mpla„
717 1803 757 1866 B.

185 1903 276 1986 1265.
296 1902 433 1987 γενήσει]
450 1903 563 1986 γενήσῃ
578 1903 655 1967 Ald.
700 1906 752 1968 De
774 1904 910 1967 Hecuba
932 1903 962 1967 in
985 1927 1091 1969 canem
1116 1921 1237 1972 mutata

134 2004 262 2070 videndi
277 2030 357 2093 quos
372 2008 576 2072 Hermannus
589 2022 741 2073 memorat
754 2008 937 2093 interpretes
949 2008 1071 2096 Hygini
1083 2009 1146 2074 fab.
1165 2031 1235 2074 111.

135 2121 167 2171 et
184 2109 333 2173 Potterus
346 2108 386 2172 ad
403 2110 566 2198 Lycophr.
581 2131 657 2196 331.

181 2213 277 2275 1266.
293 2210 317 2274 δ’
333 2234 393 2276 om.
409 2212 500 2277 codd.
517 2213 707 2299 quindecim.

182 2315 276 2396 1267.
300 2314 437 2398 δ’Θμήξὶ
458 2316 766 2401 μάντις-Διόνυσος]
790 2316 842 2380 De
863 2316 920 2379 hoc
940 2319 1066 2381 oraculo
1082 2317 1152 2382 vide
1168 2320 1235 2383 He-

133 2415 282 2480 rodotum
296 2433 327 2499 7,
340 2438 410 2481 111.
426 2434 458 2482 et
470 2417 669 2482 Macrobium
687 2420 813 2482 Saturn.
828 2440 856 2497 1,
871 2420 918 2483 18.
930 2420 971 2483 ab
984 2422 1111 2507 Musgr.
1126 2421 1235 2485 citatos

133 2533 166 2583 et
180 2519 264 2583 conf.
281 2520 378 2584 Rhesi
396 2543 425 2583 v.
441 2536 515 2605 972.

182 2638 275 2704 1270.
293 2622 403 2708 ἐνθάδ’]
425 2624 465 2686 ln
481 2623 569 2687 mari.

177 2726 263 2809 βίον]
281 2725 467 2790 Absurdnm
484 2741 530 2791 est
543 2727 615 2807 βίον
631 2740 701 2814 post
717 2724 881 2806 θονοῦσοή
896 2733 976 2803 ζῶσα
990 2727 1117 2792 dictum.
1157 2730 1235 2791 Cor-

132 2827 299 2914 rigendum
314 2832 429 2910 πότμον
443 2851 515 2892 011111
532 2827 728 2915 Musgravio.
754 2828 804 2892 Sic
818 2831 889 2908 βίον
904 2851 962 2915 pro
976 2833 1090 2910 πότμον
1100 2830 1132 2894 111
1149 2831 1235 2895 libris

132 2931 323 3018 quibusdam
340 2931 503 3018 Sophoclis
518 2931 629 3017 Antig.
648 2933 697 3016 83.
714 2930 839 3017 legitur.

182 3053 273 3118 1271.
290 3039 335 3120 σῷ
351 3037 389 3099 Β.
405 3050 437 3098 et
452 3049 568 3120 septem
584 3033 646 3098 alii.
669 3034 726 3096 σδν
741 3033 818 3097 Ald.

177 3157 269 3224 1273·
285 3138 510 3222 κυνὸς-σῆμα]
528 3139 580 3200 De
594 3160 659 3222 quo
674 3161 704 3199 v.
723 3136 835 3200 Strabo
849 3156 898 3222 13.
916 3160 946 3224 p.
962 3158 1035 3224 595.

181 3244 271 3324 1276.
287 3247 380 3305 τοῦτο
394 3243 456 3325 σοὶ]
477 3241 575 3305 Recte
590 3238 660 3303 edd.
678 3253 794 3302 veteres
808 3238 901 3303 τοῦτό
915 3266 975 3303 σοι.

181 3346 271 3426 1278.
297 3343 404 3408 Facile
424 3342 496 3430 quis
521 3365 578 3429 pro
598 3341 684 3422 μήπω
706 3341 849 3427 conjiciat
869 3341 909 3422 μή
932 3367 1014 3407 ποτε.
1062 3343 1123 3408 Sed
1146 3344 1232 3425 μήπω

132 3446 241 3510 eodem
257 3469 347 3510 sensu
365 3445 465 3510 Attici
480 3468 537 3531 per
550 3448 691 3525 λιτότητα
705 3444 862 3531 quandam
878 3443 1047 3530 aliquando
1066 3462 1231 3535 usurpant.

134 3549 304 3639 Sophocles
326 3552 442 3615 Electr.
460 3570 534 3636 403.
560 3552 606 3614 Οὐ
631 3555 712 3630 δῆτα·
736 3549 821 3630 μήπω
844 3553 897 3613 νοῦ
921 3549 1037 3615 τοσόνδ’
1062 3554 1125 3630 εἴην
1150 3551 1232 3632 κενή.

179 3771 272 3839 1279.
289 3756 397 3819 καύτόν
411 3781 447 3838 γε
464 3754 549 3821 Flor.
568 3776 650 3818 unus
661 3769 692 3818 et
705 3757 790 3840 Aug.
804 3776 894 3817 unus.
920 3753 1025 3817 καύτὸν
1036 3756 1068 3817 δὲ
1083 3753 1231 3820 tredecim

130 3857 192 3923 alii.
215 3860 323 3923 καύτόν
336 3884 369 3922 τε
384 3858 462 3923 Ald.
510 3857 571 3922 Sed
588 3880 696 3921 verum
714 3856 837 3920 videtur
851 3855 937 3942 quod
954 3869 999 3919 est
1015 3855 1046 3919 in
1063 3857 1101 3920 B.
1117 3875 1148 3921 et
1164 3882 1232 3945 sep-

130 3977 194 4027 tem
213 3960 280 4025 aliis
302 3961 409 4025 καύτὸν
429 3963 477 4035 σὲ,
492 3959 631 4024 oratione
650 3959 690 4023 ad
707 3961 977 4045 Agamemnonem
1000 3981 1158 4039 conversa,
1174 3984 1231 4026 nec

128 4077 232 4128 tamen
254 4080 419 4150 propterea
440 4085 521 4150 opus
542 4077 588 4126 est
610 4075 645 4125 ut
660 4083 691 4124 v.
707 4063 799 4143 1278.
815 4060 1046 4147 Agamemnoni
1061 4062 1228 4129 tribuatur.

132 4165 338 4231 Scribendum
355 4181 457 4230 autem
475 4166 581 4228 καύτόν
595 4189 633 4226 σε
647 4185 718 4227 011111
735 4161 905 4226 Brunclrio.

176 4270 270 4333 1280.
286 4266 518 4356 Agamemnoni
535 4265 645 4331 tribuit
661 4267 700 4330 Β.
725 4265 868 4329 Hecubae
883 4263 963 4328 Ald.

177 4373 270 4438 1281.
286 4371 441 4455 ἀναμένει]
461 4368 665 4435 Scribendum
683 4368 816 4449 ἀμμένει,
832 4368 918 4453 quod
930 4370 958 4433 F
961 4368 1017 4433 lor.
1035 4391 1117 4432 unus
1130 4393 1149 4432 a
1163 4393 1230 4434 cor-
