2864 4914
160 295 225 359 4³0
518 289 897 356 ANNOTATIONES

207 481 277 540 140.
292 463 424 547 σπεύδω]
441 464 563 528 σπεύσω
579 463 653 525 Par.
669 462 709 526 B.

207 580 279 650 145.
293 588 337 632 τις
351 563 571 629 Marklundus.
607 562 700 627 Libri
712 589 750 627 τι.

206 669 278 746 146.
294 665 504 752 τροχάλοισιν]
517 665 679 749 τροχίλοις
692 667 767 730 Pur.
782 666 825 730 A.

205 787 276 852 149.
291 766 362 832 τάδε
376 768 504 833 accessit
518 791 558 832 ex
574 770 647 832 Par.
664 769 744 834 ΒΕ.
760 766 848 832 Flor.
866 786 892 829 1.
913 784 944 831 2.

204 871 343 951 ἑξάρμονς
362 892 402 933 ex
425 870 467 933 L.
483 867 640 933 Diodorfii
655 868 790 934 editione
806 867 961 943 relictum,
976 865 1032 953 qui
1044 866 1105 932 hoc
1118 889 1159 931 ex
1177 868 1271 933 Her-

160 971 264 1037 marmi
279 971 458 1058 conjectura
476 971 582 1060 posuit
595 993 668 1036 cum
689 971 832 1055 χαλινοὺς
853 968 1120 1057 conjungendum.
1165 969 1268 1036 Libri

161 1073 278 1154 ἐξόρμα.
316 1073 388 1150 Quo
413 1087 536 1138 servato
560 1074 765 1139 Hermauuus
789 1095 873 1138 nunc
898 1087 1001 1139 totum
1023 1070 1110 1137 hunc
1130 1093 1268 1136 versum

160 1188 232 1261 post
250 1192 321 1257 152.
339 1173 536 1260 transposuit.

207 1295 276 1361 150.
300 1274 338 1355 ἣν
351 1275 409 1358 γάρ
431 1300 478 1341 νιν
495 1282 626 1357 πομπαῖς
638 1275 782 1363 δικάσῃς]
807 1276 957 1361 Ineptum
972 1286 1020 1339 cst
1033 1276 1103 1356 γὰρ,
1118 1295 1182 1360 pru
1196 1295 1270 1360 quo

161 1381 193 1443 ol
209 1378 268 1443 dici
283 1377 405 1459 debuit,
418 1378 510 1443 etiam
534 1380 558 1442 si
581 1378 805 1468 praecedentem
822 1399 947 1443 versum
961 1376 992 1442 in
1009 1375 1112 1442 locum
1128 1374 1267 1440 inferio-

159 1504 225 1546 rem
241 1494 433 1568 transponas.
478 1483 592 1567 Neque
613 1481 742 1561 ἀντήσῃς
757 1502 830 1546 οαα1
852 1478 1029 1546 accusativo
1042 1477 1184 1544 construi
1206 1501 1268 1565 po-

161 1584 231 1649 tuit.
276 1583 424 1669 Denique
443 1582 520 1648 mire
534 1583 653 1649 dictum
667 1599 714 1649 est
728 1589 866 1665 πομπαῖς.
911 1583 1012 1648 Recte
1034 1579 1269 1646 Boisconudius

160 1686 312 1773 conjicere
325 1685 452 1750 videtur
473 1685 624 1751 nonnulla
640 1700 713 1751 ante
734 1686 819 1750 hunc
833 1707 957 1750 versum
971 1683 1132 1749 excidisse.
1180 1684 1270 1762 Quae

161 1805 265 1853 autem
289 1803 469 1876 supersunt,
484 1788 614 1853 fortasse
636 1789 678 1853 sic
696 1803 770 1853 sunt
791 1785 1030 1875 corrigeudalpt
1050 1789 1109 1870 γδρ
1127 1792 1270 1867 πομπαῖς

161 1891 302 1971 ἀντήσῃς.

204 1992 334 2079 dudo-pp
347 1991 476 2057 codices.
500 1991 634 2070 δντήσας
646 1990 725 2057 Ald.

206 2110 278 2180 151.
300 2092 420 2176 ἐξόρμα,
435 2100 501 2159 σεῖε
514 2095 659 2177 χαλινοὺς
674 2093 887 2158 Blomlieldus.
927 2092 1110 2179 Legebrtur
1132 2093 1271 2176 δξορμά·

161 2222 226 2264 σεις
240 2197 308 2265 τοὺς
322 2197 475 2281 χαλινούς.

206 2313 278 2384 151.
295 2299 651 2385 Κυκλάτον-θνμέλας]
672 2300 833 2386 Mycenas,
848 2321 870 2363 a
883 2297 1076 2385 Cyclopibus
1088 2297 1248 2364 conditas.

207 2403 277 2486 156.
300 2401 403 2488 τήνδε]
427 2400 532 2487 Vulgo
553 2405 632 2481 τῇδε,
653 2401 740 2488 quod
763 2400 984 2466 revocandum.
1022 2401 1062 2464 lu
1080 2401 1154 2465 Per.
1171 2402 1213 2465 B.
1230 2415 1269 2466 et

161 2503 248 2568 Flor.
266 2521 294 2567 2.
310 2503 408 2582 τήνδε,
424 2503 649 2589 suprascripto
663 2508 742 2583 τῇδε.

209 2609 280 2670 161.
296 2608 352 2689 εἰς]
372 2604 472 2669 Scrib.
489 2608 531 2672 ἐς.

207 2708 278 2789 164.
289 2708 454 2795 ΧΟΡΟΣ.]
471 2706 612 2772 Chorum
623 2730 685 2771 non
700 2732 741 2772 ex
756 2708 937 2773 mulieribus
952 2707 1069 2793 nuptis,
1084 2729 1166 2793 quas
1181 2707 1266 2773 nihil

160 2831 278 2874 caumae
292 2823 359 2872 erat
373 2832 429 2872 cur
443 2809 652 2874 introduceret
669 2825 770 2897 poeta,
787 2811 841 2876 sed
856 2835 894 2875 ex
906 2810 1080 2896 virginibus
1093 2831 1160 2873 esse
1175 2833 1268 2875 oom-

161 2912 297 3000 positum
314 2909 387 2996 plus
402 2933 465 2975 uno
479 2911 511 2975 in
534 2910 602 2976 loco
615 2912 777 2977 manifeste
798 2912 936 3000 prodidit
958 2911 1145 3000 Euripides:
1170 2913 1267 2999 quod

162 3037 225 3080 nou
240 3011 366 3077 videtur
380 3013 632 3078 animadvertisse
647 3014 798 3080 recentior
816 3029 908 3102 poeta
924 3013 980 3101 qui
995 3013 1131 3094 ἁμέτεροι
1152 3017 1268 3083 πάσεις

162 3114 284 3201 scripsit
298 3139 328 3180 v.
348 3118 418 3198 176.
464 3116 600 3181 Similem
623 3116 852 3203 interpolatoris
873 3115 1143 3180 hallucinationem
1167 3131 1264 3183 nota·

164 3216 266 3282 bimus
280 3217 321 3282 ed
341 3218 445 3305 lphig.
462 3220 563 3282 Taur.
579 3238 671 3302 1071.

208 3324 386 3406 164-302.
402 3323 440 3384 ln
456 3320 550 3408 longo
560 3322 619 3385 hoc
630 3321 766 3386 carmine
774 3321 857 3385 chori
869 3319 1121 3407 quattuordecim
1132 3333 1267 3387 tautum

162 3446 270 3488 versus
292 3438 366 3488 sunt
381 3422 436 3508 qui
459 3423 565 3508 poesin
581 3423 811 3508 dictionemque
828 3422 1194 3511 referuntEutipideam‚
1218 3424 1267 3489 si-

163 3524 250 3589 miles
273 3524 506 3588 Phoenissarum
523 3524 679 3609 virgiuum
703 3523 822 3610 parodo
842 3544 904 3591 101
920 3549 1023 3611 seqq.:
1047 3525 1170 3612 reliqua
1191 3549 1270 3592 om-

163 3627 215 3690 nia
228 3627 269 3689 ab
284 3625 453 3690 recentiore
468 3641 559 3711 poeta
574 3640 647 3688 sunt
662 3625 794 3713 adjectu,
809 3625 974 3713 diligenter
995 3627 1115 3692 imitato
1131 3651 1206 3714 quae
1231 3632 1268 3696 in

164 3728 306 3814 catalogo
320 3727 447 3790 navium
463 3725 591 3790 tradidit
607 3728 776 3792 Homerus.
821 3728 914 3806 Quod
929 3728 969 3792 de
980 3743 1136 3815 postrema
1150 3735 1271 3798 curmi-

164 3831 211 3894 nis
225 3845 314 3916 parte
331 3847 510 3913 231-302.
525 3828 744 3894 animadvertit
759 3832 974 3896 Hermannus.
1002 3833 1270 3910 Quattuordecim

164 3948 270 3997 autem
285 3931 329 3994 illi
344 3954 424 4017 quos
438 3929 576 3996 dicebam
593 3955 701 3996 versus
715 3933 747 3996 hi
762 3949 846 4009 suut,
862 3934 893 3998 in
905 3957 957 3998 sex
970 3957 1077 3998 versus
1088 3934 1274 4020 digerendi,

250 4037 362 4114 ἔμολον
377 4036 454 4115 ἀμφὶ
467 4036 633 4115 παρακτίαν
646 4035 792 4116 ψάμαθον
807 4038 935 4103 Αὐλίδος
949 4037 1082 4110 ἐναλίας,

253 4139 383 4220 Εὐρίπου
398 4139 445 4199 διὰ
458 4135 613 4217 χευμάτων
628 4137 766 4202 κέλσασα
780 4140 1004 4219 στενάπορθμον

250 4241 397 4314 Χαλκίδα,
412 4239 502 4301 πόλιν
524 4240 609 4318 ἐμᾶν,
632 4239 818 4321 προλιποΰσ’,
834 4240 992 4323 ἀγχιάλων
1011 4240 1125 4304 ὑδάτων
1146 4244 1272 4324 τροφὸν

338 4345 391 4407 τᾶς
407 4343 524 4406 κλεινᾶς
536 4338 731 4422 Ἀρεθούσας.

162 4445 279 4532 quibus
296 4440 497 4530 respondent,
