2864 4914
514 288 582 350 ΑΙ)
607 285 894 352 PHOENISSAS.

200 459 292 541 1728.
311 458 517 523 Scribendum
534 480 597 526 uuo
611 480 703 522 versu
720 456 895 536 ὅδ’-ἔβαν.

199 582 293 647 1729.
308 561 447 643 οὐράνιον
461 560 583 625 codices
597 559 698 624 multi.
727 557 752 622 τ’
769 559 907 643 οὐράνιόν
922 557 946 622 τ’
962 555 1041 621 Α111.

201 681 293 749 1731.
311 666 410 728 Recte
426 663 504 727 Ald.
520 664 808 745 παρθένον-εὑρών
822 684 887 726 uno
903 683 994 724 versu
1009 657 1257 746 comprehendit,

154 767 208 853 qui
224 790 263 830 ex
277 766 403 830 duobus
418 765 629 853 ithyphallicis
644 779 689 828 est
704 763 903 852 compositus.

202 871 423 953 1736-1739.
439 867 506 932 ὦ·-
526 868 530 955 Ι
549 872 673 949 παρὰ-
692 865 696 953 l
716 867 985 948 πατρίδος-γαίας
1000 862 1076 929 Α111.

201 989 293 1052 1742.
310 970 366 1057 είς]
385 971 486 1036 Scrib.
503 974 542 1038 ές.

202 1091 294 1157 1743.
316 1098 354 1152 με
377 1073 462 1152 θήσει
484 1073 575 1138 codd.
598 1073 749 1161 plerique.
782 1072 907 1153 μεθήσοι
922 1071 1000 1135 Α111.
1015 1070 1070 1157 qui
1087 1093 1152 1134 uno
1166 1092 1259 1134 versu

156 1175 374 1254 είς-μεθήσοι,

202 1295 294 1358 1744.
311 1276 384 1363 ἐγὼ]
402 1275 499 1361 ἔγωγε
514 1277 613 1342 codex
629 1276 750 1364 Kingii.
788 1277 882 1356 Quod
898 1276 953 1364 qui
968 1275 1089 1364 scripsit
1104 1275 1258 1340 senarium

155 1376 256 1441 facere
279 1378 386 1443 voluit.
431 1379 554 1443 Eadem
578 1380 618 1444 dc
639 1403 748 1443 caussa
772 1403 803 1444 v.
822 1396 915 1465 1745.
941 1379 1027 1448 νέκυς
1049 1393 1120 1466 post
1144 1382 1260 1462 οίχετοι

156 1478 292 1566 positum
307 1497 353 1545 est
368 1480 399 1544 in
415 1481 525 1546 eodem
541 1482 657 1560 codice,
675 1483 765 1547 Leid.
781 1483 879 1546 altero
894 1498 924 1547 et
941 1483 1026 1547 Flor.
1043 1502 1071 1548 2.

202 1585 297 1663 1746.
314 1587 342 1647 εἴ
354 1609 394 1663 με
409 1583 473 1666 καὶ]
491 1584 696 1649 Scribendum
714 1588 740 1649 εί
755 1586 803 1649 καὶ
818 1608 855 1648 ex
873 1585 959 1649 Flor.
976 1606 1025 1650 10.

203 1685 250 1747 καὶ
265 1685 383 1771 θανεῖν]
401 1691 559 1750 κατθανεῖν
575 1686 667 1751 Leid.
682 1686 807 1752 alteret
823 1687 909 1752 Flor.
928 1708 956 1751 2.

204 1803 294 1870 1747.
311 1789 415 1853 σκότια
431 1790 643 1856 Hermannus.
674 1793 777 1877 σκοτίᾳ
790 1790 872 1856 libri.

200 1891 257 1978 γᾷ]
273 1896 310 1974 γῇ
325 1891 445 1978 aliquot
461 1891 552 1956 codd.

204 2011 296 2079 1749.
313 1996 379 2061 ἃλις
392 1994 522 2058 codices.
553 1997 620 2062 ἃλις
636 1997 750 2079 έχονσα
766 1996 843 2061 Α111.

202 2098 291 2181 ἐμῶν]
311 2098 376 2176 ἐμοὶ
390 2095 510 2183 aliquot
524 2097 615 2161 codd.

204 2218 296 2283 1751.
312 2201 399 2279 κόρον
414 2198 546 2262 codices
579 2202 682 2281 κόρους
696 2198 774 2263 Α111.

204 2319 295 2386 1752.
313 2302 412 2364 Hunc
427 2324 550 2365 versum
569 2301 720 2366 vocabulo
735 2301 824 2382 σηκὸς
839 2301 984 2366 terminat
1000 2301 1077 2365 Ald.
1113 2302 1258 2367 Scriben-

157 2403 233 2466 dum
250 2427 314 2467 uno
329 2427 419 2467 versu
435 2402 517 2468 ἴθ-
523 2404 684 2483 μαινάδων.

201 2509 247 2591 τε]
265 2506 407 2589 γεοο1111.
423 2530 487 2571 sex.

200 2610 350 2689 μαινάδων
365 2610 464 2697 major
478 2633 551 2697 pars
565 2609 720 2674 codicum.
745 2611 887 2692 μαινάδος
902 2611 949 2688 Η,
967 2608 1059 2674 Leid.
1075 2611 1117 2672 A.
1134 2622 1166 2674 et
1180 2606 1258 2674 Ald.

206 2719 426 2798 1753—1756.
466 2717 675 2794 Καδμείαν-
694 2713 699 2801 Ι
719 2713 967 2793 στολιδωσαμένα
980 2749 1024 2760 -
1042 2709 1048 2798 Ι
1067 2711 1203 2790 Σεμέλας
1216 2748 1261 2760 -

158 2817 345 2899 ἀνεχόρευσα
360 2817 440 2880 Ald.

204 2934 297 3005 1753.
314 2919 350 3006 ᾤ]
370 2922 411 3000 ὠὴ
428 2922 474 2983 Η.
491 2935 521 2984 et
538 2922 623 2984 Flor.
642 2939 669 2983 2.
685 2943 757 2984 curn
774 2919 851 2984 Ald.
882 2920 934 2998 1ωή
951 2918 1037 2982 Flor.
1054 2916 1129 2981 duo.

205 3039 298 3106 1755.
322 3025 429 3086 θίασον
443 3022 579 3101 Σεμέλας
601 3045 639 3086 cx
663 3021 793 3085 Porsoni
815 3021 951 3086 editione
973 3019 1131 3085 remansit.
1169 3019 1260 3084 Libri

158 3124 294 3204 Σεμέλας
309 3126 425 3198 θίασον,
440 3124 525 3211 quod
543 3124 763 3188 revocandum.

201 3226 322 3310 θίασον]
340 3227 469 3289 θίασσον
485 3225 562 3288 Α111.

205 3345 240 3412 17
243 3346 297 3413 57.
313 3328 455 3412 ἀχάριτον
470 3327 640 3391 Elmsleius
655 3326 696 3390 ad
713 3325 786 3413 Iph.
804 3327 846 3390 T.
862 3328 936 3411 566.
978 3325 1068 3390 Libri
1084 3326 1260 3410 ἀχάριστον.

205 3434 297 3517 1758.
321 3434 419 3495 Ηυαο
434 3455 556 3495 versum
573 3446 605 3496 et
620 3444 812 3517 sequentem,
830 3445 866 3494 ut
880 3455 919 3495 ex
937 3431 1101 3519 Sophoclis
1117 3431 1197 3497 OEd.
1215 3435 1259 3496 T.

163 3555 255 3619 1524,
281 3554 311 3619 5.
341 3534 554 3621 interpolatos,
585 3532 788 3597 Valckenaerii
818 3533 974 3620 judicium
1004 3548 1140 3613 secutus,
1170 3535 1261 3621 ejecit

160 3636 346 3700 Brunclius.
394 3636 456 3700 Sed
473 3636 558 3713 milri,
574 3635 685 3712 fateor,
702 3635 792 3699 nimis
806 3634 943 3723 abrupta
958 3635 1083 3700 videtur
1097 3638 1260 3718 sententia,

159 3739 183 3802 si
205 3739 263 3803 bos
277 3739 342 3802 duo
355 3738 473 3813 demas,
489 3754 520 3802 et
535 3739 578 3802 ita
594 3736 732 3823 incipias,
749 3737 885 3820 Σφιγγὸς
906 3736 939 3804 δς
959 3735 1049 3817 μόνος
1072 3766 1097 3802 κ.
1113 3738 1155 3802 sic
1177 3739 1260 3803 enim

160 3840 327 3905 Barnesius
342 3863 410 3927 pro,
421 3837 481 3907 ‘'Os
495 3838 586 3920 μόνος
603 3840 737 3923 Σφιγγὸς
760 3867 785 3903 κ.
824 3839 937 3903 Malim
953 3838 1049 3924 igitur
1063 3839 1196 3904 alterum
1212 3865 1259 3905 rc-

159 3942 266 4022 tinerc‚
281 3958 312 4006 et
328 3958 463 4006 statuere
483 3966 521 4006 ex
545 3941 636 4005 simili
660 3940 822 4028 Sophoclis
844 3940 911 4005 loco
925 3940 1058 4005 alterum
1074 3941 1105 4007 in
1121 3943 1261 4030 margine

159 4045 260 4132 primo
273 4045 464 4131 adscriptum
480 4060 588 4130 postea
602 4045 634 4107 in
650 4058 769 4107 textum
793 4043 961 4131 irrepsisse.
996 4044 1030 4112 ὃς
1051 4050 1088 4110 τὰ
1110 4044 1201 4108 κλείν’
1218 4048 1261 4108 al-

160 4145 274 4230 νίγματ’
291 4147 369 4229 ἔγνω
385 4147 417 4229 (Ι.
434 4145 542 4228 ἔγνων)
562 4148 609 4211 καὶ
623 4145 764 4229 μέγιστος
778 4145 815 4224 ἣν
831 4145 914 4227 ἀνήρ.
939 4147 1041 4210 POR.
1088 4148 1187 4210 Recte
1204 4147 1259 4234 ju·

158 4250 242 4314 dicat
258 4253 417 4316 Porsonus
430 4249 563 4314 alterum
580 4261 703 4315 tantum
720 4270 842 4312 versum
855 4247 923 4335 ejici
938 4248 979 4311 ab
991 4247 1193 4312 Valckenario
1207 4246 1262 4312 de-

160 4351 272 4419 buisse.
