2864 4914
198 293 265 360 818
557 289 937 356 ANNOTATIONES

241 464 333 529 1268.
358 461 441 528 oh·—
459 460 465 550 l
485 462 576 528 κσί-
593 461 635 550 ld
661 461 969 544 ποικ.-ἀμφιβαλιίν
991 456 1069 522 Ald.
1114 457 1230 522 Versus
1253 455 1298 521 sic

196 568 303 656 potius
324 564 498 653 digerendi,
513 565 551 629 σὺ
572 569 628 629 τὸν
643 570 720 630 θεῶν
734 565 888 646 ἄκαμπτον
902 561 1000 646 φρένα
1020 561 1069 625 καὶ
1080 566 1200 642 βροτόν
1212 560 1299 642 ἄγεις

199 672 305 752 Κύπρι·
326 669 332 757 Ι
351 669 407 734 σὺν
444 666 468 732 δ’
498 669 515 729 δ
545 670 769 750 ποικιλόπτερος
797 666 989 747 ἀμφιβαλών.
1034 664 1178 740 Quorum
1211 660 1299 748 prior

198 772 399 838 dochmiacus
413 768 545 834 dimeter
559 786 617 847 est,
631 770 755 858 adjecta
768 768 898 856 dipodia
910 765 1051 832 iambico.

246 875 337 957 1269.
354 872 422 956 σὺν]
442 872 498 936 σὺν
512 872 562 936 col
579 874 623 936 Η.
640 895 679 936 ex
694 872 889 958 glossemate.

246 995 337 1060 1272.
363 976 412 1041 lul
429 990 511 1040 recte
531 974 635 1039 delere
657 974 815 1040 Seidlerus
829 973 966 1052 videtur,
981 971 1057 1060 quia
1071 971 1156 1036 huuc
1171 992 1297 1033 versum

198 1103 237 1145 ex
253 1079 378 1144 duobus
391 1077 542 1142 dochmiis
557 1093 697 1142 constare
711 1090 814 1164 putat.
839 1075 935 1154 Quod
949 1074 973 1139 si
989 1095 1098 1138 verum
1113 1087 1172 1150 est,
1188 1071 1300 1136 tertius

199 1183 274 1247 huic
289 1180 391 1246 versui
405 1177 570 1244 dochmius
583 1178 806 1267 adjungendus
819 1177 878 1243 erit
893 1177 1027 1259 ἁλμυρὸν
1043 1177 1092 1241 ἐπὶ
1105 1177 1226 1241 πόντον.

248 1299 339 1368 1273.
355 1280 520 1363 μαινομένα
533 1282 636 1362 κραδία
649 1280 723 1345 Ald.
737 1281 840 1365 καρδία
850 1294 913 1345 tres
924 1278 1026 1344 Florr.
1044 1281 1152 1342 Havu.
1168 1277 1219 1341 hic
1232 1276 1300 1340 sine

200 1385 411 1471 tsubscripto.
433 1380 617 1464 μαινομέναν
632 1384 754 1464 καρδίαν
772 1382 859 1447 Flor.
875 1384 920 1447 A.
940 1381 1026 1467 quod
1047 1380 1173 1467 praefert
1190 1377 1298 1443 Valck.

198 1490 291 1574 αμίιι
312 1486 497 1570 corfurena
516 1486 673 1549 invaserit
686 1485 861 1574 pinniger:
884 1483 1081 1570 nequeenim
1097 1481 1226 1548 Amoris
1240 1496 1299 1561 est,

200 1590 304 1679 iuquit
319 1587 429 1654 Valck.
444 1587 498 1651 sed
520 1587 653 1651 amantis
673 1587 838 1669 μαινομένα
860 1588 971 1668 καρδία
993 1584 1237 1667 Ἐπιστρατείιιν
1258 1611 1298 1663 τι,

201 1693 407 1758 ἐπεισπίπτειν
435 1715 463 1754 τι
489 1692 569 1754 Eur.
598 1691 694 1754 Herc.
719 1709 771 1774 34
802 1688 1022 1776 reperiuntur;
1061 1691 1196 1769 ἐφορμᾶν
1229 1693 1300 1773 (pro

201 1795 402 1878 ἐφορμᾶσθαι)
418 1817 446 1856 τι
459 1791 515 1876 qui
530 1791 654 1869 dixerit,
671 1814 732 1856 non
748 1791 864 1856 inveni.
903 1790 965 1855 Sed
980 1788 1004 1876 t
1017 1789 1182 1875 μαινομένᾳ
1196 1792 1300 1875 κραδίᾳ

200 1897 318 1961 dictum
333 1894 453 1982 accipio
468 1917 525 1982 pro
540 1895 574 1959 ot
588 1894 752 1980 μαινομένᾳ
766 1899 878 1981 κραδία.
902 1896 1091 1960 ΜΑΤΤΗ.

248 2000 339 2082 1276.
369 1999 393 2062 J
396 1996 547 2084 ungenda
571 1997 680 2080 θέλγει
701 2000 795 2082 φύσιν
821 2001 972 2080 ὀρεσκόων
997 1999 1163 2072 σκυλάκων,
1190 1996 1221 2061 id
1251 2012 1300 2061 est

200 2103 360 2183 ὀρεσκόους
375 2102 535 2173 σκύλακας,
551 2101 659 2181 ἄνδρας
673 2125 716 2164 τε.
734 2100 923 2164 ΜΑΤΤΗ.

248 2200 472 2288 1179.Ἀλιος]
489 2200 591 2269 ιἰίλιος
605 2202 653 2266 Η.

244 2303 406 2386 αίθομίναν
422 2305 493 2369 Par.
510 2305 555 2368 A.
572 2303 657 2369 Flor.
674 2306 719 2368 Α.
735 2325 784 2368 10.
830 2303 935 2391 Vulgo
949 2306 1113 2385 αίθόμενος.

248 2407 341 2474 1280.
356 2405 550 2492 σνμπάντιιν]
568 2407 606 2471 σὺ
619 2406 740 2472 πάντων
754 2408 799 2471 Η.

243 2512 291 2598 δὲ]
308 2535 341 2575 τε
356 2510 402 2574 Η.
419 2506 504 2573 Flor.
520 2508 566 2571 A.
612 2507 756 2573 Delenda
772 2508 841 2574 haec
863 2509 1015 2596 particula
1036 2509 1298 2596 acribenduroque

202 2636 266 2679 uno
281 2634 371 2676 versu
387 2612 552 2692 deoperte·
575 2611 755 2690 συμπάντων
768 2614 934 2692 βασιληίδα
954 2613 1049 2693 τιμάν.
1075 2615 1170 2694 Κύπρι
1191 2628 1298 2677 autem

202 2714 305 2780 versui
320 2712 465 2803 proximo
478 2712 728 2778 adscribendum.

248 2817 339 2882 1281.
361 2817 527 2896 βασιληίδα
548 2818 649 2901 τιμδν]
668 2817 803 2881 Locutio
824 2818 865 2882 ab
884 2820 1026 2882 Homero
1047 2834 1183 2905 sumpta,
1201 2818 1241 2881 ll.
1261 2825 1297 2896 Z,

205 2938 275 3004 193.
291 2923 364 2983 δῶκε
379 2918 413 2982 δέ
427 2921 456 2981 ol
470 2923 552 2998 τιμῆς
565 2923 744 2999 βασιληίδος
757 2922 847 3000 ἥμισυ
860 2920 968 3000 πάσης.
986 2922 1087 2985 MON
1092 2922 1134 2986 K.

243 3022 336 3104 μόνα]
353 3021 453 3101 μόνον
469 3019 554 3085 Flor.
571 3023 616 3083 A.

249 3124 338 3190 1282.
356 3124 480 3188 Novem
496 3123 697 3210 superstitum
712 3123 890 3190 fabularum
904 3125 1068 3213 Euripidis
1079 3126 1153 3190 deos
1165 3125 1212 3190 vel
1224 3126 1298 3190 deas

201 3225 241 3291 ad
272 3225 455 3290 solvendum
486 3226 603 3291 nodum
633 3227 663 3291 in
692 3227 802 3293 ultimo
828 3243 900 3293 actu
929 3228 1093 3293 inducunt.
1139 3231 1199 3293 Eoe
1224 3243 1298 3293 sunt

201 3331 339 3406 Orestes,
370 3327 580 3417 Hippolytus,
606 3330 840 3408 Andromache,
872 3331 1046 3419 Supplices,
1072 3330 1237 3419 Iphigenia
1266 3332 1297 3395 in

203 3431 330 3506 Tauris,
347 3433 493 3510 Bacchae,
510 3431 644 3510 Helena,
661 3435 732 3512 Ion,
749 3434 887 3500 Electra.
913 3437 987 3500 Hoc
1002 3459 1075 3500 vero
1090 3435 1299 3521 meliorejurc

200 3532 233 3597 in
251 3533 440 3621 Hippolyto,
457 3557 552 3622 quem
568 3536 599 3599 in
615 3536 736 3615 ceteris,
752 3537 869 3602 lactum
885 3562 951 3603 esse
965 3538 1098 3603 videtur.
1116 3539 1267 3602 MONK.

246 3633 384 3697 Miretur
410 3633 481 3719 quis
506 3635 641 3700 Dianam
669 3637 794 3702 Thesea
816 3639 911 3726 AEgei
935 3640 1034 3704 filium
1059 3662 1168 3704 vocare
1192 3639 1243 3703 hic
1268 3654 1300 3703 et

201 3733 283 3798 infra
294 3758 323 3798 v.
338 3755 430 3820 1431.
446 3735 517 3801 licet
530 3736 599 3823 ipsa
612 3738 692 3804 intra
707 3740 862 3806 tantillum
879 3742 1013 3829 spatium
1026 3749 1070 3827 (v.
1085 3757 1175 3827 1315.
1190 3743 1298 3826 1318.)

201 3837 390 3922 Neptunum
414 3836 457 3901 illi
480 3852 598 3926 patrem
623 3840 749 3907 tribuat.
796 3844 907 3908 Potius
926 3861 1030 3910 autem
1051 3868 1146 3932 quam
1167 3844 1245 3908 illud
1259 3869 1298 3908 ex

200 3939 321 4003 incuria
343 3941 452 4028 tragici
474 3942 611 4007 evenisse
631 3956 815 4024 statuamus,
835 3947 982 4011 credibile
1003 3960 1049 4012 est
1071 3970 1184 4013 nomen
1200 3948 1300 4034 Regis

200 4044 417 4123 Atheniensis,
439 4048 537 4135 patris
561 4049 676 4116 scilicet
701 4053 843 4138 professi,
867 4052 954 4118 velut
979 4056 1134 4119 solennem
1159 4055 1299 4133 titulum,

201 4148 344 4213 additum
366 4173 440 4213 esse.
488 4149 542 4213 Sin
560 4151 691 4218 voluerit
706 4155 786 4220 duos
801 4158 927 4222 Theseo
941 4173 1055 4244 patres,
1069 4160 1201 4223 alterum
1217 4181 1299 4222 mor-

201 4251 307 4328 talem,
331 4250 464 4314 alterum
492 4251 708 4334 immortalem,
732 4260 878 4337 tribuere,
903 4284 965 4325 uno
989 4277 1072 4326 certe
1097 4261 1241 4348 exemplo
1267 4285 1299 4325 se

201 4351 302 4438 ipsum
318 4351 459 4418 defendit
475 4354 661 4441 Euripides:
686 4361 804 4449 quippe
819 4362 931 4450 passim
947 4365 978 4429 in
994 4365 1134 4430 dramate
1150 4365 1299 4429 Herculis
