2864 4914
554 288 622 352 AI)
645 288 894 353 HECUBAM.
1073 387 1076 391 .
1232 291 1276 356 8⁹!

172 458 280 539 πατὴρ,
309 481 375 545 quo
404 459 538 525 refertur
571 463 668 528 αὐτός.
714 430 911 525 simillimum
945 460 1123 548 exemplum
1155 461 1274 547 praebet

174 559 345 647 Sophocles
368 563 518 628 Trachin.
544 582 615 650 259.
643 565 761 647 ἔρχεται
782 566 873 628 πόλιν
893 564 958 643 Τὴν
980 564 1152 646 Εθρντείαν·
1187 566 1274 628 τόνδε

172 666 231 745 γὰρ
244 666 396 744 μεταίτιον
411 669 518 731 Μόνον
531 672 649 748 βροτῶν
664 668 779 749 ἔφασκε
800 668 878 731 τοῦδ’
899 666 974 731 εῖναι
995 665 1116 733 πᾶθονς.
1163 665 1274 731 Paullo

170 764 293 831 diversa
307 782 355 832 est
369 768 480 842 forma,
496 792 569 855 quae
584 792 666 857 soepe
684 768 758 835 alibi
777 771 922 849 occurrit,
940 786 972 835 et
993 769 1080 857 apud
1104 771 1273 834 Isocratem

172 870 345 935 Panathen.
362 894 396 958 p.
414 888 486 957 273.
503 872 540 935 Α.
557 873 597 936 Β.
612 877 663 952 τῆς
682 875 714 937 δὲ
729 874 872 955 ἡμετέρας
895 874 938 937 ἔτι
959 872 1208 953 βασιλευομένης,
1224 863 1272 955 ἐφ’

172 975 277 1038 ἄνκαὶ
289 976 418 1056 πόλεμοι
432 981 578 1049 πλεῖστοι,
596 976 643 1039 καὶ
663 979 791 1041 κίνδυνοι
810 978 947 1059 μέγιστοι
969 975 1153 1055 συνέβησαν.
1201 977 1273 1040 Hoc

171 1099 299 1163 quoque
312 1075 424 1142 imitati
439 1093 513 1142 sunt
529 1078 644 1142 Latini.
677 1080 836 1144 Pacuvius
851 1083 978 1145 Teucro
993 1079 1078 1166 apud
1092 1079 1272 1144 Ciceronem

169 1177 211 1243 de
232 1181 367 1244 Oratore
390 1198 420 1260 2,
437 1181 492 1260 46.
537 1181 648 1268 Neque
672 1203 862 1247 rnrsnnun
886 1183 1067 1270 adspectum
1085 1204 1118 1247 ις
1141 1185 1273 1262 veritas,

171 1302 268 1348 onan
292 1291 383 1346 aetate
404 1291 515 1347 ααασνα
535 1285 677 1373 indigem
703 1285 852 1349 Liberum
877 1287 1035 1363 lacerasti,
1061 1285 1191 1363 orbnsti,
1218 1308 1272 1349 αν-

170 1387 278 1450 ts'nrti.
295 1388 401 1452 POR.
1334 1388 1336 1391 ’

214 1488 302 1557 αὐτὸς
317 1490 365 1574 δέ]
383 1491 469 1557 αὐτός
484 1515 516 1554 τε
531 1492 577 1554 Η.
595 1489 710 1578 aliique
726 1493 815 1557 male.

214 1593 377 1679 θεοδμήτφ]
395 1595 468 1657 Ηοα
484 1593 551 1658 loco
565 1615 627 1658 non
642 1597 744 1660 odiis
761 1597 932 1674 conditam,
953 1595 1008 1659 sed
1030 1594 1094 1658 dits
1114 1593 1273 1657 conditam

167 1707 423 1762 scommatum
438 1696 610 1784 significare
623 1698 844 1763 animadvertit
859 1699 1031 1762 scholiasta.

214 1801 323 1885 πίτνει]
343 1798 546 1865 Scribebatur
558 1806 665 1865 πιτνεῖ.
711 1799 783 1864 Vid.
799 1800 838 1864 ad
857 1799 954 1888 Soph.
973 1800 1030 1886 Aj.
1045 1799 1099 1885 58.

216 1901 269 1969 28.
291 1901 337 1967 ἐπ’
359 1904 472 1986 ἄκταῖς]
501 1903 541 1967 ld
564 1916 611 1967 est
632 1904 736 1969 ἄλλοτ’
759 1902 804 1968 ἐπ’
820 1906 930 1972 ἄκταῖς.
976 1904 1075 1992 Soph.
1091 1901 1208 1967 Trach.
1224 1922 1272 1966 11.

169 2011 283 2087 φοιτῶν
298 2005 425 2088 ἐναργὴς
438 2008 553 2087 ταῦρος,
573 2005 678 2070 ἄλλοτ’
694 2009 798 2074 αἰόλος
819 2006 934 2088 δρᾶκων
955 2006 1079 2079 έλικτὸς,
1101 2003 1203 2070 ἄλλοτ’
1221 2006 1272 2069 ἄν-

169 2112 257 2197 δρείιρ
272 2111 352 2175 κᾶτει
364 2110 548 2191 βοθπρωρος.
568 2110 670 2174 POR.

212 2231 267 2297 30.
290 2213 468 2288 ἄκλαυστος,
491 2213 621 2300 ἄταφος]
646 2206 762 2294 ἄταφος
783 2213 951 2279 ἄκλαυστος
973 2214 1020 2276 Η.
1044 2226 1075 2275 et
1099 2208 1273 2275 Florentini

168 2313 244 2378 duo.
284 2317 414 2379 Homer.
431 2337 450 2378 a
466 2313 670 2378 Boissonadio
685 2329 883 2400 comparatus
900 2313 940 2377 Il.
956 2319 996 2391 X,
1012 2314 1088 2399 386.
1107 2317 1200 2376 κεῖται
1213 2313 1274 2392 πὰρ

170 2417 278 2498 νήεσσι
292 2418 377 2486 νέκνς
391 2419 547 2495 ἄκλαυτος,
562 2418 702 2484 ἄθαπτος.
728 2415 844 2503 Odyss.
856 2421 894 2494 Λ,
905 2429 960 2501 54.
972 2417 1122 2480 ἄκλαυτον
1137 2414 1185 2478 καὶ
1199 2414 1273 2477 ἄθα·

168 2548 256 2589 πτον.
274 2537 325 2605 72.
341 2522 382 2603 μή
394 2520 424 2603 μ’
440 2523 589 2586 ἄκλαυτον
605 2521 738 2584 ἄθαπτον
754 2522 807 2584 ίὼν
822 2520 926 2582 ὄπιθεν
942 2518 1141 2582 καταλείπειν.
1175 2515 1271 2602 Soph.

168 2625 281 2713 Antig.
299 2645 349 2710 29.
366 2627 419 2690 έᾶν
433 2623 458 2688 δ’
474 2625 654 2694 ἄκλαυστον,
671 2622 799 2703 ἄταφον,
816 2623 932 2687 οἰωνοῖς
946 2619 1055 2702 βορόν.

210 2746 265 2813 32.
279 2727 367 2791 Mira
379 2725 506 2804 locutio,
522 2731 653 2810 τριταῖον
666 2724 791 2808 φέγγος,
807 2748 866 2811 pro
881 2722 1022 2811 simplici,
1038 2724 1146 2804 τρίτον.
1191 2723 1268 2786 Uno

168 2844 272 2894 tamen
287 2828 432 2918 exemplo
447 2853 479 2894 se
494 2831 560 2917 ipse
575 2828 746 2916 Euripides
759 2827 901 2892 defendit
917 2826 1049 2914 Hippoi.
1068 2842 1139 2911 275.
1160 2830 1231 2892 Πῶς
1246 2824 1271 2889 δ’

168 2931 214 3005 αιἰ,
234 2933 367 3013 τριταίαν
386 2933 416 3015 γ’
434 2931 498 2997 οᾶσ’
522 2933 625 2998 ἄσιτος
646 2931 776 3013 ἡμέραν;
802 2932 867 2994 Ρτο
889 2930 985 2994 verbo
1008 2936 1029 2968 “
1045 2929 1142 2992 mira”
1163 2927 1272 2992 melius

168 3033 299 3098 fortasse
313 3033 471 3110 dixissem,
485 3041 507 3074 “
522 3033 674 3098 insolita.”
708 3032 770 3096 Sed
785 3033 857 3120 quis
872 3055 933 3096 non
945 3034 1019 3119 jure
1034 3031 1175 3108 miretur,
1191 3030 1272 3094 hanc

167 3135 268 3222 ipsam
289 3136 487 3215 locutionem,
503 3140 636 3221 τριταίαν
650 3137 774 3217 ἡμέραν,
797 3159 963 3223 usurpasse
978 3135 1065 3199 Arati
1088 3135 1270 3198 scholiasten

171 3237 275 3324 [788]
292 3238 332 3302 ad
349 3238 486 3303 Diosem.
500 3254 556 3325 57.
587 3239 700 3301 Hunc
717 3260 839 3301 versum
859 3238 901 3302 ob
921 3238 1027 3302 oculos
1048 3237 1157 3301 habuit
1173 3244 1210 3301 X.
1229 3242 1270 3300 Π.

171 3354 264 3424 1779.
289 3342 382 3406 2016.
406 3343 508 3405 POR.
553 3344 697 3422 Τριταίαν
718 3342 831 3423 ἡμέραν
853 3340 1016 3406 scholiasta
1038 3340 1191 3404 illedixit
1213 3339 1271 3404 loci

167 3441 336 3530 Euripidei
350 3443 539 3507 recordatus.

210 3564 264 3631 33.
280 3547 472 3631 Χερσονησία
486 3543 674 3608 Brunckius.
721 3545 812 3610 Libri
828 3548 1024 3632 Χερρονησίᾳ.

211 3652 250 3734 γῇ
278 3652 349 3735 τῇδε
377 3648 578 3734 Χερρονησία]
613 3647 699 3711 Mira
727 3646 917 3736 negligentia
949 3649 1119 3737 Euripides
1147 3672 1268 3714 scenam

166 3749 265 3836 hujus
285 3750 448 3838 tragoediae
470 3773 553 3814 nunc
575 3749 606 3813 in
624 3749 762 3814 Thracia
777 3752 949 3829 constituit,
965 3768 1002 3817 ut
1022 3752 1073 3817 hic
1093 3767 1125 3816 et
1143 3752 1225 3816 infra
1239 3776 1269 3816 v.

169 3871 262 3932 1142.
280 3875 364 3918 nunc
385 3869 494 3918 contra
515 3853 545 3916 in
566 3876 643 3940 agro
659 3853 801 3939 Trojano
817 3853 879 3917 vid.
896 3878 925 3918 v.
944 3874 1011 3939 ¹39·
1028 3871 1059 3919 et
1074 3874 1166 3921 1020.
1182 3856 1269 3942 quod

167 3954 240 4020 satis
261 3955 378 4044 alioqui
399 3955 535 4021 ostendit
558 3954 685 4019 historia
706 3955 879 4043 Polyxenae
901 3957 941 4021 ad
958 3958 1093 4023 Achillis
1110 3959 1269 4024 tumulum

165 4073 320 4122 mactatas.
343 4057 405 4123 vid.
429 4058 545 4123 scholia
565 4057 605 4122 ad
622 4081 651 4120 v.
667 4075 741 4142 520.
767 4059 909 4125 MUSG.
956 4063 1072 4125 Parum
1097 4063 1270 4149 probabilia

165 4175 240 4224 sunt
261 4183 335 4246 quoe
356 4160 520 4225 scholiasta
541 4161 581 4225 ad
606 4183 635 4221 v.
650 4178 726 4244 520.
741 4161 995 4243 comminiscitur,
1011 4171 1072 4232 πῶς
1093 4170 1145 4229 τοῦ
1162 4164 1267 4249 Ἀχιλ-

163 4261 241 4330 λέας
255 4265 290 4328 έν
303 4266 398 4347 Τροία
405 4264 566 4346 Ιταφέντος,
584 4266 600 4327 θ
614 4263 788 4341 Ταλθύβιος
802 4267 887 4346 λέγει
902 4266 959 4347 πρὸ
973 4269 1087 4347 τύμβου
1102 4273 1154 4331 τοῦ
1164 4266 1269 4351 Ἀχιλ·

162 4363 242 4433 λέκος
262 4367 405 4431 ῖστασθαι
425 4366 493 4433 τοὺς
512 4365 674 4446 Ἑλλήνας,
697 4367 787 4433 ὄντας
810 4370 843 4430 έν
860 4368 1061 4455 Χερρονήσφ;
1087 4370 1134 4433 καὶ
1156 4372 1267 4452 φαμὲν,

162 4466 251 4548 dnh
273 4469 452 4552 κενοτάφιον
467 4471 501 4535 έν
514 4468 694 4555 Χερρονήσῳ
717 4471 872 4550 ἐποίησαν,
893 4468 912 4550 ἢ
935 4473 977 4536 είς
998 4474 1111 4552 Τροίαν
1133 4473 1269 4552 ἀπῆλθον

685 4594 741 4658 1²3
