2864 4914
446 336 465 351 ,
522 289 590 351 ΑΙ)
614 287 864 354 HECUBAM.
1203 288 1245 354 73

189 477 279 523 1100.
302 457 410 543 αἰθέρ’]
437 460 477 522 ln
500 458 626 523 duobus
648 458 741 524 codd.
762 458 847 524 Flor.
867 457 1071 544 adscriptum,
1089 458 1123 522 έν
1136 484 1196 522 τισι
1210 459 1245 522 τὸ

142 561 247 643 αἰθέρα
267 561 416 642 περισσὸν
438 563 486 625 καὶ
508 563 543 626 οὐ
565 563 699 646 φέρεται.
744 565 806 627 Est
826 561 954 650 quidem
978 562 1045 626 hoee
1066 561 1246 626 correctoris

141 662 260 727 metrici
275 663 464 749 conjectum,-
481 679 516 728 ut
532 667 680 731 usitatum
698 666 781 730 istud
794 664 929 730 metricis
939 667 1087 746 περισσόν
1098 663 1245 741 ostendit,

141 766 196 830 sed
218 789 255 829 ea
277 766 444 831 verissima.
491 769 572 831 Nam
596 769 701 850 αἰθέρα
721 769 874 856 glossema
896 782 944 832 est
963 766 1002 831 ad
1020 767 1173 849 μέλαθρον
1187 767 1246 830 ad-

140 869 300 956 scriptum.
346 872 398 935 Eo
417 870 514 958 igitur
534 871 637 936 deleto
656 896 763 937 versus
778 886 824 936 est
839 871 972 936 creticus
986 884 1191 957 pentameter,
1210 885 1245 935 ut

143 974 237 1056 1089,
253 974 443 1054 έψπτύμενος
456 973 595 1058 οὐράνιον
608 977 752 1058 ύψιπετές
767 978 797 1042 ές
810 974 972 1056 μέλαθρον,
988 972 1111 1054 Ὠρίων.
1147 972 1245 1037 Pauci

138 1074 230 1139 codd.
248 1076 456 1157 ἀναπτάμενος
471 1077 520 1141 vel
536 1080 747 1159 ἀναπτόμενος.

187 1197 278 1241 1101.
297 1180 340 1262 ές]
359 1182 401 1246 εἰς
417 1178 494 1242 Ald.

188 1297 280 1356 1104.
297 1281 405 1345 Metra
418 1281 525 1369 inepte
539 1281 707 1367 descripta.
747 1280 967 1357 scribendum,
983 1277 1086 1342 deleto
1101 1282 1141 1353 ἐς,
1157 1281 1244 1366 quod

139 1393 187 1445 est
201 1380 355 1468 glossema
368 1383 410 1448 ad
424 1384 559 1466 πορθμὸν
572 1383 777 1471 adscriptum,
793 1399 823 1448 et
838 1382 923 1448 ’Atta
939 1382 971 1446 in
982 1379 1073 1444 ‘Arta
1088 1397 1220 1461 mutato,

399 1485 418 1565 ἢ
433 1489 549 1568 Σείριος
564 1488 637 1550 ἔνθα
651 1488 743 1568 πυρὸς
757 1485 893 1569 φλογέας

400 1590 526 1670 ἀφίησιν
541 1591 645 1653 ὅσσων
660 1591 762 1671 αὐγὰς,
778 1587 796 1668 ἢ
811 1589 863 1652 τὸν
873 1586 965 1650 Ἀίδα
976 1624 1039 1647 -.

140 1688 235 1752 Alter
251 1711 357 1753 versus
371 1705 418 1755 est
433 1690 625 1756 bacchiaous.
673 1693 756 1756 Cum
772 1689 906 1754 molosso
921 1690 1013 1771 αὐγὰς
1027 1686 1044 1768 ἦ
1064 1710 1246 1774 comparan-

140 1793 217 1857 dum
232 1792 410 1878 exemplum
433 1794 503 1857 lon.
522 1812 594 1861 201.
612 1795 660 1857 καὶ
677 1797 738 1874 μὰν
753 1791 831 1856 τόνδ’
847 1793 990 1874 ἄθρησον,
1007 1790 1058 1854 cui
1078 1791 1179 1855 versui
1196 1814 1243 1856 re·

140 1892 274 1979 spondet
289 1892 463 1980 strophicus
480 1914 549 1979 190.
566 1896 628 1959 ἰδοὺ
642 1894 722 1959 τάνδ’
738 1896 881 1975 ἄθρησον.
898 1908 930 1957 et
944 1917 1018 1979 quae
1032 1893 1072 1957 de
1091 1909 1191 1958 metro
1205 1918 1243 1958 ex

140 1994 275 2059 molosso
285 2013 316 2060 et
330 1997 466 2061 baccheo
480 1997 651 2082 oomposito
667 1996 732 2060 dixi
747 1997 787 2059 ad
803 1995 923 2060 Alcest.
938 2017 1014 2081 595.

189 2100 281 2163 1106.
306 2100 535 2184 μελανοχρῶτα]
562 2098 762 2183 μελάγχρωτα
787 2097 874 2163 Flor.
898 2120 991 2161 unus.
1037 2096 1243 2162 Scribendum

139 2206 350 2284 μελαγχρῶτα,
371 2202 457 2289 quod
484 2225 582 2288 quum
611 2224 695 2266 more
719 2201 849 2287 antiquo
872 2207 1071 2283 μελανχρῶνα
1092 2200 1242 2287 scripturn

141 2318 232 2378 esset,
252 2304 284 2367 in
305 2312 521 2389 μελονοχρῶτα
543 2304 632 2380 abiit,
653 2327 716 2390 qua
738 2304 839 2367 forma
861 2303 937 2366 nihil
961 2324 1078 2366 caussae
1099 2317 1166 2367 erat
1187 2326 1244 2368 cur

141 2405 247 2469 hocin
263 2405 330 2470 loco
344 2421 486 2472 uteretur
501 2420 603 2495 poeta,
619 2429 721 2493 neque
736 2429 811 2470 usus
826 2429 863 2469 ea
877 2420 923 2470 est
943 2405 1052 2470 eodem
1075 2404 1107 2469 in
1129 2429 1243 2492 genere

141 2508 233 2573 metri
248 2511 350 2574 Orest.
366 2529 441 2596 321.
455 2517 666 2595 μελαγχρῶτες
680 2511 849 2590 Εὗμενίδες,
866 2511 900 2574 αἵ
912 2535 944 2574 τε
958 2509 1079 2574 τὸν-.

183 2613 331 2697 πορθμὸν]
350 2615 381 2681 ές
394 2613 528 2696 πορθμὸν
543 2613 630 2677 Flor.
649 2636 742 2678 unus.

187 2731 281 2796 1107.
312 2714 492 2800 ξυγγνώσθ’]
523 2715 724 2781 Scribebatur
749 2716 915 2798 ξύγγνωσθ
938 2712 998 2791 vel,
1024 2713 1112 2800 quod
1137 2731 1184 2778 est
1210 2713 1242 2778 in

141 2815 219 2879 Ald.
236 2815 416 2899 σύγγνωσύ.

187 2919 279 2982 1108.
303 2921 384 3008 a...]
403 2919 492 2985 Libri
513 2925 594 3002 cors,
609 2920 666 2984 nist
683 2918 768 3006 quod
784 2919 815 2982 in
832 2918 917 2983 1101.
935 2942 999 2983 uno
1013 2903 1085 2999 tlte
1098 2934 1155 2982 est.
1202 2919 1243 2982 ln

138 3020 265 3086 duobus
281 3023 368 3087 Flor.
384 3023 451 3087 aliis
466 3023 671 3110 adscriptum,
688 3025 726 3090 ὡς
739 3021 820 3086 πνέω
839 3021 925 3100 πνοὴ,
948 3023 1023 3085 ούνω
1047 3022 1095 3085 καὶ
1115 3020 1169 3097 ζέω
1191 3021 1243 3100 (oh

136 3127 224 3209 χρείη
238 3129 291 3189 τοῦ
303 3125 421 3207 μέτρον.
437 3126 475 3188 V.
491 3149 565 3212 quae
579 3126 610 3188 in
628 3125 794 3189 Thesauro
811 3123 961 3210 Stephani
976 3122 1042 3187 dixi
1057 3147 1082 3188 s.
1098 3124 1176 3202 Ζωή.

185 3247 276 3311 1109.
304 3229 428 3314 ἥσυχος]
458 3230 497 3291 In
523 3229 560 3292 B.
586 3250 740 3315 superscr.
766 3228 895 3311 ἡσύχως,
921 3225 1007 3312 quod
1035 3226 1151 3291 habent
1176 3225 1242 3289 duo

137 3326 201 3392 alii.

184 3451 275 3495 1111.
291 3432 355 3515 ἠχὼ
370 3430 501 3495 codices.
525 3434 590 3517 ἀχὼ
606 3432 685 3496 Ald.

186 3552 277 3599 1112.
307 3530 417 3620 ᾖσμεν]
448 3532 539 3598 Libri
568 3539 667 3614 ἴσμεν.
714 3536 898 3598 Correotum
925 3556 965 3597 ex
991 3534 1103 3619 Etym.
1131 3531 1179 3593 M.
1207 3553 1239 3618 p.

134 3653 213 3720 4392
231 3654 258 3700 ¹·
633 3699 635 3702 -

176 3735 337 3818 Ἑλλήνων
350 3737 479 3802 oodices.
502 3736 662 3804 Ἑλλάνων
676 3737 755 3801 Ald.

181 3858 271 3923 1113.
295 3839 465 3924 παρέσχεν]
492 3839 647 3923 παρέσχεν
672 3840 709 3904 ἃν
735 3839 800 3904 duo
826 3840 939 3904 codd:
976 3839 1059 3903 unde
1082 3837 1241 3902 Heathius

132 3941 260 4026 παρέσχ’
277 3943 324 4006 ἄν.
372 3943 443 4006 Non
466 3965 547 4029 opus
569 3942 606 4006 ἂν
621 3941 785 4030 particula,
801 3966 902 4029 quum
918 3942 1070 4008 sententia
1087 3939 1238 4005 conditio·

131 4042 210 4107 nalis
225 4043 257 4106 in
273 4043 389 4129 protasi
406 4044 506 4130 posita
522 4044 595 4108 satis
614 4043 759 4109 ostendat
778 4045 938 4131 quomodo
957 4044 1112 4127 παρέσχεν
1131 4043 1171 4106 sit
1192 4043 1241 4105 in·

133 4144 351 4230 telligendum.
398 4146 449 4211 Sic
471 4146 622 4234 Diphilus
643 4147 729 4234 apud
753 4147 874 4213 Athen.
897 4167 928 4227 4.
952 4169 984 4233 p.
999 4148 1070 4230 165.
1087 4148 1127 4211 F.
1153 4149 1180 4210 el
1199 4146 1240 4225 μη

131 4248 261 4329 συνήθης
275 4252 409 4334 Φοιδίμῳ
424 4249 452 4331 γ’
469 4253 634 4334 ἐτύγχανεν
653 4249 659 4338 Ι
678 4249 721 4315 ὢν
735 4253 752 4314 ὁ
768 4252 905 4332 Χαβρίαν
921 4249 1104 4328 Κτήσιππος,
1121 4250 1241 4328 εἰσηγη-

131 4351 233 4433 σάμην
251 4350 257 4439 Ι
276 4355 370 4432 νόμον
384 4351 438 4417 τιν’
455 4353 507 4416 οὐκ
530 4355 692 4436 ἄχρηστον,
713 4354 752 4420 ὡς
774 4353 839 4432 ἐμοὶ
861 4358 952 4416 δοκεῖ.
1000 4352 1150 4436 Ineptum
1165 4373 1240 4413 vero

132 4454 283 4541 estquod
297 4455 384 4542 apud
407 4453 591 4540 Sophoclem
612 4454 776 4542 legebatur
791 4452 908 4519 Electr.
925 4472 999 4538 913.
1015 4450 1085 4516 ἀλλ’
1101 4453 1169 4517 οὐδὲ
1183 4454 1240 4531 μέν
