2864 4914
456 296 523 359 AD
546 297 945 363 ANDROMACHAM.
1186 300 1251 366 375

192 461 222 542 μ’
238 463 380 528 additum
396 488 435 529 ex
452 469 525 533 Pur.
544 471 628 533 A-B.
645 469 730 534 Flor.
749 472 793 534 A.
807 488 857 533 10.
871 485 919 554 15.
936 471 984 533 H.

195 566 268 649 854.
284 567 399 646 μαινάδ’
414 592 516 636 errore
532 571 705 657 typothetae
719 593 869 636 excusum
887 594 945 658 pro
958 569 1074 652 μονάδ’.

195 671 268 753 856.
293 671 511 760 ὀλεῖ-στέγα]
529 673 733 739 Scribendurn
757 697 821 739 uno
835 697 926 739 versu
947 676 1017 738 ὀλεῖ
1034 674 1103 737 όλεῖ
1115 696 1162 754 με·
1185 673 1248 758 τᾷδ’

149 770 243 835 οὐκέτ’
268 772 410 852 ἐνοικήσω
433 778 576 860 ννμφιδίιμ
599 775 702 861 στέγᾳ.
728 775 825 840 οὐκέτι
847 774 909 859 τᾷδ’
933 774 1163 862 transponenda
1184 798 1250 839 esse

150 872 229 938 vidit
253 874 419 940 Seldlerus.
465 876 628 942 Glossema
649 878 761 956 δηλαδὴ
782 879 871 945 πόσις
892 890 962 965 post
984 879 1054 941 ὀλεῖ
1071 902 1109 956 με
1125 875 1249 940 addunt

151 975 225 1038 Par.
242 978 326 1041 A.B.
343 977 427 1041 Flor.
445 980 489 1044 A.
506 1000 556 1044 10.
573 1000 620 1064 15.
637 982 684 1044 H.
701 981 801 1043 Taur.
818 980 882 1043 Gu.

196 1078 269 1143 860.
296 1082 418 1165 δούλας]
441 1085 560 1150 δούλοις
583 1085 655 1147 Pur.
678 1085 724 1146 A.
748 1081 833 1145 Flor.
855 1100 883 1148 ι.
910 1104 930 1144 a
953 1095 1135 1160 correctore,
1157 1082 1250 1146 Leno.
1356 1077 1359 1082 ’

151 1178 226 1243 Ald.

193 1283 334 1367 γούνασι]
350 1286 459 1366 γόνασι
475 1285 561 1351 Flor.
576 1289 619 1351 A.
634 1303 680 1373 15.

195 1386 268 1448 861.
285 1387 414 1452 Φθιάδος
428 1389 462 1450 ἐκ
476 1390 543 1473 γᾶς]
564 1391 645 1454 Haec
661 1388 767 1466 verba,
780 1411 854 1474 quoe
869 1386 899 1450 ln
915 1385 988 1451 edd.
1004 1386 1163 1451 veteribus
1174 1408 1249 1452 cum
1369 1373 1374 1387 ’

151 1486 344 1571 ρτωςδόειιιο
369 1490 530 1570 προσπάσω
554 1492 801 1578 conjunguntur,
829 1490 919 1575 signo
940 1488 1152 1575 interrogandi
1179 1503 1251 1576 post

151 1593 205 1669 γᾶς
225 1589 337 1674 posito,
354 1591 428 1654 milri
451 1591 583 1657 delenda
603 1593 759 1659 videntur.
803 1591 866 1671 Qui
887 1592 1000 1656 servari
1025 1591 1139 1670 volent,
1158 1591 1251 1679 plura

149 1690 299 1755 excidisse
320 1708 456 1757 statuere
477 1694 648 1772 debebunt,
664 1718 736 1781 quae
751 1692 903 1759 Bruuokii
917 1693 1023 1780 opinio
1038 1694 1109 1758 fuit.
1155 1696 1251 1780 Inep-

150 1810 216 1856 tum
233 1795 338 1859 nuvitii
355 1796 526 1861 scholiastoe
539 1813 751 1861 commentum
767 1814 813 1861 est
827 1795 859 1859 iu
874 1795 967 1860 codd.
982 1799 1083 1860 Tuur.
1097 1814 1128 1860 et
1141 1797 1249 1861 Guelf.

152 1918 208 1977 pro
231 1897 285 1974 ἔξω
304 1899 433 1967 Φθιάδος
447 1905 502 1981 γᾶς
516 1900 599 1964 dicta
613 1899 791 1986 accipientis
805 1914 836 1963 et
851 1921 923 1963 curu
939 1899 1083 1985 proximo
1098 1902 1161 1979 εἴην
1174 1921 1249 1964 con-

149 2015 308 2062 struenus.

163 2115 168 2127 ·
194 2103 265 2185 863.
284 2103 489 2168 Scribendurn
505 2128 568 2169 uno
582 2128 672 2170 versu
688 2103 706 2185 ἢ
721 2102 993 2170 πευτῖιεν-άκτάς.

193 2204 213 2265 δ
229 2204 301 2267 Par.
319 2208 360 2267 A.
376 2205 394 2283 ἣ
408 2204 499 2270 codd.
515 2205 634 2292 reliqui.
657 2205 675 2286 ἢ
691 2205 768 2270 Ald.
791 2205 959 2269 &refertur
972 2203 1013 2268 ad
1028 2203 1137 2269 πλάτα.

192 2306 266 2384 864.
283 2306 444 2392 ἐπέρασεν]
463 2306 583 2389 ἐπάρασ’
600 2307 677 2372 Ald.

193 2408 297 2494 ἀκτὰς]
314 2411 403 2476 άκτᾶς
418 2413 490 2474 Par.
507 2412 635 2474 Α.Β.Ε.
652 2411 743 2475 Lusc.

193 2511 267 2594 865.
289 2513 493 2597 πρωτόπλοος]
515 2514 596 2577 Num
611 2515 714 2598 Argo,
731 2527 766 2576 ut
789 2511 883 2576 refert
903 2507 998 2573 schol.
1014 2508 1124 2596 Apoll.
1139 2510 1204 2574 Rh.
1221 2532 1249 2587 1,

149 2633 182 2691 4,
198 2615 276 2693 φασὶ
290 2616 408 2695 πρώτην
423 2621 497 2679 ναῦν
516 2615 660 2697 γενέσθαι
680 2613 805 2696 μακράν.
829 2615 887 2677 PF
891 2612 1035 2676 LUGK.
1058 2615 1252 2694 πρωτοπλόος

150 2730 379 2802 paroxytonum
396 2717 488 2783 estin
505 2720 578 2782 Pur.
594 2722 637 2782 A.
652 2716 782 2803 aliisque
800 2713 957 2779 nonnullis
978 2730 1087 2779 contra
1109 2716 1249 2801 regulam

149 2817 191 2880 ab
206 2820 375 2884 Eustathio
389 2820 583 2906 traditam'p.
601 2820 693 2903 1584.
708 2837 761 2903 37.
776 2819 970 2899 πμωτόπλους
985 2815 1062 2880 Ald.

194 2921 266 2984 866.
282 2932 368 3003 τροφ.
384 2922 601 3009 praescriptum
616 2921 647 2984 in
664 2923 736 2984 Pur.
752 2921 792 2984 B.
836 2919 942 3005 Vulgo
957 2924 1001 2983 θε.

193 3019 244 3106 τὸ]
259 3024 326 3086 τότε
343 3026 414 3087 Ρατ.
430 3026 471 3087 Ε.
488 3024 574 3087 Flor.
592 3042 621 3086 2.
640 3027 785 3107 (uterque
800 3044 819 3085 a
834 3043 883 3108 pr.
900 3023 954 3102 ru.)
972 3035 1004 3084 et
1018 3019 1098 3084 Ald.

194 3124 267 3205 867.
282 3124 411 3211 Τρῳάδ’]
427 3123 521 3206 τρωίδ’
540 3127 613 3188 Par.
631 3126 674 3187 A.

195 3226 267 3306 878.
290 3227 421 3306 πρόσθεν
439 3225 596 3307 μελάθρων
615 3223 697 3288 τῶνδ’
714 3222 857 3304 ὁρωμένη,
873 3222 994 3306 τέκνον]
1014 3222 1113 3287 Valde
1134 3221 1253 3287 inutilis

152 3325 201 3389 luc
228 3348 348 3403 versus,
377 3326 431 3413 qui
465 3327 488 3389 si
527 3325 662 3411 scriptus
694 3323 735 3388 ab
764 3323 921 3410 Euripide
953 3339 1010 3401 est,
1040 3323 1148 3388 saltem
1178 3345 1250 3386 oum

152 3427 312 3492 Brunckio
326 3427 409 3493 τῶνδ’
425 3427 454 3491 ln
471 3427 518 3492 ὧδ’
535 3427 592 3492 erit
608 3424 805 3490 mutandum.

193 3532 267 3594 880.
281 3530 423 3610 βημάτων
439 3528 627 3594 Brunckius.
673 3528 857 3614 Legebntur
872 3526 1024 3606 δωμάτων.

193 3634 266 3718 883.
292 3635 365 3714 άτδρ
388 3632 423 3711 δὴ
444 3631 589 3696 πυνθάνει
609 3635 653 3699 τίς
672 3631 715 3694 δν
732 3631 802 3695 τάδε
814 3632 839 3715 ι]
859 3629 909 3693 Sic
925 3631 973 3706 H,
989 3628 1047 3693 uisi
1068 3625 1155 3715 quod
1177 3652 1249 3691 πυν-

149 3735 235 3820 θάνῃ.
259 3736 332 3816 ὀτδρ
354 3736 390 3814 δὴ
411 3736 455 3802 τίς
473 3734 516 3798 δν
537 3732 672 3820 πυνθάνῃ
694 3733 765 3798 τάδε
787 3735 860 3797 Par.
878 3732 963 3796 AB.
980 3731 1067 3796 Flor.
1082 3734 1125 3794 A.
1139 3749 1187 3793 10.
1201 3749 1213 3791 ι
1218 3748 1251 3812 5.

150 3839 252 3901 Tuur.
269 3840 333 3901 Gu.
351 3836 429 3901 Ald.
445 3839 519 3919 ὀτόρ
533 3839 578 3904 τίς
591 3837 634 3900 ὤν
648 3862 685 3918 γε
703 3835 838 3915 πυνθάνῃ
852 3835 944 3908 πόδες
969 3835 1042 3898 Par.
1059 3834 1101 3898 E.
1116 3830 1203 3900 Flor.
1221 3848 1250 3893 2.

151 3940 245 4005 Lasc.

195 4042 267 4122 884.
283 4066 318 4123 γε
336 4042 377 4104 L.
389 4039 583 4104 Dindorllus.
628 4038 733 4126 Vulgo
747 4064 790 4113 τε,
805 4038 891 4126 quod
908 4037 1129 4103 revoomdum.

194 4145 288 4226 τόκος]
308 4143 398 4224 γόνος
412 4144 485 4206 Par.
502 4142 541 4205 B.
559 4140 645 4205 Flor.
662 4161 778 4225 10.15.

192 4248 266 4327 887.
283 4246 377 4329 δοκεῖ]
395 4251 469 4309 δοκῶ
485 4243 562 4307 Ald.

191 4349 265 4433 894.
295 4346 482 4432 στεμμάτων]
509 4349 629 4411 Ruuros
654 4343 791 4431 intellige
818 4345 894 4408 oleae
921 4342 992 4406 luna
1018 4342 1147 4421 vinctos,
1169 4365 1249 4429 quos

652 4445 741 4525 nb4
