2864 4914
551 276 619 338 AD
643 273 881 339 ORESTEM.
1227 279 1271 346 89

215 446 287 529 258.
310 442 465 507 Libanius
486 465 544 507 suo
557 444 607 508 vel
629 443 745 509 librarii
766 467 870 508 errore
887 443 946 508 vol.
965 464 992 508 1.
1016 467 1048 530 p.
1062 446 1137 526 460.
1153 448 1195 511 D.
1213 449 1272 512 Kal

168 546 244 628 πρὸς
259 545 388 626 ἔμαντάν
402 543 557 628 Άίσχύλον
570 544 653 628 λέγω
666 545 823 620 πολλάκις,
837 545 925 619 Μέύ,
938 544 961 610 ὦ
975 547 1147 630 ταλαίπωρ’,
1159 547 1272 630 ἀτρέμα

169 653 237 715 σοῖς
258 650 292 711 ἔν
313 649 449 726 δεμνίοις.
487 648 571 710 Cum
593 647 625 710 in
650 648 750 711 MSS.
765 647 953 733 quibusdam
970 647 1097 729 ἀτρέμας
1119 649 1271 736 scriptum

167 762 260 825 esset,
282 762 437 819 corrector
460 748 551 812 metri
576 748 696 834 peritus
717 748 749 811 in
776 750 818 813 Κ.
838 749 926 813 dedit
947 749 1075 832 ἀτρέμας
1098 754 1131 816 ἐν
1150 760 1217 822 σοῖς
1241 760 1268 820 δ.

168 850 275 914 POR.
312 849 441 931 ἀτρέμας
454 873 504 935 ap.
522 849 608 914 Plut.
624 852 710 915 Mor.
725 873 757 937 p.
772 852 836 934 465
853 853 891 914 C.
908 853 969 931 788
986 853 1026 916 F.

214 953 287 1015 261.
302 949 427 1035 ἐνέρων]
446 950 591 1033 νερτέρων
606 952 700 1016 schol.
717 952 815 1016 Arist.
831 952 919 1017 Pluti
935 971 1009 1037 423.

214 1053 315 1136 ίερίαι]
348 1051 496 1138 Plerique
522 1052 614 1116 codd.
639 1067 670 1117 et
696 1053 773 1117 Ald.
799 1055 912 1136 ἱέρειαι.
950 1055 1037 1137 ίέριαι
1061 1055 1148 1120 Flor.
1177 1081 1267 1123 unus.

169 1155 270 1217 Recte
286 1155 372 1235 ίερίαι
387 1152 551 1217 scholiasta
566 1155 722 1218 metricus.

214 1256 288 1335 264.
302 1253 461 1343 Ἐρινύων]
480 1256 681 1321 scribebatur
694 1255 866 1338 Ἐριννύων.
900 1255 1080 1340 Ἐάριννύων
1094 1258 1171 1323 Ald.

213 1358 286 1440 269.
303 1358 505 1436 ἐξαμύνασθαι
519 1357 666 1422 tredecim
681 1357 813 1423 codices.
842 1360 1038 1438 ἔξαμύνεσθαι
1053 1359 1132 1425 Ald.
1157 1364 1270 1442 ἐξαμεί-

165 1464 279 1539 βεσθαι
294 1458 341 1521 Η.

212 1579 285 1643 270.
307 1561 449 1641 μανιάσιν
463 1560 670 1643 λυσσήμασιν]
695 1559 849 1624 Dativum
870 1560 1016 1647 adjectivi
1033 1562 1173 1628 feminini
1195 1588 1268 1629 cum

163 1663 361 1727 substantivo
371 1662 494 1748 generis
507 1661 649 1726 neutrius
663 1661 803 1726 similiter
815 1662 978 1748 conjunxit
1002 1687 1030 1726 v.
1047 1664 1120 1748 837.
1138 1666 1265 1746 δρομάσι

168 1764 347 1847 βλεφάροις.
371 1763 487 1828 Helen.
506 1782 599 1848 1301.
615 1762 737 1844 δρομάδι
751 1763 845 1847 κάλῳ.

214 1884 287 1949 271.
303 1866 492 1946 βεβλήσεται
506 1864 583 1928 Ald.
596 1866 696 1929 MSS.
712 1863 873 1928 Plutarch.
888 1866 1033 1951 Sympos.
1049 1884 1078 1948 9.
1094 1889 1125 1952 p.
1139 1883 1213 1952 737.
1223 1872 1267 1934 A.

167 1966 355 2047 βληθήσεται
377 1967 473 2053 Diog.
493 1969 599 2032 Laert.
623 1987 654 2051 9.
670 1968 721 2030 60.
760 1968 944 2052 Utrumque
967 1966 1114 2054 Euripidi
1138 1992 1268 2057 usurpa·

169 2085 249 2133 tum.
273 2070 378 2133 POR.
416 2068 658 2134 continuandus
683 2068 734 2131 hic
756 2090 863 2131 versus
888 2066 1002 2147 Oresti,
1024 2085 1177 2135 commate
1197 2086 1268 2158 post

167 2173 238 2254 χερί
251 2170 363 2256 posito.

213 2291 287 2356 275.
302 2274 322 2335 δ
336 2274 370 2356 δ]
390 2271 489 2336 scrib.
505 2274 555 2336 δᾶ.

212 2375 285 2440 28ο.
301 2373 443 2458 ξύγγονε]
461 2376 591 2455 σύγγονε
607 2371 683 2436 Ald.

211 2476 338 2560 κλαίεις]
358 2475 457 2542 κλάεις
472 2476 511 2538 Β.
527 2489 558 2538 et
573 2489 635 2538 tres
649 2472 710 2537 alii.

212 2576 304 2655 θεῖσ’]
328 2579 391 2644 θεὶς
405 2575 483 2640 Ald.
498 2576 554 2662 qui
569 2576 653 2639 hunc
671 2596 794 2638 versum
818 2573 954 2638 Electrae
976 2575 1098 2640 tribuit.
1135 2581 1266 2644 Correo-

167 2694 237 2744 tum
254 2701 293 2742 ex
307 2678 399 2742 codd.
414 2676 559 2764 pluribus
573 2692 605 2741 et
620 2676 790 2742 scholiasta.

212 2782 273 2845 ἔσω
288 2780 375 2844 Flor.
391 2779 464 2842 duo.
503 2778 704 2843 Scribebatur
726 2780 809 2842 εἵσω.
848 2778 921 2841 Νοα
939 2795 1082 2846 constant
1103 2783 1161 2847 sibi
1183 2783 1265 2849 libri.

168 2882 221 2946 Sic
244 2885 315 2946 είσω
337 2881 368 2945 in
392 2880 504 2966 quinto
524 2880 605 2967 pede
629 2878 760 2942 trimetri
780 2879 927 2943 exhibent
948 2881 1022 2967 Iph.
1040 2885 1081 2947 T.
1099 2886 1151 2949 66.
1174 2886 1266 2972 Cycl.

167 2989 243 3068 679.
267 2983 341 3048 Hel.
361 3000 454 3068 1554.
478 2985 577 3047 Herc.
594 2984 668 3066 996.
683 3000 715 3046 et
730 2998 812 3046 recte
827 2982 967 3048 fortasse.

213 3086 286 3150 281.
302 3087 365 3169 σοι]
384 3111 421 3149 σε
435 3084 527 3148 codd.
543 3084 695 3170 quinque.

213 3188 285 3252 286.
310 3187 399 3268 ἔργον
415 3188 503 3249 Β.Η.
519 3200 550 3249 et
565 3199 715 3271 quattuor
733 3184 785 3248 alii
800 3207 872 3248 cum
895 3187 991 3249 schol.
1007 3186 1046 3250 ad
1072 3188 1168 3273 Soph.
1186 3190 1266 3253 OEd.

167 3290 212 3352 T.
232 3289 323 3373 1328.
361 3287 466 3352 Ceteri
479 3286 570 3351 codd.
588 3291 620 3354 ές
641 3288 740 3369 ἔργον,
757 3286 813 3349 nisi
831 3286 917 3372 quod
933 3287 964 3350 in
982 3289 1067 3353 Flor.
1084 3288 1208 3353 duobus
1230 3308 1267 3356 ut

166 3392 198 3454 in
222 3392 300 3455 Ald.
325 3394 366 3459 είς
389 3392 488 3472 ἔργον.
522 3392 654 3471 έποίρειν
675 3390 742 3453 τινά
766 3389 932 3453 redictum
957 3404 993 3454 ut
1015 3392 1130 3455 πείθειν
1150 3394 1218 3457 τινά
1239 3421 1268 3459 τι

166 3505 273 3554 monet
288 3490 446 3553 Matthiae.

212 3592 284 3672 287.
299 3593 445 3675 ηὔφρανε]
464 3592 593 3672 εύφρανε
609 3592 654 3652 Η.
670 3605 701 3654 et
716 3589 881 3653 duodecim
896 3589 959 3654 alii.

211 3695 286 3777 289.
302 3695 416 3757 κτεῖναί
426 3717 465 3771 με
478 3691 551 3779 χρή]
570 3698 680 3756 κτεῖναι
694 3693 793 3773 χρειύν
807 3690 872 3755 duo
887 3691 979 3756 codd.

211 3812 284 3874 291.
306 3795 346 3873 μὴ
365 3799 416 3873 τῆς
439 3792 531 3857 Harl.
567 3794 751 3857 Ceterorum
772 3791 914 3879 plerique
934 3793 1058 3874 μήποτε,
1079 3795 1171 3881 pauci
1193 3819 1266 3860 cum

167 3895 244 3959 Ald.
260 3896 356 3975 μήπω,
371 3895 457 3981 quod
472 3894 564 3958 estin
582 3897 628 3958 H.

211 4017 284 4081 292.
301 3997 411 4076 ἔμελλε
427 3997 473 4059 Η.
488 4009 520 4059 et
538 3997 645 4080 Mosq.
662 4017 754 4058 unus.
776 3994 891 4074 ἤμελλε
905 3994 984 4058 Ald.

211 4118 284 4183 293.
300 4097 326 4161 θ’
343 4098 436 4161 Harl.
477 4096 581 4161 Ceteri
596 4111 628 4161 et
642 4095 721 4159 Ald.
736 4095 772 4159 δ’.
806 4095 900 4173 Quod
915 4095 1200 4182 frequentissimum
1213 4123 1266 4164 oo-

165 4200 270 4265 dicum
287 4199 397 4263 vitium
414 4215 471 4277 est,
487 4199 606 4285 dequo
621 4197 685 4262 dixi
701 4196 742 4261 ad
760 4196 856 4284 Soph.
873 4197 952 4261 (Ed.
969 4198 1010 4261 Τ.
1028 4216 1102 4281 347.

210 4321 281 4384 294.
298 4302 489 4367 ἀνακάλυπτε
504 4319 567 4365 tam
580 4301 658 4365 bene
670 4322 728 4385 pro
740 4299 960 4376 ἀνακαλύπτον,
973 4297 1142 4363 subaudito
1153 4322 1267 4384 prono-

165 4402 257 4481 mine,
274 4403 414 4490 pouitur,
430 4425 525 4489 quam
543 4402 734 4467 καταπαύσας
748 4421 806 4485 pro
818 4399 1081 4478 καταπονσάμενος
1096 4402 1179 4466 Hec.
1191 4402 1265 4484 906.
