2864 4914
187 277 231 344 62
551 277 932 342 ANNOTATIONES

188 449 382 514 MATTH.
428 449 519 512 Duos
541 446 610 512 illos
624 472 731 513 versus
752 450 1061 531 ξενίαν-προμηθίαν
1075 470 1174 534 quum
1191 447 1293 534 indig-

188 574 244 616 nos
266 573 331 614 esse
353 549 510 636 Euripide
531 550 733 616 intellexisset
755 551 914 630 Matthiae,
938 550 1050 614 mirum
1070 565 1118 615 est
1143 572 1205 614 non
1225 551 1292 615 sni·

188 653 390 718 madvertisse
411 674 483 715 eum
506 651 572 717 duo
597 653 756 741 proximos
782 654 904 731 ἔκτεινε,
927 655 1042 733 τύμβον
1063 651 1102 732 δ’,
1123 655 1149 717 εἰ
1173 659 1293 717 κτανεῖν

190 759 346 839 ἐβούλετο,
361 755 413 818 οὐκ
427 755 566 835 ἠξίωσεν,
581 757 653 820 ἀλλ’
665 759 762 839 ἀφῆκε
775 759 911 835 πόντων,
926 755 1026 842 magis
1040 755 1132 819 etiam
1147 755 1293 842 indignos

189 874 282 947 poete
308 882 384 923 esse.
429 859 496 922 Eos
521 858 577 945 qui
607 860 740 946 scripsit,
767 860 825 924 hoc
855 859 957 923 dicere
983 858 1092 936 voluit,
1116 861 1230 938 τύμβον
1255 857 1291 932 δ’,

189 961 291 1043 ὥσπερ
313 961 382 1034 ἔδει,
407 963 434 1025 εἰ
454 967 573 1025 κτανεῖν
599 963 755 1041 ἐβούλετο,
779 964 831 1027 οὐκ
852 964 989 1043 ἠξίωσεν,
1012 961 1067 1025 sed
1090 983 1190 1047 quum
1213 960 1293 1025 illud

190 1067 292 1146 όοπεμ
314 1064 375 1128 ἔδει
396 1086 504 1127 versus
526 1085 588 1126 non
611 1079 747 1150 caperet,
762 1065 878 1143 omisit,
900 1087 1000 1151 eoque
1017 1064 1120 1128 effecit
1141 1076 1178 1127 ut
1193 1063 1294 1128 oratio

190 1166 336 1230 evaderet
359 1164 504 1230 absurda.
553 1166 664 1230 Verbis
688 1171 796 1248 λαβὼν
819 1170 986 1249 προμηθίαν
1007 1165 1084 1252 quid
1114 1181 1209 1253 poeta
1235 1166 1294 1230 iste

191 1268 364 1355 significare
377 1265 523 1347 voluerit,
539 1292 577 1333 ex
595 1292 623 1332 v.
643 1288 735 1355 1137.
751 1270 855 1357 colligi
870 1284 983 1356 potest.

235 1389 309 1455 794.
337 1372 452 1456 φίλων]
486 1370 691 1436 scribendum
722 1371 816 1451 ξένων
837 1395 875 1435 ex
901 1372 939 1435 B.
962 1381 994 1434 et
1022 1367 1202 1457 quindecim
1227 1367 1296 1433 aliis

190 1473 283 1539 codd.
322 1473 412 1537 Idem
428 1495 487 1559 pro
502 1473 587 1537 varia
601 1473 732 1538 lectione
746 1488 930 1539 annotatum
944 1472 977 1536 in
993 1473 1040 1536 H.
1055 1484 1088 1536 et
1102 1472 1190 1535 Flor.
1203 1493 1277 1536 uno.

236 1577 310 1639 802.
328 1577 374 1663 ἐς]
393 1578 435 1642 εἰς
450 1574 527 1638 Ald.

234 1679 309 1758 804.
326 1678 388 1760 ipit]
407 1676 608 1741 scribebatur
624 1679 698 1760 ἱερό.

237 1781 311 1862 807.
335 1780 374 1846 ὣς
395 1781 540 1864 γραφεύς]
569 1780 658 1843 Nihil
677 1780 763 1845 aliud
787 1781 855 1845 vult
877 1779 1024 1858 Hecube,
1050 1778 1109 1843 nisi
1131 1777 1297 1865 diligenter

193 1904 265 1947 eum
279 1895 311 1945 et
325 1895 468 1946 accurate
481 1879 688 1947 infortunium
703 1882 803 1970 ipsius
815 1881 1020 1947 considerare.
1045 1884 1111 1946 Pro
1124 1881 1297 1968 diligenter

192 1983 422 2072 comparatione
445 1982 545 2047 utitur
566 1984 694 2072 pictoris
717 2007 734 2048 e
753 1986 843 2072 justo
865 1983 1029 2048 intervallo
1051 1982 1190 2048 tabulam
1212 2006 1297 2068 spec-

193 2087 296 2152 tantis.
324 2089 472 2152 αἰδεΐσθαι
496 2099 613 2165 autem,
638 2087 658 2148 i.
681 2110 709 2150 e.
737 2088 945 2152 reverentiam
974 2088 1109 2166 τοιοντόο,
1137 2087 1298 2173 imprimis

104 2243 108 2253 .
193 2190 388 2277 supplicibus
401 2188 534 2252 deditam
546 2198 704 2274 prestare
722 2188 798 2272 (vid.
817 2188 913 2274 Sopb.
929 2188 1010 2253 (Ed.
1026 2190 1067 2253 C.
1079 2207 1152 2270 247.
1169 2190 1296 2274 Musgr.

193 2291 236 2355 ib.
254 2310 349 2376 1333.
372 2291 715 2373 Eur.Heracl.1os.),
737 2305 770 2356 et
789 2293 944 2374 οἰκτείρειν
965 2290 1132 2378 saepissime
1149 2292 1295 2378 jungun-

194 2410 259 2471 tur,
275 2409 418 2479 utsupra
436 2395 507 2479 283.
525 2393 679 2473 αἰδέσθητί
691 2421 740 2474 με,
757 2397 909 2475 οἴκτειρον.
935 2393 1042 2482 Iphig.
1060 2395 1105 2455 A.
1118 2411 1209 2480 1233.
1227 2392 1296 2457 ἀλλ’

195 2498 315 2562 αἴδεσαί
335 2522 373 2575 με
398 2496 445 2560 καὶ
466 2497 664 2578 κατοίκτειρον
688 2499 768 2576 βίον.
802 2495 902 2582 soph.
921 2495 976 2581 Aj.
992 2498 1068 2581 506.
1087 2493 1156 2558 ἀλλ’
1181 2498 1298 2560 αἴδεσαι

197 2603 254 2682 μὲν
267 2599 542 2681 πατέρα-αἴδεσαι
557 2601 590 2662 δὲ
603 2598 883 2680 μητέρα-οἴκτειρε
898 2596 933 2671 δ’,
949 2596 1040 2675 ὦναξ,
1055 2602 1147 2662 παῖδα
1159 2598 1213 2661 τὸν
1228 2599 1297 2662 σόν.

196 2704 295 2767 Hunc
309 2702 412 2766 locum
428 2701 504 2764 citat
518 2701 668 2764 Euststb.
683 2723 716 2788 p.
734 2718 750 2783 7
752 2715 808 2786 52,
823 2721 857 2781 4.
877 2715 909 2765 et
927 2724 956 2765 v.
975 2705 1046 2783 807.
1064 2700 1182 2765 Thom.
1198 2702 1250 2764 M.
1266 2723 1298 2763 v.

196 2808 267 2870 tros.
292 2805 486 2868 MATTH.

239 2906 312 2972 812.
328 2911 383 2971 ποῖ
393 2908 422 2985 μ’
436 2906 593 2988 όπεξόγεις
606 2906 702 2978 πόδας
728 2907 844 2969 Sensus
861 2929 927 2970 esse
949 2905 1089 2969 videtur:
1115 2908 1184 2980 Quo
1196 2927 1299 2970 meum

188 3010 303 3098 pedem
316 3009 477 3086 subducis,
491 3009 512 3074 i.
526 3032 556 3073 e.
569 3031 631 3096 quo
645 3029 693 3073 me
706 3012 794 3097 cogit
809 3018 838 3074 te
851 3011 967 3097 requi?
989 3011 1114 3096 Nempe
1128 3011 1301 3095 Agamem·

195 3134 270 3191 non,
287 3110 433 3176 Hecubae
454 3109 562 3176 nolens
584 3133 732 3188 annuere,
748 3132 805 3174 nec
819 3125 922 3175 tamen
946 3110 1050 3198 pelam
1066 3133 1179 3197 negare
1192 3133 1299 3187 ausus,

194 3214 384 3303 pedetentim
407 3236 537 3278 oscena
563 3212 707 3278 recedere
731 3228 871 3278 conatur.
896 3214 1000 3279 POR.
1036 3211 1198 3296 ὑπεξάγειν
1222 3213 1301 3277 πόδα

194 3317 309 3382 dixisse
322 3316 449 3381 videtur
471 3315 643 3401 Euripides
664 3338 724 3402 pro
738 3314 860 3401 vulgari
882 3317 1017 3398 φεύγειν,
1032 3315 1084 3380 cui
1105 3314 1301 3381 accusativus

195 3443 235 3484 ex
250 3444 336 3485 more
350 3419 546 3506 adjungitur,
560 3433 596 3483 ut
609 3418 677 3483 eliis
690 3417 853 3482 similibus.
878 3418 1010 3482 Lucian.
1024 3420 1108 3483 Tox.
1123 3420 1153 3501 ξ.
1163 3419 1214 3504 36.
1230 3420 1301 3482 ὑπο-

194 3528 349 3606 χωροῦμεν
379 3524 526 3588 ἐπιόντας.
562 3521 766 3586 PFLUGK.
805 3519 887 3584 Vera
915 3519 1056 3607 Pfluglrii
1085 3520 1301 3607 interpretatio

194 3638 252 3690 est.

240 3728 313 3810 815
328 3728 530 3811 μαοτεόομεν]
547 3728 714 3805 ματεύομεν
730 3723 817 3789 Flor.
832 3748 924 3790 unus.

240 3828 312 3892 816.
331 3826 562 3907 Quinctilianus
579 3846 677 3905 1,12.
696 3829 745 3892 18.
761 3827 849 3892 itum
865 3829 917 3910 (nt
931 3828 978 3891 ost
992 3849 1057 3890 αοιι
1071 3829 1223 3917 ignobilis
1238 3839 1303 3895 tro-

191 3931 304 4034 μοι)
320 3952 468 4017 regenam
490 3951 599 3994 renim
620 3932 806 3994 mationem
844 3930 907 4009 Qui
927 3929 1087 3995 Ciceronis
1105 3930 1148 3995 de
1170 3931 1303 3997 Oratore

198 4051 230 4112 2,
244 4052 296 4114 44.
313 4033 344 4095 in
363 4033 468 4097 animo
482 4031 613 4112 babuit3
637 4032 748 4096 Cicero
762 4049 868 4098 autem
890 4055 910 4096 α
932 4032 1113 4097 Pacuviano
1128 4034 1302 4099 Hermione

197 4136 318 4214 sumsit,
336 4138 364 4204 0
373 4137 557 4222 flexanimo
571 4143 664 4221 αφαιε
677 4137 819 4198 omnium
832 4136 951 4222 regino
972 4155 1081 4198 remos
1097 4139 1210 4200 oratio.
1257 4137 1303 4200 Et

198 4236 356 4303 Ciceronis
377 4252 409 4301 et
431 4235 563 4301 Pacuvii
585 4235 681 4300 verbs
701 4235 777 4301 citet
801 4235 924 4302 Nonius
944 4259 975 4300 v.
995 4238 1029 4301 F
1027 4237 1198 4302 leuamma.
1238 4239 1301 4302 No

198 4354 297 4406 strum
311 4339 449 4426 respexit
465 4339 634 4404 Pacuvius.
671 4339 754 4404 Haec
768 4361 828 4426 pro
842 4340 872 4403 0
886 4339 962 4405 MS.
992 4341 1099 4404 POR.

241 4444 316 4526 817.
330 4442 418 4506 οὐδέν
433 4442 474 4526 τι]
492 4442 528 4505 οὔ
543 4445 615 4519 δῆτα
631 4441 676 4504 Η.
693 4463 769 4508 em.
784 4465 834 4529 pr.
848 4457 882 4506 et
894 4441 981 4508 Flor.
998 4465 1091 4507 nnus.
