2864 4914
499 314 568 378 AD
591 315 930 381 HIPPOLYTUM.
1199 318 1265 387 279

165 484 228 548 Sed
255 484 328 549 ferri
367 498 469 572 potest
505 485 655 553 librorum
693 487 848 575 scriptura
875 486 989 553 πένθει.
1035 487 1134 552 Metti
1163 488 1264 554 forma

549 668 601 697 Ιυ
652 690 662 717 Ι
859 669 870 698 Ι

505 675 909 766 ----...-..--ιι

163 792 194 855 in
210 814 276 878 quo
288 815 401 879 genere
417 816 478 856 non
494 817 564 858 raro
579 794 636 859 sibi
651 797 843 884 respondent
856 833 879 845 -
890 793 914 847 -3
927 833 950 845 ·-
963 809 996 860 et
1009 834 1031 845 -
1044 794 1067 845 -'
1080 836 1110 863 υ.

164 588 231 652 haec
246 606 293 653 est

211 929 282 991 140.
301 913 461 998 δύστανον]
478 915 624 995 δύστηνον
639 917 713 980 Par.
731 916 774 978 A.
791 913 875 980 Flor.
893 934 941 979 ιο.

211 1051 282 1112 141.
299 1058 338 1096 συ
329 1031 414 1114 ’τᾶρ’
431 1034 644 1097 Hermannus.
666 1059 704 1098 συ
689 1033 776 1116 γὰρ
791 1031 871 1098 libri

211 1170 282 1232 144.
298 1152 460 1236 ὀρείας]’
428 1153 511 1234 ουρεί
509 1179 544 1219 ος
498 1150 639 1216 t.Atd
655 1166 687 1216 et
699 1152 829 1220 sortasse
843 1151 974 1219 codices.

207 1273 314 1354 φοιτᾷς
336 1268 509 1335 scholiasta.
555 1271 736 1358 Legebatur
758 1273 933 1355 φοιταλέου.
980 1275 1019 1337 In
1036 1274 1081 1337 H.
1101 1273 1265 1355 φοιταλέου

164 1375 280 1458 φοιτᾷς.
326 1374 365 1436 In
389 1372 476 1438 Flor.
495 1390 544 1460 15.
570 1398 665 1463 supra
688 1374 712 1441 ὦ
741 1378 831 1458 κούρα
852 1390 1036 1442 annotatum
1062 1403 1110 1459 γρ.
1134 1384 1263 1463 φοιταῖς.

165 1476 450 1563 Transponendum
480 1494 586 1543 autem
617 1483 723 1560 φοιτᾶς
750 1495 823 1544 ante
851 1477 869 1560 ἢ
897 1483 1017 1564 ματρός.
1062 1479 1156 1560 Quod
1186 1480 1265 1546 vidit

166 1579 311 1644 Bothius.

211 1699 281 1768 145.
306 1684 422 1746 Sensus
440 1697 504 1748 est:
530 1683 729 1750 Concuteret
744 1694 880 1773 propter
899 1707 947 1759 aa,
969 1687 1097 1773 quain
1118 1687 1264 1752 Dianam

165 1788 354 1850 venatricem
366 1788 502 1874 peccasti
515 1809 612 1874 quum
631 1787 724 1850 stalla
743 1789 772 1851 ei
793 1809 887 1852 sacra
905 1792 976 1876 (pro
999 1787 1046 1853 his
1067 1804 1148 1876 sunt
1164 1791 1266 1854 ίθυτοι

164 1889 303 1973 πέλανοι)
307 1890 442 1975 ficaria,
457 1889 497 1969 μδ
513 1891 674 1970 ίερεύσασα
688 1889 847 1965 πελάνους,
863 1890 918 1978 qui
933 1890 975 1954 ob
990 1890 1050 1956 hoc
1068 1891 1169 1978 ipsum
1192 1904 1268 1955 sunt

165 1993 277 2056 ἄθιποι.
315 1992 562 2055 Accommodata
576 2014 649 2055 vero
664 2008 711 2056 est
725 1992 894 2080 Dictynna
910 1993 1037 2072 mentio,
1053 1993 1171 2082 quippe
1187 1995 1264 2057 Crc-

166 2094 298 2157 tensium
322 2094 400 2174 deae,
415 2116 480 2181 quo
502 2109 622 2181 spectat
643 2093 736 2159 etiam
758 2095 844 2184 quod
860 2095 1012 2183 sequitur,
1028 2101 1118 2182 φοιτᾷ
1133 2100 1192 2181 γὰρ
1206 2110 1264 2160 etc.

168 2196 315 2260 Similiter
331 2197 439 2283 Ajacis
454 2196 591 2260 furorem
607 2196 762 2285 explicare
776 2213 907 2262 conatur
925 2197 1039 2261 chorus
1058 2196 1144 2286 apud
1167 2195 1266 2283 Soph.

166 2299 221 2384 Aj.
245 2318 316 2382 172.
347 2301 540 2362 MATTH.
584 2301 636 2363 De
658 2299 763 2364 Diana
788 2300 937 2365 insaniam
961 2299 1127 2365 immittere
1149 2299 1267 2364 credita

166 2402 229 2466 vid.
245 2426 318 2490 quae
334 2401 514 2467 Lobeckius
527 2403 632 2467 attulit
649 2403 810 2492 Aglaoph.
825 2427 857 2491 p.
871 2422 964 2487 1092.

213 2524 284 2591 149.
299 2504 427 2590 χέρσον]
444 2505 565 2589 χέρσον
579 2508 625 2570 Η.

214 2624 284 2694 150.
309 2608 385 2672 Ald.
409 2610 520 2673 δίναισι
542 2610 641 2676 νοτίας
662 2607 770 2691 ἅλμας.
797 2611 888 2674 Lasc.
913 2608 1000 2673 Flor.
1025 2626 1054 2671 2.
1078 2622 1128 2692 15.
1156 2607 1266 2670 Havn.

167 2712 277 2775 δίναισι
300 2711 418 2777 νοτίαις.
445 2708 545 2773 Paris.
562 2711 693 2776 A.B.D.
716 2734 777 2774 sec.
800 2711 929 2797 Musgr.
954 2709 1039 2772 Flor.
1059 2727 1109 2771 10.
1125 2706 1218 2774 δίναις
1233 2707 1268 2770 έν

168 2816 279 2881 νοτίοις
300 2815 328 2878 δ.
352 2813 404 2878 scd
422 2814 493 2878 Par.
511 2815 554 2876 A.
577 2812 662 2899 apud
681 2811 791 2877 Valck.
815 2814 909 2879 δίναις
931 2813 965 2876 έν
988 2813 1094 2878 νοτίας.
1119 2807 1206 2872 Flor.
1223 2810 1267 2874 A.

168 2919 262 2983 δίναις
276 2915 300 2981 δ’
316 2915 353 2981 ἵν’
371 2916 508 2981 ἐννοτίαι.
527 2915 719 2980 ΜΑΤΤΗ.

214 3038 285 3103 153.
308 3021 456 3099 ποιμαίνει
479 3015 651 3081 scholiasta.
673 3015 809 3098 ποιμένει
823 3015 908 3102 Flos.
922 3037 970 3103 15.
1017 3015 1200 3103 Legebatur
1213 3040 1269 3095 tm·

167 3124 274 3202 μαίνει

216 3241 286 3310 154.
313 3227 424 3306 κρυπτδ
448 3226 542 3310 κοίτα]
574 3223 665 3289 Libri
692 3225 801 3307 κρυπτᾷ
825 3223 918 3307 κοίτᾳ,
943 3219 1002 3284 nisi
1025 3218 1112 3306 quod
1135 3218 1167 3282 in
1188 3217 1266 3282 Aid.

168 3329 278 3412 κρυπτᾷ
294 3353 329 3410 γε
347 3331 436 3413 κοίτᾳ.
482 3327 699 3393 Nominativos
714 3325 850 3390 restituit
866 3321 1029 3388 Monkius.

210 3430 328 3515 λεχέων
342 3429 462 3516 regitur
482 3454 502 3495 a
521 3434 642 3513 κρυπτὰ,
659 3444 808 3516 tanquam
831 3442 911 3492 esset
934 3426 1031 3508 κρύφα
1053 3430 1112 3490 τῶν
1134 3428 1198 3490 σῶν
1219 3432 1270 3492 λε-

167 3534 256 3617 χέων.
302 3532 433 3597 Monuit
449 3532 668 3619 Musgravius

215 3635 286 3720 158.
302 3634 419 3722 φήμαν]
438 3635 642 3700 Scribendum
659 3634 773 3718 φάμαν.

216 3741 286 3802 160.
309 3740 412 3803 εὐνοία
434 3738 549 3803 δέδεται
570 3737 689 3822 ψυχάν]
709 3737 812 3802 εὖναίο
826 3734 940 3800 δέδεται
959 3732 1047 3817 ψυχά
1062 3730 1140 3796 Ald.
1166 3730 1269 3817 εὐνοίᾳ

170 3841 245 3925 legit
260 3840 353 3904 schol.
371 3840 439 3927 (qui
460 3839 586 3904 aiteram
609 3840 701 3904 etiam
726 3838 889 3903 lectionem
907 3840 1071 3917 memorat)
1088 3849 1120 3900 et
1134 3834 1177 3898 sic
1193 3835 1267 3898 Par.

171 3944 209 4006 B
213 3944 256 4005 D
282 3942 386 4026 ψυχάν
401 3942 485 4029 legit
494 3941 590 4006 schol
606 3941 698 4006 etiam
716 3940 770 4005 ubi
785 3939 912 4004 alteram
930 3937 1090 4003 lectionem
1107 3951 1269 4016 memorat,

170 4045 226 4108 ὑπὸ
241 4048 292 4124 τῆς
306 4047 401 4124 λιίπης
416 4046 546 4126 εὐναίαὴ
558 4045 675 4126 Φαίδρα
688 4044 721 4108 δ
722 4041 847 4109 δετοι
818 4068 872 4122 την
885 4040 999 4125 φυχην,
1018 4039 1116 4104 Paris
1127 4041 1169 4104 D.
1181 4038 1267 4104 Flor.

176 4217 223 4279 ¹5·
240 4129 325 4278 Ιίυχχάίι
342 4196 415 4258 Ροτ.
432 4196 469 4258 B
509 4198 574 4260 Pro
588 4194 703 4260 δέδεται
718 4197 791 4260 Par
808 4196 853 4258 A.
870 4193 995 4267 δέδεται,
1013 4192 1120 4254 Hatn.
1138 4189 1267 4273 δέχεται.

172 4300 244 4361 MA
248 4300 278 4361 'l
282 4300 312 4361 'l
316 4300 361 4361 H.

218 4404 395 4482 162-170.
415 4401 581 4485 ἁρμονίᾳ·
601 4398 607 4486 Ι
626 4401 820 4482 ἇμηχανία-
839 4397 843 4485 Ι
863 4398 1020 4462 ὦδίνων-
1037 4394 1043 4482 Ι
1061 4393 1169 4474 ἤὶξε-
1187 4391 1244 4482 Ι
1212 4419 1268 4458 του

168 4533 213 4553 “·
232 4502 238 4589 Ι
256 4506 392 4582 Τόξωὶέ-
410 4501 416 4590 Ι
431 4500 617 4585 Ἀρτεμιν-
634 4500 640 4588 Ι
660 4501 711 4566 καί
721 4526 814 4581 μοι-
832 4499 838 4588 Ι
857 4500 1049 4583 αἰεὶ-φοιτᾷ
1065 4495 1144 4562 Ald.

688 4625 709 4666 Τ
724 4622 748 4684 4
