2864 4914
168 271 235 334 414
535 276 913 342 ANNOTATIONES

210 445 284 529 636.
300 446 452 512 θανόντων
469 448 635 514 Hcatbius.
659 453 799 517 θανόντες
814 449 894 514 libri.

210 549 284 631 639.
307 550 403 630 λόγου
427 548 461 612 δι’
485 576 522 614 σε
545 559 657 635 μακροῦ
683 552 851 637 ’παπαόσω]
874 553 907 617 id
930 566 986 632 est,
1009 551 1147 619 liberabo
1168 576 1229 616 vos
1255 577 1277 618 a

166 647 305 714 molestia
333 652 508 737 quarendi,
539 656 618 730 Quia
647 678 679 720 es
708 659 771 719 ru?
803 654 936 720 dicendo
964 656 1064 736 vobis,
1093 679 1144 721 me
1172 657 1277 721 fuine

167 777 290 820 servum
308 757 457 843 Capanei,
473 758 576 845 priore
590 759 672 824 bello
686 772 822 847 captum.
839 760 991 825 MARK.

211 861 283 939 642.
299 859 388 939 βάξιν
404 860 560 927 Reiskius.
583 863 666 943 τάξιν
680 862 763 928 libri.

210 964 282 1042 644.
297 963 495 1053 πεπραγμέν’]
510 966 664 1048 πέπραγεν
680 965 855 1030 Piersouus.
879 966 1019 1029 Frustra.

209 1067 249 1142 64
251 1083 283 1150 5.
299 1067 349 1133 οὓς
363 1065 522 1133 Reiskius.
567 1067 657 1133 Libri
674 1070 723 1135 ὥς.

210 1167 259 1231 ἀπ’
276 1169 441 1234 Canterus.
486 1171 575 1235 Libri
591 1169 647 1235 ἐπ’.

210 1271 283 1355 649.
306 1273 437 1340 ἀπόντας
460 1272 535 1338 ΑΙό,
563 1277 711 1356 παρόντας
731 1273 860 1337 codices.
907 1271 1110 1359 Participium
1134 1275 1277 1340 ἀπόντας

166 1373 314 1458 praeteriti
330 1373 582 1460 significationem
599 1376 692 1441 habet
707 1378 762 1463 qni
774 1398 838 1439 non
852 1376 1083 1461 inteffuerunt.

211 1477 230 1538 6
231 1496 283 1559 50.
309 1477 501 1564 Scriptorum
524 1478 575 1543 alii
599 1501 655 1566 per
676 1477 795 1565 legatos
809 1477 940 1564 repetita
954 1501 973 1541 a
988 1476 1113 1542 Theseo
1129 1478 1278 1564 Argivo-

168 1600 237 1642 rum
252 1603 383 1668 corpora
397 1581 537 1660 tradunt,
553 1581 605 1645 alii
618 1580 720 1645 bello:
743 1580 783 1643 de
802 1603 867 1666 quo
888 1578 1027 1644 dissensu
1050 1579 1154 1665 plura,
1168 1603 1274 1666 quam

168 1680 377 1747 Marklandus
398 1684 515 1762 attulit,
533 1685 599 1768 jam
617 1682 778 1747 Meursius
792 1698 986 1769 congesserat
1000 1682 1032 1745 in
1048 1683 1175 1747 Theseo
1197 1707 1274 1771 cap.

168 1803 220 1864 24.
237 1786 378 1872 neglecto
394 1803 496 1850 tamen
513 1786 668 1851 Herodoti
684 1786 751 1850 loco
766 1807 798 1869 9,
816 1804 867 1866 27.
884 1786 1037 1849 HERM.

209 1889 290 1955 άκτὶς
309 1890 406 1968 ἡλίου,
429 1891 526 1953 κανὼν
547 1889 660 1973 σαφὴς]
688 1888 975 1975 Interpunctionem
999 1887 1151 1953 Aldinam
1173 1891 1277 1969 ἀκτὶς,

166 1989 253 2067 ἡλίου
263 1992 360 2054 κανὼν
372 1992 472 2074 σαφὴς
481 1990 657 2055 emendavit
669 1990 885 2078 Musgravius.
908 1991 1036 2056 Radius
1049 1993 1126 2055 solis
1137 2007 1278 2057 vocatur

166 2101 252 2156 certa
274 2116 376 2158 rerum
399 2117 520 2173 ιιονιιια,
536 2109 691 2181 quatenus
712 2094 787 2159 facit
809 2109 845 2158 ut
867 2117 915 2158 res
936 2110 1020 2158 recte
1033 2093 1274 2180 dignoscamus,

166 2208 197 2258 et
213 2195 271 2259 boc
285 2196 373 2262 addit
387 2196 426 2261 ad
444 2197 536 2261 fidem
553 2196 719 2261 narrationi
734 2195 967 2261 conciliandam.
984 2197 1179 2261 MATTH.

209 2301 284 2383 652.
301 2301 392 2380 ἔστην
406 2300 535 2365 codices.
558 2299 630 2379 ἔστη
645 2298 723 2363 Aid.

209 2401 316 2490 εὐαγῆ]
341 2403 449 2485 εὐανγῆ
476 2401 673 2467 scribendum
697 2400 861 2466 videbatur
885 2401 1135 2481 Hemsterhusio,
1157 2414 1277 2468 contra

166 2527 260 2590 quern
275 2504 347 2569 vide
361 2528 435 2592 qua>
449 2503 620 2591 disputavit
635 2503 804 2569 Elmsleius
817 2504 858 2568 ad
875 2504 989 2570 Bacch.
1005 2508 1080 2570 660.

208 2608 282 2691 653.
298 2606 539 2694 προπωμάτων]
556 2607 821 2689 σνοτρατευμότων
836 2608 864 2670 F
866 2607 922 2670 lor.
939 2627 964 2671 1.
979 2625 1007 2671 2.

207 2711 266 2790 ὁρῶ
286 2711 318 2773 δὲ
339 2715 424 2791 φῦλα
436 2713 502 2792 τρία
517 2717 604 2792 τριῶν
618 2710 857 2794 προπωμάτων]
876 2711 990 2796 Operae
1004 2710 1139 2797 pretium
1154 2711 1271 2789 fuerit,

164 2809 206 2873 ob
228 2833 264 2874 ea
285 2834 357 2897 quae
379 2829 566 2898 sequuntur,
589 2813 733 2877 distincte
755 2813 925 2901 intelligere
945 2837 1089 2900 quanam
1114 2815 1176 2880 sint
1200 2816 1274 2881 baec

165 2914 231 2993 τρία
253 2918 354 2993 φῦλα;
380 2936 501 3001 nempe,
519 2916 652 2993 Pedites,
666 2916 810 3001 Equites,
832 2932 864 2981 et
881 2917 1062 2997 Παραβόται
1083 2919 1132 2980 vel
1150 2923 1273 2999 Παραι-

164 3015 266 3094 βάται,
282 3017 308 3078 ii
323 3018 377 3102 qni
392 3038 432 3079 ec
445 3019 593 3081 curribus
602 3018 805 3104 pugnabant.

208 3121 270 3202 (1.)
293 3119 419 3184 Pedi-tea
434 3142 487 3184 seu
504 3120 639 3184 milites:
662 3119 820 3206 quierant
835 3121 970 3186 duorum
985 3144 1145 3209 generum.
1194 3123 1272 3187 Pri·

163 3243 249 3287 mum
268 3225 426 3309 Cecropio
438 3233 554 3288 veteres
565 3224 684 3302 incolae,
695 3246 748 3286 scu
762 3225 959 3306 Αὐτόχθονες,
972 3239 1008 3288 ut
1020 3224 1141 3311 opinor,
1153 3227 1275 3308 χθονὸς

163 3326 294 3407 εὐγενεῖς
311 3326 370 3407 (vel
389 3329 533 3409 ἐγγενεῖς)
552 3326 710 3407 οἰκήτορες,
726 3325 823 3412 Sopb.
836 3326 916 3390 OEd.
930 3327 999 3392 Coi.
1015 3331 1088 3411 760.
1112 3327 1159 3391 Hi
1176 3346 1273 3395 erant

162 3429 283 3492 ὁπλῖται
297 3444 329 3493 et
345 3431 552 3512 τευχεσφόροι,
566 3431 684 3516 gravia
699 3438 874 3493 armature
888 3431 1012 3494 milites.
1033 3431 1275 3498 constituebant

162 3529 310 3596 dextrum
333 3555 452 3597 cornu:
488 3546 519 3595 et
542 3531 589 3594 bis
611 3547 743 3617 praeerat
765 3530 830 3617 ipse
852 3530 1007 3596 Theseus.
1031 3533 1203 3598 tendebant
1224 3536 1274 3600 ad

162 3631 260 3719 ripam
279 3634 395 3698 Ismeni
414 3633 512 3697 fluvii.
559 3632 739 3698 Secundum
763 3656 863 3720 genus
887 3633 1026 3720 peditum
1050 3659 1103 3700 seu
1127 3636 1273 3703 militum

161 3749 249 3797 erant
267 3737 378 3800 Parali
401 3761 454 3801 scu
480 3736 606 3814 Paralii,
628 3735 765 3824 populus
780 3737 897 3800 Atticae
919 3735 1057 3815 litoralis,
1072 3762 1111 3802 ex
1132 3740 1275 3828 antiqua

163 3837 332 3901 Pandionis
351 3838 511 3903 divisione.
540 3838 570 3901 hi
593 3840 703 3903 leviter
721 3838 831 3903 armari
854 3854 943 3903 erant
964 3840 1072 3904 nasta.
1096 3840 1275 3907 constitue-

162 3938 237 4002 bant
253 3938 365 4005 laevum
380 3964 487 4005 cornu.
512 3941 681 4006 tendebant
691 3944 787 4028 juxta
801 3942 917 4005 iontem
936 3942 1050 4006 Martis
1064 3966 1119 4007 seu
1133 3942 1273 4011 Dircen.

162 4050 240 4127 Quis
260 4051 333 4116 huic
356 4077 451 4117 cornu
475 4054 695 4140 praeficeretur,
716 4075 777 4116 non
801 4050 926 4130 dicitnr,
941 4053 1016 4139 quia
1034 4053 1161 4141 pulsum
1186 4073 1273 4139 erat,

161 4176 223 4217 ver.
242 4170 313 4236 704.

204 4257 263 4338 (π.)
281 4258 423 4343 Equites.
456 4258 501 4321 Hi
524 4282 562 4323 ex
588 4273 720 4345 utroque
741 4282 850 4336 cornu,
874 4258 987 4346 aequali
1010 4282 1152 4335 numero,
1168 4261 1274 4327 collo·

158 4358 321 4425 cabautur.
367 4360 510 4424 Phorbas
525 4362 682 4448 Equitum
698 4364 775 4427 Dux
791 4362 971 4427 nominatur
988 4366 1067 4447 (ver.
1081 4363 1173 4444 680.)
1190 4366 1274 4452 quia

160 4462 315 4541 vincebat,
333 4485 394 4527 ver.
411 4465 486 4548 694.
