2864 4914
531 285 599 348 AD
622 284 875 349 HECUBAM.
1211 285 1251 351 61

152 451 261 532 samo
285 454 323 517 ἄν
349 466 480 531 mutato,
506 480 535 517 οι
562 477 657 542 snpra
676 455 905 542 scriptumest.
952 455 1157 520 Scribendum
1181 479 1253 521 curn

153 554 314 619 Brunckio
330 557 367 619 ai
382 556 571 637 ττροσθείμεθι
588 557 634 621 άν.

196 658 269 739 748.
286 659 329 742 ἐς]
348 661 391 724 εἰς
405 657 483 722 Ald.

195 775 212 842 7
214 780 268 844 52.
282 759 447 846 γουνάτων]
465 761 603 843 γονάτων
617 761 695 825 Ald.
725 764 908 826 Correctum
924 785 964 826 ex
979 761 1144 826 duodecim
1160 763 1254 828 codd.

195 878 268 946 757.
282 864 457 950 δουλεῦσαι]
474 866 626 928 δουλεύειν
640 878 791 950 quattuor
806 863 897 928 codd.

195 965 270 1048 758.
292 963 455 1046 έπάρκεσιν
469 980 587 1051 septem
606 966 697 1031 codd.
715 966 873 1048 έπάρκειαν
887 965 980 1031 ceteri
1004 990 1075 1030 curn
1095 966 1173 1031 Ald.
1197 970 1252 1050 άρ-

151 1091 232 1134 κεσις
259 1066 320 1153 legi
345 1067 432 1154 apud
461 1067 558 1155 Sopb.
582 1067 661 1133 OEd.
684 1071 722 1134 C.
747 1088 799 1153 73,
823 1068 980 1150 ε’πάρκεσις
1001 1089 1077 1149 447,
1097 1090 1253 1157 nusquam

149 1182 254 1232 autem
272 1170 412 1251 ἐπάρκεια
426 1169 557 1235 inveniri
572 1172 658 1257 apud
674 1171 807 1258 tragicos
821 1170 983 1235 annotavit
998 1173 1168 1235 Porsonns.

193 1274 268 1353 760.
293 1273 391 1335 Hunc
415 1295 537 1337 versum
561 1272 603 1336 sic
627 1273 780 1337 convertit
800 1272 925 1336 Ennius
948 1271 1033 1357 apud
1056 1271 1194 1336 Nonium
1220 1297 1252 1337 v.

150 1395 350 1437 narrarint
381 1374 454 1437 Vide
474 1375 569 1453 ham,
591 1395 666 1438 mcae
688 1376 723 1438 io
737 1397 827 1462 qoem
849 1375 1000 1437 ἱαονυπια
1016 1376 1176 1461 guttatim
1197 1397 1251 1438 co·

147 1475 237 1539 dam.
262 1477 366 1540 POR.

193 1581 264 1664 763.
280 1581 406 1663 τλῆμον]
425 1581 512 1660 γύναι
529 1579 576 1655 Η,
592 1577 701 1642 addito
715 1601 734 1642 a
749 1601 789 1642 tn.
807 1600 864 1641 sec.
881 1604 929 1660 γρ.
945 1581 1068 1658 τλῆμον.

193 1683 267 1763 764.
282 1681 345 1765 ὑπ’]
366 1683 399 1744 έν
414 1680 480 1744 duo
494 1679 587 1744 codd.

193 1799 265 1865 770.
283 1783 400 1866 εὑρέθη]
421 1782 522 1847 Scrib.
537 1783 657 1864 ηὑρέθη.

192 1903 265 1966 771.
282 1883 505 1967 Πολυμήστορα
519 1884 595 1948 Ald.
637 1887 821 1949 Correctum
837 1909 877 1949 ex
893 1885 999 1950 decem
1016 1885 1108 1950 codd.

192 2007 264 2069 774.
289 1990 369 2055 τίνος
383 1987 407 2051 δ’
425 1990 470 2053 H.
488 1999 520 2051 et
538 2002 600 2052 tres
612 1986 674 2052 alii.
714 1989 795 2054 τίνας
817 1986 844 2070 γ’
861 1987 939 2051 ΑΙιΙ.
978 1988 1168 2053 Particuiam
1187 2013 1250 2054 orn.

146 2089 238 2154 oodd.
255 2090 406 2176 quinque.

191 2195 266 2274 776.
282 2193 377 2276 εὗρες]
398 2191 498 2256 scrib.
511 2193 607 2274 ηὗρες.

193 2309 265 2376 779.
280 2293 452 2379 ματεύουσ]
470 2293 649 2374 montosa
665 2293 742 2358 Ald.
769 2295 952 2358 Correctum
968 2317 1008 2358 ex
1023 2310 1141 2383 septem
1157 2296 1249 2362 codd.

191 2398 263 2480 782.
280 2399 554 2460 θαλασσόπλακτου
569 2397 659 2460 codd.
675 2421 740 2461 sex.

189 2498 216 2581 γ’
232 2522 294 2562 om.
312 2500 357 2562 H.
375 2517 407 2562 et
424 2498 568 2562 undecim
584 2499 644 2562 alii.

190 2604 262 2684 786.
286 2602 404 2690 λέγοις]
427 2603 529 2685 λέγεις
554 2606 599 2667 Η.
623 2618 654 2667 et
678 2603 896 2689 septemdecim
918 2602 982 2667 alii.
1022 2603 1061 2665 In
1084 2602 1132 2666 H.
1149 2603 1247 2667 adscr.

145 2731 193 2788 γρ.
209 2705 312 2787 λέγῃς,
329 2703 361 2768 in
385 2707 494 2791 Mosq.
518 2728 581 2769 uno
596 2709 688 2792 εἴπῃς.
735 2706 790 2769 Ad
814 2706 998 2770 sententiam
1026 2704 1164 2769 Brunck.
1181 2707 1248 2793 jam

144 2806 335 2893 comparavit
359 2810 488 2872 Terent.
511 2808 650 2895 Adelph.
672 2833 705 2889 4,
727 2827 757 2890 7.
781 2810 911 2872 Porson.
934 2807 1012 2872 illud
1037 2807 1173 2872 Trabeae
1196 2831 1248 2895 ap.

146 2910 244 2975 Cicer.
269 2911 364 2974 Tusc.
390 2909 470 2997 disp.
492 2932 525 2992 4,
548 2931 601 2996 31.
626 2912 806 2975 Fortunam
830 2914 932 2998 ipsam
956 2914 1080 2977 anteibo
1095 2913 1249 2997 fortasis

144 3016 231 3078 meis.
255 3013 439 3078 Boissonad.
452 3013 558 3079 Plant.
571 3015 664 3078 Asin.
684 3016 735 3094 11,
749 3033 779 3092 2,
794 3035 822 3078 1.
839 3017 901 3078 Ubi
914 3037 974 3103 ego
988 3037 1074 3078 nanc
1087 3015 1247 3078 Libanum

143 3120 303 3203 requiram
326 3126 384 3181 aat
391 3119 598 3203 familiarem
606 3119 730 3204 filiam,
751 3119 806 3182 Uti
821 3139 880 3205 ego
894 3119 964 3182 illos
985 3119 1175 3182 lubentiores
1183 3120 1247 3204 sa-

143 3222 236 3298 αἰαυς,
251 3242 346 3308 qaam
361 3221 518 3285 Labeatis
531 3222 581 3285 'st
606 3222 796 3284 MATTH.

188 3341 260 3406 794.
278 3341 352 3409 795.
377 3323 481 3388 Nimis
495 3324 625 3387 verbosa
640 3338 685 3387 est
702 3323 768 3386 haec
791 3321 916 3408 hospitii
937 3344 1008 3385 cnm
1033 3321 1248 3409 Polymestore

138 3425 241 3512 juncti
256 3425 433 3491 declaratio.
456 3425 684 3491 Gravissimum
700 3440 757 3503 est,
774 3425 861 3511 quod
878 3449 905 3488 v.
923 3439 998 3511 793.
1014 3424 1149 3500 dicitnr;
1173 3448 1245 3491 nam

143 3527 257 3592 violare
271 3529 339 3597 sois
353 3529 430 3596 άλας
444 3529 493 3592 καὶ
507 3532 559 3595 τὰς
573 3528 717 3611 τραπέζας
738 3549 869 3591 summae
883 3527 1051 3615 impietatis
1065 3541 1151 3610 erat3
1173 3552 1246 3594 cum

142 3629 201 3694 hoc
215 3646 393 3718 comparata
408 3630 528 3718 reliqua
541 3631 645 3695 omnia
659 3631 777 3717 jacent,
793 3630 945 3716 imprimis
959 3654 991 3695 v.
1011 3646 1082 3717 795.
1098 3656 1163 3719 quo
1176 3656 1247 3720 gra-

143 3732 228 3797 viora
241 3749 346 3798 sutem
366 3735 496 3799 suerunt
514 3757 561 3810 ea,
577 3757 651 3820 quae
673 3748 908 3820 praecesserunt,
924 3757 961 3798 eo
976 3734 1074 3822 magis
1096 3737 1246 3823 languent

142 3835 321 3914 infirmiora,
337 3859 410 3922 quae
432 3850 617 3923 sequuntur.
664 3837 779 3923 Itaque
801 3859 870 3900 mea
888 3836 1017 3923 quidem
1040 3840 1192 3903 sententis
1213 3857 1245 3905 et

141 3939 265 4024 gravior
286 3953 318 4003 et
333 3938 491 4003 venustior
510 3955 589 4004 esset
605 3938 715 4014 oratio,
732 3938 768 4016 si,
782 3938 901 4004 omissis
917 3939 1058 4004 versibus
1078 3955 1150 4026 794,
1168 3960 1243 4026 795,

141 4041 184 4105 sic
197 4042 394 4128 procederet:

312 4144 344 4211 δς
359 4146 427 4209 οὔτε
441 4144 509 4210 τοὺς
524 4148 578 4225 γῆς
593 4142 698 4224 νέρθεν
713 4143 781 4206 οὔτε
796 4143 862 4210 τοὺς
878 4144 938 4206 dvo

312 4249 415 4315 δείσας
429 4247 570 4327 δέδρακεν
585 4246 674 4328 έργον
685 4247 898 4323 ἀνοσιώτατον,

311 4352 409 4427 κοινῆς
423 4348 565 4430 τραπέζης
579 4349 726 4414 πολλάκις
739 4349 838 4431 τυχὼν
853 4349 927 4426 ἐμοὶ,

310 4453 433 4528 ἔκτεινε,
449 4453 564 4532 τύμβου
579 4450 616 4529 δ’,
633 4455 659 4515 εἰ
673 4477 717 4515 ar.
734 4452 781 4529 έβ.
