2864 4914
524 308 591 370 AD
616 306 902 371 PHOENISSAS.
1201 305 1265 373 179

154 472 209 558 jus
229 472 379 560 syllabam
404 475 606 559 penultimam
625 477 701 541 nihil
716 501 834 543 caussae
855 493 922 542 erat
944 499 1000 541 cur
1022 475 1146 563 longam
1166 498 1261 562 quam

159 576 283 638 brevem
299 600 365 640 esse
380 576 485 642 mallet
499 593 601 665 poeta.

206 694 298 762 1537.
321 681 468 745 δύστανον
483 684 611 762 δεμνίοις
626 705 736 746 novem
751 679 843 746 codd.
880 682 1007 760 δεμνίοις
1022 681 1169 746 δύστανον
1182 679 1260 745 Ald.

159 783 285 859 δεμνίοις
300 785 445 851 δάπανος
461 784 546 849 Flor.
561 785 727 850 secundus.

205 902 426 971 1539-1545·
446 890 477 951 τί
488 886 561 968 ν“-
580 887 585 975 Ι
604 887 736 954 ποδὸς-
755 886 761 974 Ι
779 884 935 969 tata-
954 884 960 971 l
978 884 1219 966 οῑκνοτίτονι-
1237 884 1242 972 Ι

157 987 308 1050 πολιδν-
327 988 333 1075 Ι
351 987 369 1066 ἦ
385 988 634 1072 νέκυν-ὄνειρον
648 989 727 1054 Ald.

206 1107 297 1173 1539.
316 1089 360 1174 μ’]
378 1090 402 1154 δ’
419 1113 530 1154 novem
544 1091 637 1156 codd.
684 1091 889 1156 Scribendum
907 1113 971 1155 uno
986 1113 1076 1154 versu
1099 1093 1131 1155 τί
1147 1089 1260 1171 μ’-ἒς

158 1195 230 1272 φῶς.

204 1311 296 1375 1540.
313 1295 368 1378 είς]
387 1293 591 1359 Scribendum
608 1298 647 1363 ἐς.

204 1413 296 1478 1542.
312 1397 497 1485 δακρύοισιν]
514 1398 656 1481 δάκρυσιν
671 1400 777 1485 Mosq.
795 1421 886 1462 unus.
915 1396 1010 1476 Quod
1026 1397 1257 1484 praeferendum

159 1494 292 1561 videtur.
336 1497 459 1562 Eodem
476 1499 569 1564 modo
584 1517 744 1588 peccatum
760 1524 790 1565 v.
806 1520 898 1585 1522.

208 1618 297 1685 1543.
324 1600 454 1686 αἰθέρος]
487 1602 693 1667 scribendum
719 1603 859 1686 αἰθέριον,
884 1602 970 1690 quod
1000 1602 1135 1667 servavit
1159 1600 1259 1666 codex

160 1700 361 1781 Harleiauus,
376 1717 408 1766 et
428 1703 459 1767 in
484 1727 581 1768 uuum
596 1728 721 1770 versum
737 1706 958 1794 conjungenda
978 1705 1073 1770 verba
1092 1705 1201 1770 πολιδν
1215 1707 1260 1771 αῖ-

158 1803 258 1886 θίριου
273 1807 387 1888 άκρανὲς
410 1810 542 1882 εἴδωλον,
558 1806 576 1888 ἢ
593 1807 681 1874 νέκυν
696 1809 828 1892 ἔνερθεν,
843 1806 872 1889 ἦ,
889 1807 943 1895 qui
959 1831 1066 1873 versus
1079 1831 1118 1872 ex
1132 1807 1259 1875 duobus

157 1906 310 1973 dochmiis
333 1924 465 1990 constat,
492 1911 572 1976 inter
596 1935 677 1999 quos
705 1911 823 1977 medios
847 1912 913 1976 duo
935 1909 1040 1976 cretici
1065 1924 1139 1976 sunt
1167 1910 1257 1998 positi

157 2011 274 2093 άφανές
288 2016 412 2077 εἴδωλον
425 2011 454 2092 ἢ.

205 2133 299 2199 1547.
314 2116 418 2200 πάτερ]
436 2113 567 2197 ὦπάτερ
583 2115 674 2181 Leid.
689 2117 776 2182 alter.

201 2217 266 2300 σοι]
284 2218 328 2280 cdi
345 2218 384 2281 B.
413 2221 454 2281 σδ
470 2217 562 2281 Bodl.
580 2240 670 2283 unuS.

204 2319 298 2403 1548,
320 2339 351 2403 9.
373 2321 393 2384 δ
415 2323 496 2402 παρὰ
519 2317 660 2402 βάκτροις
678 2324 756 2386 πόδα
779 2323 837 2385 σόν
858 2321 988 2407 Mosqu.
1008 2321 1115 2386 Havu.
1137 2321 1157 2385 δ
1177 2323 1259 2403 παρδ

158 2419 299 2503 βάκτροις
313 2422 334 2486 δ
347 2424 425 2486 πόδα
440 2423 497 2486 σδν
517 2423 582 2488 Gu.
599 2422 685 2487 Flor.
698 2440 731 2509 5.
747 2425 777 2487 6.
794 2443 823 2508 9.
843 2443 892 2488 ιο.
911 2423 962 2487 18.
981 2441 1031 2487 21.
1046 2444 1099 2509 34.
1122 2426 1211 2511 Aug.
1227 2423 1259 2491 b.

158 2521 191 2587 d.
213 2523 305 2587 etiam
333 2523 419 2589 Flor.
449 2544 498 2589 10.
523 2525 580 2589 nisi
604 2525 690 2614 quod
720 2523 941 2608 παραβάκτροις
965 2524 1060 2589 habet
1085 2548 1148 2589 una
1173 2549 1257 2592 voce.

160 2624 246 2692 Flor.
264 2646 293 2696 2.
308 2626 327 2705 ἦ
341 2626 560 2710 παραβάκτροις
573 2632 651 2693 πόδα
665 2632 731 2693 σόν.
755 2628 835 2692 Vict.
850 2627 962 2709 δπαρδ
973 2626 1124 2709 βάκτροις.
1147 2628 1167 2692 δ
1180 2630 1259 2694 πόδα

158 2731 225 2793 σόν.
259 2729 478 2811 παραβάκτροις
500 2753 563 2793 una
578 2754 652 2795 voce
673 2730 765 2794 etiam
789 2730 875 2794 Flor.
895 2749 948 2814 33.
982 2732 1063 2811 παρὰ
1082 2727 1259 2813 βόκτροισιυ

159 2831 245 2896 Flor.
261 2833 305 2896 A.
322 2834 386 2919 (ap.
404 2830 528 2915 Valck.)
546 2832 659 2896 Leidd.
676 2831 733 2918 qui
755 2854 826 2895 cum
844 2833 882 2896 C.
898 2832 936 2895 C.
953 2833 991 2896 C.
1008 2832 1094 2896 Flor.
1108 2851 1162 2917 33.
1184 2832 1205 2897 ά
1225 2831 1259 2896 in

157 2933 246 2999 initio
262 2958 307 3021 sq.
326 2957 432 2998 versus
453 2950 587 3020 ponunt,
604 2935 634 2997 in
659 2934 760 3021 priore
781 2934 940 2998 omittunt.
979 2933 1124 2998 Tandem
1145 2935 1165 2999 ά
1186 2949 1259 3000 aute

158 3039 317 3119 θεραπεύμ.
333 3035 520 3122 transposuit
537 3036 633 3123 King.
648 3036 736 3101 etsie
752 3035 837 3101 Flor.
854 3057 884 3104 2.
907 3036 1099 3100 MATTH.

205 3159 298 3225 1549.
312 3142 498 3226 τυφλόπουν]
516 3141 634 3222 τυφλὸν
649 3141 686 3203 C.
702 3141 740 3204 C.
757 3141 794 3204 C.
811 3139 941 3225 Mosqu.
957 3138 1024 3202 Gu.
1041 3137 1128 3203 Flor.
1141 3158 1173 3224 5.
1185 3141 1216 3203 6.
1228 3160 1260 3224 9.

161 3243 210 3306 18.
228 3262 278 3308 21.
292 3263 345 3328 34.
360 3244 449 3329 Aug.
465 3245 495 3306 b.
534 3241 596 3305 Sed
618 3244 792 3323 τυφλόπουν
810 3263 882 3305 cum
898 3241 987 3306 Aldo
1003 3243 1031 3305 l.
1048 3243 1090 3305 K.
1108 3240 1195 3306 Flor.
1212 3244 1256 3307 A.

158 3344 245 3409 Flor.
261 3365 289 3409 a.
305 3365 354 3409 10.
366 3365 418 3430 33.
442 3346 661 3426 θεραπεύμασιν
672 3346 794 3428 ἐμόχθει
808 3343 848 3408 ad
864 3366 987 3408 sensum
1002 3343 1086 3408 idem
1100 3359 1158 3424 est,
1169 3346 1257 3432 quod

156 3445 336 3528 ἐθεράτενε;
360 3446 432 3511 hinc
446 3445 640 3511 accusativus
654 3445 782 3510 additur
796 3447 875 3510 πόδα
889 3447 956 3510 σόν.
979 3446 1171 3512 ΜΑΤΤΗ.

200 3547 402 3631 αἰὲν-πάτερ
417 3550 490 3629 ὦμοι
506 3571 570 3612 uno
586 3571 675 3612 versu
690 3547 927 3635 comprehendit
941 3547 1019 3613 Ald.

204 3667 298 3736 1550.
313 3649 337 3715 ὦ
350 3650 473 3715 addidit
488 3652 702 3714 Hermannus.

204 3773 296 3838 1551.
313 3755 429 3834 ὥμοι-
447 3751 452 3838 Ι
471 3750 695 3834 πάμα-άῦτεῖν
711 3752 786 3817 Ald.

201 3856 287 3941 ὦμοι]
307 3852 330 3941 ᾧ
343 3881 393 3935 μοι
407 3880 458 3934 μοι
472 3853 549 3918 Ald.
565 3867 596 3918 et
611 3854 731 3942 aliquot
744 3854 836 3920 codd.

201 3954 281 4039 πόμα
302 3962 360 4040 γὰρ
383 3954 542 4040 στενάχειν
567 3956 735 4038 (στενάζειν
763 3959 884 4044 Mosq.)
908 3955 970 4020 τάδ’
997 3957 1061 4039 (καὶ
1081 3955 1141 4021 τάδ’
1167 3959 1258 4024 Leid.

156 4059 236 4124 alter
258 4076 289 4124 et
311 4060 409 4124 codex
434 4058 558 4146 Kingii)
585 4058 701 4146 άϋτεῖν]
729 4061 862 4124 Comma
886 4058 1065 4147 ponendum
1092 4075 1163 4147 post
1186 4059 1258 4128 τάδ’.

158 4163 345 4226 Commotus
359 4162 482 4226 animus
495 4161 651 4226 interdum
664 4161 759 4227 verba
771 4161 911 4249 ejusdem
922 4173 979 4226 aut
992 4175 1134 4247 cognatae
1145 4160 1261 4248 signifi-

156 4262 286 4328 cationis
299 4262 440 4328 cumulat
455 4262 520 4328 sine
534 4262 656 4351 copula.
679 4263 789 4329 AEsch.
800 4263 942 4351 Choeph.
953 4280 985 4349 5.
1001 4265 1111 4336 κλύειν,
1123 4264 1258 4328 ἀκοῦσαι.

158 4365 273 4454 Ευτὶρ.
291 4366 360 4429 Ion.
379 4366 473 4445 1446.
496 4364 549 4431 τίν’
567 4366 660 4431 αὐδὰν
681 4364 774 4440 δύσω,
792 4366 916 4446 βοάσαις
942 4366 1095 4431 SEIDL.
1109 4364 1150 4429 de
1164 4387 1258 4430 veras.

156 4467 283 4534 dochm.
300 4490 333 4556 p.
348 4488 367 4553 3
369 4485 423 4554 52.

685 4591 707 4635 N
726 4587 743 4636 2
