2864 4914
511 277 582 341 AD
604 278 854 345 HECUBAM.
1193 285 1233 345 41

130 453 281 535 χαρίζεται
295 450 312 514 d
325 448 493 517 Ὀδυσσεὺς
507 452 582 514 κατὰ
596 450 663 519 τοὺς
676 454 850 535 τρογικούς;
883 450 950 516 Ubi
965 449 1046 517 mule
1065 453 1238 535 ἐπαίρονται

132 576 191 640 pro
204 557 388 635 πτεροῦνται,
404 552 458 617 sed
474 568 557 618 recte
571 555 789 638 δημοχαρτοτὴς
802 577 862 641 pro
877 552 957 640 δήμῳ
972 557 1123 637 χαρίζεται
1141 555 1237 620 habet

132 656 232 721 codex
249 656 521 743 praestsntissimus
536 657 767 723 Townleianus.
784 658 887 722 POR.

181 777 250 844 137.
274 763 368 823 δαῦλα
382 758 500 842 σφάγια
522 773 651 824 vocatur
672 759 835 848 Polyxena
849 783 950 837 servu,
968 773 1078 847 utpote
1100 759 1234 845 captiva,

132 860 282 925 sacrificio
295 860 461 926 destinato.
485 862 678 926 MATTH.

182 963 251 1048 138.
266 963 341 1043 μηδέ
354 963 409 1029 τιν’
425 964 535 1051 εἰπεῖν]
554 965 594 1029 Id
609 980 655 1030 est
669 967 742 1046 μηδὲ
758 967 811 1030 έᾶν
826 963 879 1030 τιν’
896 967 998 1029 εἰπεῖν.
1023 965 1212 1029 ΜΑΤΤΗ.

181 1084 252 1150 143.
267 1064 423 1151 Ὀδυσεὺς]
444 1066 534 1131 Libri
550 1069 641 1133 multi
657 1069 832 1134 Ὀδυσσεύς.

182 1188 252 1250 144
267 1175 391 1250 μαστῶν
407 1171 446 1235 Β.
461 1169 588 1257 aliique.
609 1177 709 1252 μαζῶν
722 1168 775 1234 olii
789 1192 861 1233 cum
878 1169 955 1234 Ald.

180 1291 251 1355 145.
266 1272 369 1358 χερὸς]
387 1273 487 1356 χειρὸς
501 1273 581 1338 Ald.
597 1288 629 1338 et
643 1296 716 1362 pers
730 1271 884 1337 codicum.

180 1393 252 1458 149.
268 1377 372 1460 γαῖαν]
391 1375 520 1463 Syllaba
533 1375 636 1441 brevis
650 1375 708 1442 etsi
724 1398 761 1440 es
774 1374 916 1438 excusari
934 1373 1054 1438 ratione
1067 1389 1181 1462 potest,
1195 1377 1236 1441 de

132 1497 198 1560 qua
219 1475 357 1542 diximus
377 1477 418 1542 sd
440 1502 471 1544 v.
496 1479 550 1565 83,
572 1496 676 1544 tamen
696 1501 796 1566 quum
824 1476 902 1541 nibil
924 1475 1089 1564 impediret
1110 1493 1234 1565 poetam

131 1602 199 1666 quo
213 1579 317 1645 miuus
334 1581 422 1668 justa
436 1605 582 1648 mensura
597 1598 748 1660 uteretur,
762 1582 855 1667 longe
876 1579 1069 1666 probabilius
1086 1597 1133 1647 est
1148 1585 1236 1665 γαίας

130 1704 204 1746 cum
222 1683 362 1749 Porsono
375 1707 441 1750 esse
454 1685 664 1762 scribendum,
679 1707 752 1770 quoe
770 1683 800 1746 iu
816 1681 975 1746 codicibus
997 1704 1059 1745 non
1081 1705 1153 1747 raro
1167 1707 1236 1769 per-

131 1799 307 1863 mutantur,
324 1786 410 1851 velut
426 1785 560 1875 Hippol.
577 1806 647 1872 197.
686 1788 726 1850 In
748 1785 818 1850 cod.
834 1789 922 1872 Aug.
947 1806 1011 1848 uuo
1030 1787 1098 1852 τούς
1120 1785 1233 1852 diluo·

130 1889 241 1969 yolovs.

180 2006 249 2075 151.
272 1991 422 2080 ὀρφανὸν]
443 1993 532 2057 Libri
553 1993 666 2080 plures
682 1995 831 2075 ὀρφανὸν,
856 2004 892 2054 ut
915 1989 992 2054 Ald.
1017 1991 1065 2054 vel
1086 1990 1232 2072 ὀρφανήν,

131 2106 169 2155 ut
185 2093 232 2156 H.

178 2211 250 2280 152.
266 2195 502 2278 φοινισοορένην
516 2197 607 2262 codd.
622 2195 768 2283 plurimi:
791 2195 884 2282 pauci
894 2217 965 2259 cum
980 2194 1058 2258 Ald.
1072 2202 1232 2277 φοινισοο·

129 2296 237 2376 μένον.

179 2419 250 2485 ¹53·
273 2403 478 2488 χρυσοφόρος]
508 2403 583 2465 Mos
604 2416 670 2466 erst
692 2399 778 2486 apud
799 2415 917 2465 veteres
936 2399 1110 2487 virginibus
1133 2398 1232 2485 pluri-

130 2523 218 2566 mum
233 2503 302 2568 auri
316 2517 446 2590 gesture.
495 2506 656 2568 Homerus
679 2503 719 2567 Il.
735 2509 770 2568 B.
787 2503 859 2585 872.
872 2501 934 2570 Ὃς
956 2504 1003 2567 καὶ
1025 2502 1139 2586 χρυσὸν
1154 2503 1233 2585 έχων

129 2604 290 2684 πολερόνδ’
306 2609 362 2684 ἴεν,
377 2605 447 2684 ἠύτε
464 2609 563 2688 κούρη.
596 2604 762 2692 Aristoph.
779 2607 843 2669 Αν.
858 2607 930 2687 671.
942 2602 1044 2670 Ὀσον
1058 2602 1082 2667 δ’
1099 2605 1164 2687 ἔχει
1179 2604 1233 2669 τὸν

130 2707 257 2790 χρυσὸν,
273 2705 374 2790 ὥσπερ
389 2708 544 2790 παρθένος.
590 2710 653 2774 Sed
668 2707 760 2795 longe
774 2708 954 2795 aptissimus
968 2707 1055 2772 locus
1068 2722 1115 2772 est
1130 2710 1234 2796 Lyco-

131 2808 295 2896 phronidis
308 2810 394 2898 opud
410 2811 601 2876 Athenaeum
621 2831 671 2896 13.
689 2833 719 2895 p.
735 2814 810 2895 564.
826 2811 865 2874 B.
889 2811 959 2875 οὔτε
979 2809 1084 2876 παιδὸς
1098 2811 1232 2892 ἄρρενος,

129 2912 199 2976 or'rrs
212 2912 369 2994 παρθένων
383 2920 441 2977 τῶν
455 2916 665 2996 χρνοοφόρων,
680 2915 748 2977 οὔτε
762 2918 909 2994 γυναικῶν
922 2914 1124 2992 βαθυκόλπων
1139 2913 1233 2978 καλὸν

129 3013 165 3076 τὸ
194 3015 364 3095 πρόσωπον.
403 3016 505 3104 Cujus
533 3015 682 3079 indicium
707 3014 858 3079 debemus
885 3013 1031 3079 Gilberto
1052 3013 1232 3080 Wakefield

130 3115 268 3182 Distrib.
283 3118 486 3205 extemporol.
502 3118 536 3181 in
552 3118 678 3183 Hecub.
696 3140 727 3204 p.
743 3138 793 3198 14.
818 3117 922 3181 POR.

176 3220 354 3303 155—169.
370 3234 402 3284 et
424 3220 619 3304 198-210.]
645 3217 828 3297 Simillimae,
853 3235 887 3282 ut
913 3241 995 3304 saepc
1015 3218 1047 3281 in
1067 3219 1234 3305 snspaestis

128 3321 315 3409 spondiacis‚
336 3322 386 3387 hae
408 3337 482 3387 suut
501 3321 645 3386 carminis
666 3335 780 3408 partes,
804 3320 857 3384 scd
878 3335 981 3383 tamen
1002 3341 1063 3383 non
1085 3320 1232 3385 antistro-

128 3422 242 3510 phicoe,
256 3447 329 3510 quse
347 3423 544 3511 quorundam
561 3423 737 3488 criticorum
753 3422 859 3509 opinio
873 3422 943 3487 fuit.
989 3421 1076 3488 Illud
1091 3445 1164 3487 vero
1178 3424 1232 3488 vix

127 3550 210 3614 opus
229 3527 360 3606 moneri,
376 3528 416 3592 de
430 3527 571 3592 versibus
588 3545 767 3610 170-174.
784 3540 816 3589 et
833 3544 1013 3611 211-215.
1030 3526 1234 3613 exoequaudis

127 3652 169 3693 ne
181 3630 309 3716 cogitari
324 3630 452 3718 quidem
467 3630 622 3696 debuisse.

176 3739 245 3819 ¹5⁸·
271 3733 469 3821 Hesychius:
493 3738 556 3801 Τᾶς
576 3735 611 3797 οὐ
626 3737 754 3799 claros:
781 3735 833 3811 τῆς
854 3731 911 3813 οὐχ
932 3733 1126 3813 ὑπαμονητῆς.
1171 3738 1233 3801 Tris

126 3836 164 3900 οὗ
177 3841 305 3918 φςρτᾶςι
329 3840 381 3915 τῆς
394 3836 430 3900 οὗ
445 3838 582 3917 φορητῆς.

175 3958 245 4022 159.
267 3941 340 4003 ποία
361 3937 468 4021 γέννα]
493 3936 588 4019 γέννα
607 3935 758 4023 syllabam
780 3935 909 3999 alteram
925 3957 964 3999 ex
980 3935 1090 4021 regula
1104 3959 1230 4025 correp·

126 4057 190 4104 mm
209 4039 314 4105 habet.
359 4042 410 4104 Ea
424 4039 480 4126 qui
495 4038 650 4126 producto
665 4038 696 4101 iu
713 4037 853 4101 versibus
875 4036 991 4101 Dorice
1012 4038 1134 4125 scriptis
1156 4063 1232 4105 usus

124 4156 174 4207 est
189 4141 360 4229 Euripides
381 4158 413 4206 et
431 4140 490 4207 hoc
511 4141 579 4206 loco
596 4140 705 4228 Iphig.
723 4142 765 4203 Τ.
783 4160 853 4225 154.
878 4143 956 4220 οἴμοι
978 4146 1106 4223 φροῦδος
1126 4143 1230 4226 γέννα,

123 4267 188 4309 nou
212 4243 286 4332 plus
309 4243 441 4309 licentiae
464 4244 522 4308 sibi
547 4242 680 4331 sumpsit
705 4264 800 4329 quam
824 4240 881 4328 qui
909 4241 941 4305 iu
968 4241 1100 4309 dialecto
1123 4245 1232 4309 Attico

122 4348 241 4427 opium
255 4361 287 4411 et
302 4348 397 4427 τόλμη
412 4368 471 4433 pro
487 4347 606 4428 πρύμνᾶ
619 4360 650 4409 et
665 4349 762 4423 τολμᾶ
775 4343 943 4410 dixerunt:
966 4344 1007 4410 de
1021 4369 1087 4431 quo
1100 4347 1231 4433 exposui
