2864 4914
343 288 411 352 AD
435 286 738 352 IPHIGENIAM
761 287 1094 353 AULIDENSEM.
1204 287 1265 351 441

215 458 297 521 Hoec
318 456 415 543 igitur
437 456 511 522 talia
525 471 611 534 sunt,
628 473 663 523 ut
680 457 804 524 initium
826 473 910 524 certe
931 457 1050 545 febulae
1068 458 1160 546 longe
1179 455 1269 524 aliter

168 560 301 646 abipso
322 559 478 647 Euripide
500 559 703 625 constitutum
728 560 835 639 fuisse,
859 583 955 649 quam
980 575 1015 627 ut
1039 583 1123 626 nunc
1138 559 1267 648 legitur,

170 661 315 726 dubitare
338 661 390 726 vix
413 660 534 751 liceat.¹
561 663 642 740 Qua
670 678 821 749 preterea
843 664 1019 729 afferuntur
1043 663 1084 729 ad
1110 662 1267 750 duplicem

169 762 286 828 fabulae
307 763 514 829 recensionem
529 763 802 829 demonstrandam
826 765 1022 853 pertinentia,
1036 787 1099 830 non
1121 786 1268 851 magnam

169 867 232 930 vim
248 867 375 932 hebent.
415 866 576 931 Parodum
592 865 679 931 chori
693 889 724 932 v.
745 869 923 952 162-291.
938 890 1000 933 non
1013 890 1079 932 esse
1093 865 1268 952 Euripidis,

169 968 222 1032 sed
238 969 398 1056 aliquanto
413 968 590 1033 recentioris
604 983 717 1056 poetoe,
728 968 863 1034 affirmat
876 971 1052 1034 Hermann.
1064 968 1155 1035 elem.
1168 955 1266 1034 doctr.¹

169 1087 259 1136 metr.
285 1096 316 1159 p.
335 1087 413 1157 547.
436 1073 476 1137 ci.
501 1094 534 1158 p.
557 1087 629 1157 725.
654 1072 771 1159 quibus
792 1071 986 1158 argumentis
1014 1070 1181 1150 adductus,
1204 1093 1267 1136 nou

168 1172 302 1239 addidit.
347 1174 499 1262 Hesychii
528 1174 662 1261 glossam
695 1175 857 1256 ύθρανστο,
888 1175 1073 1255 ἀπρόσκοπο.
1111 1173 1269 1254 Εὐριπίδης

168 1273 331 1362 Ἰφιγενείᾳ
352 1280 388 1364 τῇ
411 1279 446 1340 ἐν
459 1278 566 1341 Αὐλίδι
580 1288 800 1340 commemorat
825 1276 991 1362 Musgrav.
1037 1276 1088 1339 Ea
1102 1273 1184 1338 enim
1206 1297 1267 1338 vox

168 1376 199 1440 in
223 1391 328 1441 nostra
350 1377 519 1466 Iphigenia
534 1400 597 1442 non
617 1377 741 1464 legitur.
789 1376 852 1442 Sed
870 1377 1014 1464 quamvis
1036 1375 1268 1441 Hemsterhusii

168 1479 249 1544 hanc
272 1503 378 1544 vocem
401 1504 430 1546 v.
451 1498 505 1566 57.
530 1503 590 1567 pro
614 1481 723 1562 dpscrc
745 1479 923 1567 reponentis
945 1478 1107 1543 sententiae
1128 1478 1267 1554 accedas,

167 1604 241 1667 quae
263 1581 339 1646 mihi
355 1582 481 1669 quidem
505 1605 616 1669 perum
639 1582 809 1669 probabilis
831 1581 966 1659 videtur,
986 1580 1045 1646 hoc
1062 1595 1185 1645 tentum
1203 1579 1267 1644 effi·

167 1683 240 1762 cias,
255 1708 360 1749 vocem
375 1685 608 1772 exquisitiorem
622 1685 817 1771 grammatici
832 1683 965 1769 alicujus
979 1681 1029 1747 vel
1050 1681 1168 1746 librarii
1185 1682 1268 1749 mala

168 1785 332 1851 sedulitate
357 1787 519 1873 expulsam
543 1811 609 1852 esse
632 1811 652 1852 a
674 1811 750 1852 voce
772 1787 904 1865 notiore,
931 1809 993 1851 non
1019 1802 1148 1874 propter
1171 1808 1266 1850 uuam

167 1912 273 1953 vocem
298 1888 337 1952 de
359 1889 477 1976 duplici
502 1890 678 1955 recensione
703 1891 800 1954 totius
822 1889 939 1955 fabulae
964 1888 1167 1976 cogitandum
1190 1911 1267 1952 esse.

168 1990 268 2054 Aliud
293 2006 526 2078 argumentum,
549 2016 567 2055 e
590 1992 684 2056 schol.
709 1992 874 2079 Aristoph.
899 1994 983 2057 Rau.
1003 2011 1096 2076 1344.
1111 2010 1164 2075 45.
1187 1989 1267 2077 peti·

168 2106 248 2169 tum,
269 2093 387 2178 optime
410 2092 544 2157 elevavit
566 2094 712 2159 Bremius
737 2118 768 2182 p.
795 2097 863 2174 146.
903 2096 943 2158 In
966 2118 1031 2181 quo
1053 2093 1113 2158 hoc
1132 2093 1267 2158 maxime

168 2194 272 2274 miror,
287 2194 385 2281 quod,
397 2218 496 2281 quum
512 2195 543 2258 in
559 2194 628 2260 loco
643 2195 865 2283 Aristophanis
878 2210 1040 2260 centonem
1055 2218 1121 2259 esse
1135 2194 1266 2260 ediver-

167 2297 208 2361 sis
222 2297 387 2386 Euripidis
402 2296 476 2361 locis
490 2312 655 2362 consutum
678 2298 745 2385 ipse
763 2297 941 2362 scholiastes
954 2297 1038 2362 dicat
1054 2300 1099 2381 (ἔξ
1114 2299 1218 2362 ἄλλον
1233 2300 1266 2362 δὲ

167 2402 216 2464 καὶ
235 2403 339 2466 ἄλλων
362 2401 520 2482 Εὐριπίδου
542 2400 697 2481 δραμάτων
715 2403 850 2481 κόμματα
870 2402 997 2480 τίθησιν,
1017 2400 1064 2463 καὶ
1086 2401 1173 2464 οὐδὲν
1193 2403 1266 2464 κατὰ

166 2502 200 2565 τὸ
216 2501 284 2582 ἑξῆς
297 2503 383 2584 λέγει
396 2502 500 2584 μέλος)
518 2501 696 2567 Boeckhius
712 2519 814 2567 tamen
829 2526 862 2590 p.
879 2521 950 2587 219.
969 2517 1107 2588 quatuor
1127 2501 1266 2589 integros

166 2627 284 2683 versus,
299 2605 407 2691 paucis
427 2604 590 2692 perversis,
606 2604 759 2669 comicum
780 2606 821 2668 ab
836 2604 991 2691 Euripide
1005 2618 1184 2669 mutuatum
1200 2626 1265 2669 esee

165 2726 280 2784 censet,
302 2707 333 2771 in
357 2706 474 2793 quibus
495 2719 542 2770 est
564 2705 657 2770 etiam
681 2708 883 2787 στωμύλλετε,
904 2729 977 2792 quae
1002 2729 1062 2770 vox
1085 2704 1224 2771 nonnisi
1245 2729 1265 2770 a

165 2808 288 2872 comicis
311 2824 493 2895 usurpatur.
515 2807 578 2871 vid.
603 2808 711 2872 Bremi
733 2808 754 2874 l.
775 2831 804 2872 ο.
843 2807 928 2871 Mihi
952 2807 1180 2896 Aristophanes
1203 2830 1264 2873 non

166 2925 229 2974 tam
252 2909 376 2996 singula
400 2910 565 2997 Euripidis
590 2911 742 2975 vocabula
765 2910 878 2988 risisse,
903 2933 999 2996 quam
1028 2933 1146 2974 morem
1176 2909 1264 2975 illum

166 3025 277 3100 poeta,
289 3012 320 3075 in
336 3011 422 3076 chori
436 3011 563 3076 canticis
576 3034 614 3075 ea
626 3011 829 3088 admiscendi,
845 3034 918 3098 quae
933 3010 973 3075 ad
989 3011 1179 3098 propositam
1198 3035 1262 3076 rem

165 3113 242 3177 nihil
265 3113 396 3187 faciunt,
419 3128 455 3176 ut
477 3115 641 3200 alcyonum
666 3113 819 3199 querelas,
839 3113 1055 3200 perstrinxisse
1075 3112 1211 3192 videtur,
1233 3128 1266 3178 et

164 3238 281 3280 errasse
309 3214 497 3291 scholiastes,
521 3215 588 3301 qui,
614 3237 713 3301 quum
739 3214 871 3278 scribere
896 3214 1024 3279 deberet
1048 3213 1139 3278 Ἔστι
1169 3217 1201 3278 δὲ
1228 3216 1264 3287 ,τὸ

164 3320 397 3401 παρεγκείμενον
423 3320 454 3396 ἐξ
475 3316 656 3399 Ἰφιγενείας
679 3321 730 3396 τῆς
754 3319 788 3381 ἐν
812 3318 948 3400 Ταύροις,
973 3316 1131 3404 scripserit
1154 3321 1205 3396 τῆς
1229 3320 1264 3381 ἐν

164 3562 221 3625 δορί.
257 3564 340 3626 laonge
357 3563 427 3612 aliter
442 3563 497 3611 libri
514 3563 604 3627 scripti,
616 3579 718 3626 quonam
733 3580 799 3613 unus
818 3563 924 3613 Belskeri
934 3561 970 3627 (et
982 3561 1129 3625 victoriani)
1139 3560 1265 3611 τούλεύθε-

163 3663 212 3708 ρον,
224 3647 273 3694 duo
283 3645 324 3694 alii
341 3644 494 3709 τούλεύθερον
511 3647 540 3704 δ’,
551 3657 652 3709 quartus
662 3645 688 3710 (e
702 3646 803 3706 librarii,
815 3646 957 3705 mulcetur,
968 3645 1117 3708 conjectura)
1128 3643 1158 3692 rb
1171 3641 1265 3693 ίλενθύ-

162 3745 211 3789 ροις
222 3729 252 3787 δ’,
263 3729 337 3777 editio
347 3728 441 3776 Aldine
450 3728 480 3777 τλ
491 3726 626 3790 ἐλευθέριοι.
644 3728 780 3778 Postremus
793 3728 885 3791 prologi
897 3743 980 3777 sersus
990 3725 1015 3790 (ι
1022 3741 1059 3775 ra.
1067 3734 1093 3776 et
1101 3723 1178 3789 seqq.)
1188 3741 1203 3775 e
1213 3724 1265 3774 loco

163 3807 235 3856 simili
248 3808 379 3871 iphigenia
392 3809 503 3858 Taurica
514 3825 565 3859 esse
575 3810 729 3858 adumbratos
740 3818 804 3858 recta
817 3809 935 3871 judicavit
947 3808 1069 3869 Matthia,
1080 3824 1159 3870 neque
1173 3819 1226 3870 115.
1239 3818 1265 3858 et

166 3887 220 3948 116,
241 3889 267 3936 in
286 3890 374 3952 quibus
393 3891 469 3940 mirus
487 3890 572 3940 eccidit
590 3889 698 3939 vocabuli
716 3887 820 3939 σύντονα
839 3905 905 3950 usus,
923 3900 982 3940 sunt
1000 3889 1133 3952 Euripidel.
1168 3888 1214 3937 Sed
1234 3890 1265 3940 de

163 3985 186 4016 v.
208 3970 344 4033 ¹¹⁷-¹⁶e·
362 3972 404 4034 qui
423 3972 525 4021 colorem
542 3971 702 4033 Euripideum
718 3971 785 4020 omni
804 3986 835 4019 ex
852 3983 921 4034 perte
935 3972 1052 4031 referunt,
1071 3986 1121 4019 non
1137 3979 1190 4019 erat
1200 3971 1264 4032 quod

163 4051 285 4102 dubitaret
296 4053 416 4102 Matthia.
451 4053 536 4113 ltaque
551 4051 585 4100 sie
601 4053 757 4101 statuendum
772 4067 822 4100 essa
838 4067 973 4110 canemus,
985 4051 1126 4113 Euripidem
1138 4052 1198 4100 duas
1214 4049 1264 4099 ela-

162 4132 257 4181 boratas
267 4133 374 4195 quidem.
385 4132 426 4180 sed
438 4147 487 4179 uon
498 4141 686 4194 ωιςωοοιοω,
697 4132 820 4194 ιοῑίαιιίιο
828 4134 921 4182 exordii
932 4143 1020 4197 partes,
1029 4132 1129 4182 sltersm
1142 4148 1164 4180 τ.
1176 4134 1263 4194 1-48.

161 4214 317 4275 complexam,
328 4212 428 4260 alteram
442 4211 578 4275 try-163.
590 4229 642 4274 que
659 4221 688 4261 ut
698 4213 763 4262 iuter
773 4229 799 4263 se
810 4214 966 4275 cohererent,
977 4215 1008 4263 ab
1019 4214 1066 4262 elio
1082 4222 1159 4277 poeta,
1177 4213 1228 4263 sive
1242 4214 1264 4264 is

163 4293 290 4357 Euripides
306 4293 386 4340 minor
402 4292 452 4342 sire
468 4293 530 4342 elius
546 4293 601 4354 tuit,
612 4294 695 4342 inserti
709 4303 766 4343 sunt
779 4311 801 4342 ν.
813 4295 935 4361 49-116.
969 4296 1056 4345 Eidem
1072 4302 1147 4357 poetes
1163 4295 1264 4346 sortem

162 4376 294 4424 tribuenda
306 4384 364 4424 sunt
375 4375 567 4437 interpolationes
578 4376 671 4438 percdl,
682 4378 752 4438 nujus
763 4393 851 4440 panem
862 4385 960 4426 tentum
970 4393 1053 4427 versus
1064 4375 1125 4437 illos,
1136 4377 1166 4426 de
1177 4376 1265 4439 quibus

161 4457 267 4506 diximus
277 4457 303 4505 in
315 4457 471 4507 annotatione
481 4458 513 4506 ed
525 4472 546 4504 ν.
560 4457 614 4517 164,
625 4457 753 4508 ebwirissa
763 4459 861 4507 ridetur
872 4459 1009 4522 Euripides.
1027 4457 1058 4505 G.
1071 4457 1104 4505 1).
