2864 4914
172 284 237 355 216
534 285 928 352 ANNOTATmNEs

216 456 271 539 ⁶7.
287 456 443 525 δ-ναόεις
456 456 587 523 codices.
610 455 774 523 at-vater’
790 456 868 524 Ald.

104 557 108 571 ”
215 559 269 624 68.
286 560 478 642 εὐπατέρειαν
493 559 605 647 odida]
624 561 766 626 Nobilem
778 561 887 648 porris
902 557 1009 624 oolam
1032 570 1116 621 recte
1136 554 1273 642 explicat

91 689 93 692 ·
173 661 342 749 Spaohem.
365 661 406 727 ad
430 661 555 732 Callim.
577 663 609 728 in
632 663 729 728 Dian.
745 683 777 742 4.
800 661 895 726 allato
916 660 976 725 alio
998 659 1090 725 etiam
1107 658 1272 746 Euripidis

170 763 240 830 looo
254 787 293 829 ex
310 765 390 829 Ione
401 780 494 850 1073.
510 769 530 829 δ
546 771 604 830 τῶν
619 767 796 847 εὖπαπριδῖιν
815 761 925 847 γεγτῖσ’
941 765 1040 837 οἴκων,
1055 777 1088 828 et
1102 760 1273 827 Elmsleius

171 866 213 931 ad
227 868 307 932 Eur.
325 867 432 954 Iphig.
450 868 491 933 T.
504 868 598 934 1082.
613 867 645 932 in
661 869 778 932 Museo
792 865 860 931 crit.
876 868 906 931 6.
923 889 954 953 p.
969 885 1046 951 303.
1072 873 1095 904 ‘⁶
1110 863 1271 943 Quemad-

171 969 312 1048 modum,
335 969 449 1058 iuquit,
472 970 523 1036 hic
546 972 743 1037 παιδοκτόνον
767 970 877 1052 πατρὸς
900 976 989 1053 χεῖρα
1011 991 1067 1056 per
1090 967 1271 1033 abusionem

169 1073 373 1154 πατροκτόνον
385 1079 473 1156 χεῖρα
487 1073 656 1161 appellavit
668 1086 772 1161 poeta,
787 1073 832 1138 ita
845 1072 876 1138 in
893 1072 995 1158 Hipp.
1011 1073 1064 1136 68.
1080 1071 1273 1153 εὐπατέρειαν

171 1172 268 1239 αὐλόν
282 1172 363 1239 dixit
384 1198 443 1263 pro
466 1177 626 1257 εὐδαίμονα
644 1177 755 1258 πατρὸς
770 1175 877 1240 αὐλόν.
923 1177 997 1244 Hoc
1015 1196 1137 1252 moneo,
1153 1188 1190 1237 ut
1203 1172 1273 1237 vul-

168 1289 273 1363 gatam
290 1277 358 1363 ejus
372 1276 430 1342 loci
448 1278 635 1366 scripturam
650 1278 736 1344 haud
753 1301 880 1366 prorsus
894 1276 1064 1341 absurdam
1081 1299 1154 1342 esse,
1167 1291 1270 1341 osten-

169 1378 275 1445 dam.”
290 1380 485 1446 MATTH.

213 1497 266 1566 70.
282 1483 372 1566 χαῖρέ
382 1482 476 1565 pond>
491 1485 655 1569 καλλίστα]
673 1485 725 1548 De
739 1498 840 1549 metro
854 1508 884 1548 v.
898 1483 938 1550 ad
957 1481 1053 1571 Soph.
1069 1483 1270 1566 Electr.129.

214 1599 268 1668 71.
283 1585 455 1672 παρθένων]
472 1591 548 1652 θεῶν
563 1588 609 1652 Η.
657 1585 747 1651 Idem
764 1609 827 1652 otu.
839 1584 975 1670 Ἀρτερι.

214 1701 265 1771 73.
294 1688 333 1750 In
357 1711 480 1752 scenam
502 1687 619 1776 prodiit
642 1688 850 1777 Hippolytus,
877 1689 1099 1753 manuferens
1123 1707 1270 1750 cornuam

169 1788 285 1854 Disnae
302 1790 478 1870 simulacro,
493 1791 581 1879 quod
602 1804 674 1856 ante
688 1791 771 1856 fores
792 1792 905 1870 stabat,
921 1791 1161 1879 imponendam
1186 1787 1270 1853 uude

168 1889 281 1956 titulus
303 1892 475 1978 tragoediae,
490 1892 667 1962 Ἱππόλυτος
688 1897 933 1977 Στεφανηφόρος,
953 1918 973 1959 a
993 1891 1203 1981 grammaticis
1224 1887 1270 1957 inss

168 1990 255 2057 ditus
269 2006 325 2057 est.
358 1995 429 2057 Hos
443 2016 517 2058 vero
531 1994 696 2082 Euripidis
705 2018 813 2060 versus
828 2018 918 2060 sensu
934 1996 1070 2081 figurato
1084 1992 1269 2081 plerumque

168 2094 333 2182 capiebant
355 2113 492 2161 veteres:
521 2096 682 2162 credentes
702 2097 816 2164 scilicet
839 2096 1053 2185 Hippolytum
1076 2095 1118 2161 de
1138 2097 1268 2183 hymno,

169 2221 264 2285 quem
290 2197 322 2263 in
349 2198 496 2263 honorem
522 2200 601 2263 Deae
623 2199 777 2280 nectebat,
800 2199 859 2266 sub
880 2222 1002 2265 coronae
1025 2199 1149 2265 nomine
1169 2197 1268 2285 loqui.

169 2299 284 2366 Videas
299 2301 457 2367 variorum
471 2301 512 2367 de
527 2300 586 2367 hac
600 2301 747 2390 allegoria
761 2316 936 2367 commenta
950 2301 981 2366 in
998 2300 1130 2369 scholiis.
1165 2301 1267 2387 Figu-

169 2419 237 2468 rate
252 2403 319 2469 hoec
338 2403 565 2470 transtulerunt
581 2405 726 2470 Clemens
740 2405 835 2470 Alex.
851 2405 981 2492 Paedag.
997 2428 1030 2492 p.
1045 2425 1121 2492 313.
1151 2406 1267 2469 Strom.

174 2525 200 2570 1.
224 2529 255 2594 p.
271 2525 348 2593 322,
365 2511 413 2573 16.
438 2507 633 2573 Themistius
655 2509 711 2572 Or.
727 2527 776 2592 15.
798 2531 831 2595 p.
846 2510 905 2593 185
923 2509 967 2572 A.
991 2507 1067 2574 Chr.
1083 2509 1154 2572 Pat.
1172 2507 1268 2592 2588.

171 2608 323 2674 MONK.
368 2611 468 2675 Recte
497 2624 603 2675 monet
634 2609 848 2697 Hippolytum
877 2632 1022 2675 eoronam
1051 2631 1146 2673 manu
1175 2609 1267 2673 ferre.

171 2709 331 2776 Absurdae
345 2726 419 2776 sunt
434 2736 471 2777 ea
486 2713 526 2778 de
541 2735 574 2776 re
587 2711 800 2777 dubitationes
814 2710 1058 2777 scholiastarum.

214 2814 267 2896 76.
283 2812 343 2878 οὔτ’
359 2813 522 2879 Μοαῖιὶιις.
545 2813 603 2879 οὔδ’
620 2812 690 2878 libri
705 2825 736 2878 et
752 2814 838 2879 Plut.
855 2816 940 2879 Mor.
956 2837 989 2901 p.
1003 2834 1087 2900 1094
1100 2817 1144 2879 A.

214 2931 267 2999 77.
282 2916 399 3004 ἠρινδν]
418 2918 537 2999 έαρινδν
552 2917 650 2982 Paris.
667 2919 762 2982 A.H.
780 2917 865 2981 Flor.
881 2929 954 2983 tres.

215 3019 268 3100 78.
291 3021 386 3087 Αἰδὼς
408 3022 440 3084 δὲ
457 3023 630 3101 ποταμόαισι
644 3021 764 3100 κηπεύει
778 3021 908 3105 δρόσοις]
926 3020 1039 3084 Dicere
1053 3018 1151 3086 voluit
1165 3034 1269 3108 poeta,

169 3142 209 3185 ex
224 3118 279 3185 illo
293 3135 394 3209 prato,
407 3122 521 3187 Dianae
536 3145 631 3199 sacro,
645 3121 771 3210 pudicis
786 3136 920 3201 tantum,
930 3128 991 3190 τοῖς
1005 3128 1205 3205 σωφρονοῦσι,
1221 3123 1270 3188 fas

170 3246 236 3288 esse
257 3223 349 3290 flores
370 3223 536 3311 decerpere
547 3249 557 3304 3
580 3224 675 3311 igitur
698 3224 856 3290 Pudicitia
878 3225 955 3312 ipsa,
977 3249 1051 3313 quae
1072 3240 1118 3290 est
1134 3227 1227 3293 Αῖδός
1243 3249 1266 3291 s.
1375 3285 1378 3292 .

170 3328 363 3407 σωφροσύνη,
386 3326 534 3413 praesidet
555 3340 655 3413 prato,
678 3341 787 3392 tuetur
806 3327 897 3410 illud,
919 3327 1011 3393 flores
1031 3328 1064 3392 in
1086 3352 1123 3391 eo
1144 3328 1268 3406 educat,

170 3449 251 3511 quos
274 3427 380 3513 pudici
402 3427 573 3515 decerpant
581 3453 591 3508 ;
614 3451 670 3515 pro
692 3431 826 3494 educare
847 3431 951 3518 posuit
967 3431 1010 3510 id,
1025 3455 1091 3517 quo
1104 3430 1196 3496 flores
1209 3432 1268 3495 im·

171 3526 278 3614 primis
299 3529 439 3609 aluntur,
461 3532 634 3611 ποπαμίαισι
659 3535 778 3611 κηπεύει
803 3535 928 3614 δρόσοις.
960 3535 1152 3599 ΜΑΤΤΗ.
1207 3535 1270 3613 Qui

169 3652 291 3695 comma
314 3647 384 3718 post
407 3634 525 3714 δρόσοις
550 3632 662 3721 posuit,
684 3632 740 3699 ubi
763 3634 881 3721 priores
902 3635 1052 3700 editiones
1073 3651 1157 3701 recte
1178 3637 1271 3724 plena

170 3743 306 3797 utuntur
321 3734 584 3820 interpunctione.

216 3833 353 3918 79-81.
376 3837 460 3903 ὅσοις
482 3836 617 3901 διδακτδν
635 3839 736 3916 μηδὲν,
753 3837 823 3903 ἀλλ’
840 3840 922 3919 έντῇ
942 3841 1032 3921 φύσει
1050 3841 1084 3904 τὸ
1100 3850 1271 3925 σωφρονεῖν

172 3938 294 4020 εἴληχεν
317 3938 348 4003 ές
369 3939 407 4000 rh
428 3936 515 4001 πάνθ’
539 3940 624 4017 duris,
648 3940 760 4007 τούτοις
782 3940 952 4022 δρέπεσθαι,
971 3948 1033 4010 τοῖς
1055 3953 1172 4010 κακοῖσι
1194 3946 1218 4010 δ’
1235 3948 1270 4011 οὔ

172 4037 269 4123 θέμις]
288 4040 421 4102 Frustra
436 4037 579 4102 laborant
592 4039 688 4105 critici
704 4038 745 4105 de
762 4042 810 4106 his
825 4044 965 4110 versibus
984 4047 1196 4134 expediendis,
1213 4052 1269 4136 qui

171 4138 248 4203 mihi
263 4161 325 4204 non
340 4138 474 4202 dubium
489 4137 614 4203 videtur
628 4140 705 4226 quin
720 4142 761 4207 ab
777 4143 998 4233 interpolatore
1017 4149 1078 4214 sint
1098 4151 1222 4238 adjecti,
1238 4169 1269 4218 et

170 4239 240 4306 loco
260 4240 388 4327 quidem
409 4238 603 4304 alienissimo.
650 4244 782 4310 Conficti
797 4260 901 4313 autem
917 4262 991 4315 sunt
1006 4275 1044 4316 ex
1061 4253 1177 4318 Bacch.
1193 4275 1232 4341 3¹
1237 4271 1268 4341 5.

172 4341 228 4408 ubi
242 4342 311 4408 looo
325 4340 484 4430 aptissimo
498 4340 648 4428 leguntur
663 4345 760 4410 verba
774 4348 842 4412 ἀλλ’
859 4354 892 4416 ἐν
906 4357 941 4433 τῇ
953 4356 1044 4437 φύσει
1054 4356 1089 4421 τὸ
1100 4366 1270 4440 σωφρονεῖν

171 4444 291 4513 ένεστιν
306 4447 337 4514 ἐς
350 4448 388 4510 τδ
402 4441 487 4511 πάντ’
503 4443 560 4510 ἀεῖ.
582 4448 670 4509 τοῦτο
685 4455 810 4514 σκοπεῖν
823 4453 891 4536 χρή.
