2864 4914
494 295 562 360 AD
587 297 856 363 SUPPLICES.
1164 300 1230 370 397

128 465 163 526 ln
178 466 291 529 ινιτὶς.
313 464 386 529 vide
398 466 604 532 Plutarchum
619 467 651 532 in
668 468 779 543 Fabio,
794 493 825 557 p.
846 469 907 550 184
922 471 964 534 E.
992 470 1055 536 Sed
1070 470 1230 559 precipue

129 566 159 629 in
184 567 306 631 Cereris
327 569 420 633 sacris
441 569 500 634 boc
522 571 708 637 cavebatur:
734 572 847 636 Livius
871 592 924 658 34.
949 575 980 637 6.
1003 575 1080 661 qnia
1103 575 1230 639 cerata

127 672 328 756 aaanfininm,
354 673 537 760 lugentibus
561 675 704 739 omnibus
729 677 894 755 matronis,
909 678 1123 740 inremissam
1149 686 1228 753 erat,

46 759 53 774 ’
128 771 372 859 Senataastna‘ri
384 776 501 840 tunam
517 778 656 863 triginta
670 778 900 865 diebrrajuan‘t.
914 792 946 842 et
962 797 1014 844 22.
1025 780 1079 864 56.
1095 779 1230 867 adaequa

129 882 224 938 totam
240 878 347 941 urbem
361 880 498 967 opplevit
513 880 626 957 luctus,
642 890 677 945 ut
692 902 818 944 accrum
830 882 1090 947 anniversariam
1103 883 1230 946 Cereris

127 979 342 1044 intermittam
356 983 420 1054 ιιίς
443 983 521 1068 quia
534 1004 590 1047 nec
601 983 787 1072 lugentibus
796 984 949 1070 idfiaoere
963 987 1086 1070 satsat,
1096 1006 1153 1049 nec
1162 985 1230 1050 utta

127 1084 163 1146 tn
178 1084 234 1147 itta
249 1094 427 1171 temperare
441 1078 588 1151 marm
601 1108 714 1175 ιορκκι
727 1088 961 1173 messuerat.
985 1088 1138 1152 MARK.

173 1188 245 1271 296.
263 1186 464 1273 ἐπικρύπτειν]
482 1188 689 1253 scribendum
705 1212 797 1254 sensu
817 1187 996 1276 postulante
1010 1190 1066 1268 ἔτη
1082 1191 1228 1272 κρύπτειν,

127 1287 214 1373 quod
230 1288 360 1376 conjecit
377 1291 591 1356 Hermannus.

172 1393 280 1472 φίλους
296 1393 474 1458 Barnesius.
498 1396 599 1476 φίλοις
611 1393 692 1460 libri.

172 1513 248 1578 301.
264 1496 360 1577 ἔγωγε
375 1498 447 1560 Ρατ.
465 1499 502 1562 C.
521 1496 605 1561 Flor.
625 1518 651 1561 1.
670 1517 699 1562 a.
742 1496 926 1583 Legebatur
939 1497 999 1578 ἐγῶ
1014 1495 1056 1559 δέ.

171 1616 246 1682 303.
259 1599 394 1680 σφάλλει
405 1598 585 1664 Elmaleius.
609 1601 914 1686 Legebaturcpnlfi.
930 1599 1053 1686 σφαλῇς
1064 1599 1229 1664 Paene.
1268 1600 1271 1604 ’

171 1718 246 1785 304.
263 1701 303 1780 μὴ
316 1700 521 1787 ’δικουμένοις]
541 1701 747 1767 Scribendunr
762 1702 996 1782 μᾶὂικονμένοις.

170 1804 246 1886 306.
270 1804 348 1888 νυνὶ]
377 1806 563 1892 Suspectum
588 1820 635 1869 est
658 1805 732 1878 unul,
755 1826 855 1890 quum
879 1803 988 1890 tragici
1012 1802 1076 1867 iota
1098 1807 1230 1890 δεικτικῷ

129 1903 175 1968 0ῐὶ
190 1928 251 1970 000
268 1905 405 1971 soleant:
429 1907 491 1971 vid.
509 1909 639 1972 Porson.
655 1907 697 1971 ud
713 1906 804 1971 Med.
823 1924 893 1990 157.

171 2026 246 2090 310.
264 2014 446 2088 καταστῆσαι
462 2009 618 2075 Reiskius.
653 2013 833 2087 καταστῆναι
848 2007 928 2072 libri.

172 2128 247 2192 312.
263 2111 297 2174 τὸ
312 2110 439 2195 γάρτοι]
458 2112 492 2174 τὸ
506 2114 634 2193 μὲνγὰρ
651 2111 794 2175 Stoboeus
808 2130 863 2194 43,
880 2128 932 2193 29.

172 2214 245 2294 316.
263 2212 335 2279 συὸς
348 2214 405 2291 μὲν
419 2214 536 2296 ἀγρίου]
563 2213 635 2276 Suis
651 2212 861 2299 Cromyoniae,
876 2212 968 2299 cujus
988 2233 1099 2275 nomen
1121 2210 1229 2276 Pbaea.

131 2313 224 2376 Hanc
241 2312 386 2377 Theseus
399 2314 509 2379 occidit
526 2314 557 2378 in
575 2317 765 2409 Cromyone,
780 2314 935 2378 Corinthii
951 2313 1018 2399 agri
1034 2312 1111 2377 vico.
1150 2312 1230 2377 Vide

131 2414 293 2479 Plutarch.
308 2415 340 2479 in
358 2416 492 2481 Theseo.
517 2419 660 2482 BARN.

172 2537 246 2603 3¹9·
263 2518 439 2607 ἐφενρέθης]
458 2519 663 2584 Scribeudunr
681 2519 853 2602 έφηνρέθης.

173 2639 247 2706 321.
271 2624 353 2704 ὁρᾷς,
368 2622 500 2701 ἇβονλος
521 2623 561 2691 ὣς
584 2621 816 2704 κεκερτομημένη
837 2627 900 2687 τοῖς
922 2623 1097 2702 κερτομοῦσι
1118 2617 1231 2700 γοργὸν

132 2725 172 2789 ὥς
186 2723 354 2803 ἀναβλέπει
369 2724 409 2802 σὴ
422 2728 526 2806 πατρίς
536 2726 560 2809 ;]
578 2724 655 2788 Ald.
670 2726 802 2805 ἄβουλος
817 2725 856 2790 ὡς
874 2738 906 2787 et
923 2719 1045 2804 Γοργόν’
1061 2722 1101 2789 ὣς
1115 2722 1229 2800 ἂναβλ.

131 2825 217 2911 quod
233 2824 308 2889 varii
325 2826 407 2890 varie
421 2827 586 2891 emendare
607 2827 708 2891 conati
731 2842 814 2890 sunt.
859 2827 933 2911 Ego
947 2823 1167 2888 Hemsterlrus.
1182 2844 1228 2887 ae-

131 2944 224 2992 cutus
238 2951 318 3005 sum,
333 2929 382 2991 cui
397 2929 607 3017 adstipulatur
623 2928 731 2993 Valck.
747 2929 778 2992 in
795 2945 869 2993 nota
884 2929 959 2993 MS.
975 2928 1005 2992 lr.
1019 2927 1037 2991 l.
1054 2926 1103 2991 ed.
1120 2924 1231 2990 Mark-

133 3030 217 3095 land.
239 3032 364 3116 [γοργὸν
373 3032 438 3119 jam
454 3032 494 3095 ab
511 3030 666 3117 Scaligero
680 3033 878 3116 correctum]
920 3029 1008 3095 Ordo
1022 3044 1079 3107 est,
1095 3033 1175 3114 ὁρᾷς,
1192 3029 1231 3094 ὥς

133 3135 174 3213 σὴ
195 3136 307 3216 πατρὶς,
324 3133 556 3214 κεκερτομημένη
577 3135 616 3200 ὥς
637 3135 770 3213 ἄβουλος
786 3135 840 3219 (ὣς
854 3135 906 3197 οὐκ
920 3135 1013 3215 ὀρθῶς
1025 3130 1230 3213 βονλευομένη

134 3235 175 3298 de
200 3235 306 3298 eadem
334 3234 532 3299 Athenarum
561 3235 638 3298 urbe
665 3237 795 3298 Isocrat.
821 3236 977 3322 Panegyr.
999 3257 1026 3298 c.
1052 3253 1099 3312 14.
1123 3232 1231 3296 locoa

136 3337 322 3424 Musgravio
343 3337 514 3423 adscripto)
540 3338 653 3420 γοργὸν
676 3336 845 3418 ἀναβλέπει
870 3342 932 3405 τοῖς
953 3339 1137 3418 κερτομοῦσι.
1160 3335 1231 3398 ἂνα-

131 3439 261 3519 βλέπειν
287 3442 347 3504 τινί
369 3439 443 3504 satis
472 3440 612 3504 tuebitur
642 3439 735 3504 Plato
761 3438 888 3503 Charm.
917 3462 950 3524 p.
977 3457 1046 3501 111.
1070 3435 1232 3518 ἆνέβλεψέ

131 3542 166 3606 τέ
196 3568 247 3622 μοι
281 3548 343 3609 τοῖς
372 3545 542 3624 ὀφθαλμοῖς
578 3542 734 3626 ἀμήχανόν
769 3566 797 3605 τι
825 3542 901 3605 οἷον.
948 3540 1000 3604 Sic
1036 3537 1231 3620 ἀντιβλέπειν

130 3647 191 3709 τινί
203 3645 345 3709 AEscbin.
370 3668 401 3732 p.
416 3662 493 3730 539.
509 3644 560 3709 cd.
577 3643 688 3709 Reiak.
713 3644 765 3707 cf.
781 3642 923 3707 Elmalei.
939 3641 981 3707 ad
1001 3641 1116 3705 Bacch.
1137 3656 1229 3727 1307.

132 3748 305 3812 Commode
327 3748 488 3813 Gaiasord.
511 3747 587 3813 citat
612 3746 760 3812 Eustath.
781 3746 821 3810 ad
847 3744 889 3809 Il.
905 3743 938 3810 ε’.
959 3765 993 3831 p.
1009 3746 1083 3810 602.
1109 3745 1229 3829 penult.

133 3852 180 3914 καὶ
194 3849 295 3933 ὥσπερ
318 3853 460 3935 έπαιγίζει
481 3859 543 3918 τοῖς
562 3851 746 3928 ἀντιπάλοις,
763 3851 812 3914 καὶ
833 3847 930 3912 σι’νκέτι
948 3845 1084 3928 γαληνὸν
1106 3846 1156 3909 καὶ
1175 3871 1231 3924 μο-
1363 3840 1366 3845 ’

131 3953 237 4031 λακὸν,
260 3956 341 4019 ἀλλὰ
364 3953 478 4037 γοργὸν
501 3952 658 4035 έμβλέπει.
700 3951 809 4017 Verbis
831 3949 945 4033 γοργὸν
967 3952 1079 4030 θναβλ.
1101 3946 1232 4035 opponi-

132 4069 185 4118 tur
207 4078 239 4117 v.
254 4074 327 4140 323.
351 4060 489 4121 σκοτεινὸ
510 4057 649 4136 βλέπειν.
675 4054 865 4119 ΜΑΤΤΗ.
911 4050 1113 4116 Temeritatis
1129 4048 1233 4114 Athe-

133 4156 252 4221 nienses
272 4157 457 4242 arguebant,
478 4158 535 4243 qui
559 4156 669 4243 gloriae
695 4178 802 4220 eorum
832 4154 936 4219 minus
958 4153 1117 4228 favebant,
1144 4149 1231 4236 quod

130 4258 317 4346 plerumque
331 4257 491 4321 infirmiori
507 4256 587 4344 parti
603 4280 635 4321 se
646 4257 864 4345 adJungerent.
911 4257 1064 4319 Isocrates
1078 4253 1109 4315 in
1126 4252 1230 4314 Pane·

130 4363 257 4447 gyrico:
283 4362 329 4425 διὸ
345 4360 393 4424 καὶ
408 4360 605 4442 κατηγοροῦσί
617 4381 696 4426 τινες
716 4359 807 4440 ἡμῶν,
824 4360 863 4426 ὥς
877 4358 930 4422 οὐκ
944 4360 1038 4440 ὀρθῶς
1050 4351 1233 4435 βονλενομέ·

135 4489 207 4540 νον,
232 4466 277 4526 ὅτι
307 4464 374 4532 τοὺς
404 4461 638 4543 ἆσθενεοτέροντ
668 4463 823 4541 εἰθίσμεθα
850 4461 1033 4541 θεραπεύειν.
1059 4453 1121 4520 vid.
1151 4452 1233 4519 iufra
