2864 4914
217 247 284 318 862
585 249 965 316 ANNOTATIONES

217 422 367 511 scriptum
397 436 464 487 erat
493 420 552 502 σὴν
572 420 651 487 παῖδ’
675 427 771 504 ἄγειν,
794 421 846 487 alii
874 422 1088 488 interserendo
1116 426 1176 500 καί,
1203 423 1261 491 alii
1283 452 1335 511 νγε

216 547 363 590 numeros
376 524 591 612 expleverunt.
608 525 801 590 MATTH.

258 661 334 726 427.
355 642 458 732 ἔγωγ’]
475 643 658 731 Legebntur
680 645 740 727 ἐγώ
761 641 801 708 π’.
846 644 1032 710 correctum
1054 667 1094 710 ex
1116 645 1205 713 Flor.
1222 649 1271 712 A.
1291 648 1330 714 in

216 770 282 835 <³¹¹⁰
297 747 411 831 011.

260 862 392 928 ἐκλίποις
406 859 595 926 Brunckius.
640 859 823 947 Legebatur
839 861 971 948 ὲκλίπῃς.

258 999 334 1065 430.
350 981 388 1059 ἤν
402 1005 434 1045 τε
451 985 555 1045 κτανεῖ
572 1006 619 1044 νιν
636 980 728 1044 Lasc.
745 980 819 1044 Par.
836 981 879 1043 A.
897 980 1004 1044 Havn.
1028 1005 1076 1044 νιν
1090 1002 1153 1045 om.
1170 980 1258 1046 Flor.
1278 985 1312 1048 A

218 1151 267 1217 15.
299 1132 385 1195 Tum
397 1130 437 1211 μὴ
450 1132 575 1197 κτείνειν
591 1129 676 1194 Flor.
694 1133 738 1195 A.
752 1151 802 1196 10.
818 1151 864 1215 15.
876 1132 950 1195 Par.
963 1131 1002 1195 B.
1020 1131 1129 1196 Havn.
1150 1131 1190 1213 μὴ
1205 1088 1326 1200 ..2322

216 1234 316 1298 Taur.
332 1234 372 1314 μὴ
387 1240 499 1299 κτεῖναι
514 1235 579 1299 Gu.
596 1235 788 1299 MATTH.

256 1355 332 1440 438.
353 1359 415 1423 τοῖς
434 1379 472 1436 γε
485 1356 579 1437 Τροίᾳ
602 1352 689 1417 Flor.
706 1370 735 1417 2.
753 1354 845 1418 Lasc.
862 1358 924 1420 τοῖς
943 1350 967 1414 τ’
984 1353 1019 1416 ἔν
1030 1353 1125 1437 Τροίᾳ
1140 1353 1213 1417 Par.
1231 1354 1321 1421 A.B.

215 1456 302 1522 Flor.
317 1459 361 1521 A.
384 1476 430 1521 10.
450 1476 498 1540 15.
522 1462 585 1523 τοῖς
598 1453 625 1537 γ’
642 1457 676 1520 ἐν
689 1457 784 1540 Τροίᾳ
795 1457 895 1519 Το111.
913 1455 980 1519 Gu.
993 1453 1070 1520 Ald.
1095 1461 1158 1523 τοῖς
1174 1457 1208 1520 ἐν
1221 1460 1323 1538 Τροία

213 1586 247 1626 τε
262 1562 308 1625 Η.

256 1682 332 1748 439.
359 1663 442 1746 ἔχειν
465 1662 562 1749 δίκην]
587 1661 685 1726 Judic
703 1662 796 1726 andae
818 1661 919 1748 0quoe
943 1672 973 1727 et
993 1684 1096 1749 poenae
1115 1663 1322 1729 decernendae

209 1774 394 1854 potestatem
408 1786 577 1852 curamque
592 1765 713 1828 habere.
730 1764 937 1830 PFLUGK.

254 1888 329 1949 440.
343 1865 524 1951 τάδ’-τότ’]
541 1864 706 1932 τόδ’-τάδ’
723 1869 797 1931 Par.
814 1868 947 1932 A.B.D.
964 1868 1170 1932 Flor.A.10.
1186 1883 1234 1953 15.
1253 1869 1303 1934 Η.

254 1969 313 2036 τότ’
328 1971 464 2056 οἴσομεν]
489 1968 741 2057 Subinoelligitur
762 1972 855 2050 δίκην.
901 1971 1036 2044 Quando
1057 1971 1113 2034 hoc
1133 1973 1317 2059 contigerit,

210 2074 295 2163 ᾳιιοά
314 2073 392 2150 volo,
414 2082 489 2137 tunc
496 2073 647 2158 feremus
657 2074 836 2159 jeutitiam.
882 2074 933 2137 Te
952 2072 993 2137 de
1008 2072 1112 2137 medio
1126 2072 1260 2153 sublato,
1280 2075 1319 2139 li-

211 2177 321 2242 benter
349 2175 496 2254 feremus,
519 2198 593 2261 quae
617 2197 740 2239 necesse
766 2174 837 2253 erit,
863 2173 954 2239 liceat
979 2175 1070 2240 nobis
1095 2177 1319 2242 tantummodo

209 2279 331 2346 libidini
347 2293 463 2344 nostroe
477 2276 676 2354 satisfacere,
691 2300 817 2365 poenam
832 2298 895 2340 non
910 2300 1066 2341 curamus.
1082 2279 1237 2344 REISK.

253 2403 328 2465 441.
346 2381 404 2446 ὑπὸ
418 2382 535 2463 πτερῶν
549 2378 686 2465 σπάσας]
703 2379 822 2444 Electr.
835 2398 911 2465 495.
926 2382 1052 2462 ποίμνης
1067 2381 1194 2463 νεογνὸν
1208 2383 1315 2465 θρέμμ’

209 2486 388 2552 ὑποπάσας
401 2481 480 2548 τόδε.
498 2482 729 2547 LENTING.

251 2608 326 2675 443.
341 2590 373 2652 τί
384 2610 445 2650 0111.
465 2587 538 2650 Par.
555 2586 594 2648 B.
610 2584 695 2648 Flor.
712 2587 755 2649 A.
770 2605 819 2649 10.
836 2601 885 2669 15.

252 2688 325 2775 σοῦ]
343 2687 549 2754 Scribendum
565 2686 593 2750 ν’
610 2688 644 2751 οὐ
659 2710 696 2750 ex
714 2689 787 2751 Pur.
804 2688 935 2750 B.E.H.
952 2687 1042 2751 Lasc.

251 2797 326 2874 446.
352 2807 427 2873 447.
454 2793 618 2855 Laconum
647 2788 778 2877 perfidia
804 2789 943 2852 similiter
969 2803 1096 2853 notatur
1121 2789 1162 2855 ab
1185 2790 1312 2858 Aristo·

207 2896 312 2984 phane
334 2894 473 2957 Acharn.
497 2894 573 2978 308.
599 2893 679 2956 οἶσιν
702 2893 770 2956 οἴπε
793 2891 897 2972 βωμὸς
920 2892 988 2956 οἷπε
1011 2893 1111 2960 πίστις
1135 2892 1197 2959 οὔθ’
1224 2896 1314 2975 ὅρκος

207 2997 299 3079 μένει.
316 3013 346 3062 et
362 2998 439 3082 Lys.
454 2999 526 3079 629.
543 2995 623 3058 οἶσιν
637 2995 725 3059 οὐδὲν
739 2994 846 3058 πιστὸν
862 2997 888 3057 εί
901 2993 941 3074 μή
956 3019 1012 3075 περ
1022 2997 1102 3081 λύκῳ
1119 2997 1265 3080 κεχηνότι.

249 3102 323 3181 446.
339 3097 553 3186 βουλευτήρια]
568 3099 760 3178 βουλεύματα
777 3098 876 3160 Taur.
902 3096 948 3178 (in
971 3120 1036 3183 quo
1059 3121 1123 3164 var.
1144 3099 1214 3165 lect.
1235 3108 1312 3182 βου·

205 3204 359 3287 λεντήριο)
398 3203 466 3266 Gu.
500 3200 578 3265 Ald.
638 3202 738 3264 Recta
774 3199 927 3285 scriptura
965 3215 1100 3265 utuntur
1136 3203 1230 3268 schol.
1268 3206 1311 3270 ad

207 3309 310 3373 Orest.
340 3309 416 3392 361.
453 3304 549 3369 schol.
587 3302 751 3390 Aristoph.
789 3302 874 3367 Ach.
904 3302 978 3387 308.
1018 3305 1128 3368 Tzetz.
1166 3306 1205 3370 ad
1238 3309 1311 3396 Ly·

205 3409 424 3496 oophr.1124.

247 3513 324 3592 448.
345 3514 447 3575 ἑλικτὰ
462 3511 566 3574 κούδὲν
579 3507 673 3592 ὑγιές]
694 3506 756 3571 His
772 3507 873 3572 verbis
895 3506 1029 3572 alienum
1053 3508 1085 3572 in
1108 3533 1231 3575 sensum
1255 3513 1311 3578 de-

206 3616 295 3682 tortis
310 3615 410 3679 utitur
426 3613 582 3678 Charmus
596 3609 682 3697 apud
699 3610 819 3675 Athen.
834 3631 861 3674 1.
877 3634 909 3697 p.
925 3632 958 3693 4.
977 3614 1016 3676 B.

247 3716 323 3803 πᾶν]
339 3716 437 3780 πάντα
457 3717 525 3780 Par.
542 3716 582 3777 Ε.
599 3715 686 3777 Flor.
704 3731 732 3778 2.
750 3715 850 3777 Taur.
867 3714 933 3778 Gu.
949 3716 1043 3779 Lasc.
1059 3715 1137 3780 Ald.
1186 3719 1224 3781 In
1247 3725 1309 3784 πᾶν

203 3819 356 3885 consentit
371 3817 457 3882 Plut.
472 3819 559 3881 Mor.
575 3839 606 3903 p.
623 3816 683 3900 863
702 3817 742 3879 Ε.
763 3836 842 3900 1073
860 3818 897 3880 C.
917 3836 1012 3883 1102.
1030 3818 1068 3882 C.

245 3936 321 4007 450.
346 3923 380 3984 οὐ
401 3927 539 3985 πλεῖστοι
568 3916 672 4003 φόνοι]
699 3918 754 3981 Ad
777 3918 904 3982 crudele
934 3919 1124 3985 Plataearum
1148 3921 1305 3987 excidium

203 4025 311 4092 retulit
334 4023 512 4101 Eumenius,
535 4023 662 4108 dequo
684 4019 746 4085 vid.
773 4021 924 4108 Thucyd.
947 4042 979 4105 3,
1003 4024 1057 4087 68.
1103 4025 1306 4090 01101010νὶ-

202 4130 318 4196 dentur
341 4127 435 4192 verba
457 4130 491 4191 ἐν
512 4129 591 4206 ὑμῖν,
614 4148 687 4211 quae
709 4122 814 4211 potius
835 4123 1009 4210 significant
1031 4124 1062 4189 in
1086 4151 1143 4191 sua
1164 4128 1303 4215 ipsorum

202 4233 319 4297 viscera
343 4231 475 4296 saeviisse
501 4232 683 4318 Spartanos.
731 4227 845 4311 Itaque
866 4225 918 4290 illa
941 4243 1080 4312 spectare
1102 4230 1241 4318 suspicor
1262 4233 1304 4296 ad

201 4333 413 4421 detespabilem
439 4333 591 4398 Helotum
619 4331 747 4408 caedem,
772 4329 835 4393 sive
861 4330 895 4394 τὸ
921 4331 1083 4414 Ταινάριον
1109 4335 1198 4415 dyas:
1230 4358 1304 4421 quae

201 4464 249 4506 res
263 4437 322 4506 illis
337 4437 530 4527 temporibus
549 4455 663 4520 magna
683 4455 754 4497 cum
775 4432 892 4497 invidia
907 4434 1217 4503 Lacedoemoniorum
1233 4462 1301 4503 cre-
