2864 4914
336 295 404 360 An
428 295 729 362 IPHIGRNIAM
753 293 1083 362 AULIDENSEM.
1199 293 1263 358 tet

207 469 334 551 στείχω]
350 469 508 550 πρεσβύτα
522 469 633 551 σπείχιν
649 466 735 532 Flor.
755 487 783 531 1.
799 484 830 532 ο.

206 590 238 648 4.
254 594 300 632 τοι
315 570 493 634 Barnesius.
515 569 550 633 πὸ
564 568 656 633 libri:
679 567 767 656 quod
780 590 844 633 om.
859 567 947 633 Flor.
965 586 994 632 1.

206 669 335 754 lineos]
354 668 601 756 Intelligendum
615 671 693 750 lori,
708 668 796 756 quod
809 666 1061 756 interpunctione
1074 665 1260 734 maclarum

164 767 237 833 fecit
251 768 370 847 Aldus,
386 770 441 856 qui
456 792 579 834 comma
592 784 663 856 post
679 770 794 834 dirimo
806 768 920 855 posuit.
1211 827 1214 832 .

205 887 239 953 5.
263 870 311 933 rui
326 870 370 933 ἐπ’
386 872 554 952 ὀφθαλμοῖς
568 870 622 948 ὀξὺ
634 867 796 956 πάντων]
809 869 871 949 ὀξὺ,
886 892 970 947 acre,
983 867 1165 957 impigrum.
1203 870 1258 933 Se·

163 982 284 1033 nectam
306 969 471 1057 impigram
494 970 629 1038 insidere
644 970 743 1037 oculis
756 970 820 1037 stris
834 985 868 1036 et
880 969 970 1057 qtrasi
984 970 1018 1035 in
1032 969 1092 1036 illia
1106 970 1261 1037 excubare

163 1070 250 1136 dicit.
273 1072 419 1137 ΒΟΤΗ.
459 1074 594 1140 Homer.
609 1072 652 1140 Il.
667 1078 711 1153 K,
723 1091 778 1158 92.
795 1074 860 1140 ἐπεὶ
873 1074 909 1140 οὔ
921 1098 976 1154 μοι
988 1071 1033 1140 ἐπ’
1048 1074 1163 1154 diuum
1176 1072 1261 1153 stido-

162 1199 217 1252 μος
230 1176 322 1240 ὕπνος
337 1172 436 1250 ἱζάνει.

208 1293 240 1357 7.
263 1277 379 1357 Σείριος
400 1274 699 1362 lyris-merdoso]
721 1279 822 1343 Recte
843 1274 1044 1364 reprehendit
1066 1274 1203 1362 Scaliger
1226 1276 1259 1340 in

165 1375 288 1462 Proleg.
310 1376 352 1441 ad
377 1377 547 1443 Manilium
568 1402 603 1466 p.
619 1397 651 1464 5.
674 1379 761 1466 quod
788 1378 889 1444 Sirius
909 1399 1008 1465 prope
1028 1376 1174 1443 Pleiades
1195 1400 1260 1444 mse

163 1476 286 1543 dicitur.
332 1480 395 1544 Sed
410 1480 535 1546 videtur
549 1481 721 1570 Euripides
735 1505 798 1547 non
812 1496 874 1546 tam
889 1479 1109 1546 astronomicas
1128 1479 1261 1544 rationes

163 1596 289 1645 secutus
310 1605 386 1660 esse,
409 1605 505 1669 quam
527 1606 579 1647 eas
600 1583 704 1649 stelles
725 1605 798 1649 cum
817 1582 939 1648 delectu
961 1583 1113 1670 posuisse,
1133 1604 1206 1668 quae
1228 1596 1261 1647 et

163 1678 419 1768 splendidissimae
443 1699 545 1750 essent
570 1700 602 1750 et
628 1685 806 1763 notissimae,
829 1685 951 1772 quippe
974 1685 1016 1749 ad
1039 1697 1259 1770 tempestatum

164 1783 389 1851 vicissitudines
403 1786 575 1874 plurimum
591 1787 740 1855 momenti
754 1787 915 1854 hebentes.
960 1785 1107 1853 Similiter
1123 1784 1261 1872 Scaliger

162 1901 234 1973 post
254 1886 356 1952 locum
380 1889 492 1977 Eurip.
515 1888 623 1953 addit:
647 1890 731 1953 Hoec
754 1911 833 1976 ergo
842 1890 923 1974 suit
945 1889 1111 1955 mdiorum
1132 1888 1260 1954 illum

162 1989 276 2054 motor
299 1991 483 2078 astrologia.
507 1992 699 2057 MATTH.
744 1992 829 2056 Cum
857 1989 907 2056 his
928 1989 1010 2055 aaut.
1035 2012 1111 2076 quse
1139 1989 1260 2056 Herius

163 2088 244 2156 dixit
258 2091 289 2155 iu
305 2092 354 2156 tlte
369 2092 580 2180 Philologicol
592 2094 743 2157 Μυιιιιιο
757 2092 821 2156 rol.
840 2113 869 2156 1.
883 2115 916 2178 p.
930 2107 1067 2177 23-a5.

205 2197 256 2273 τῆς
279 2193 461 2280 ἑπταπόρου]
485 2196 559 2260 Ηοο
580 2193 744 2281 epitheton
766 2193 904 2261 Pleiasin
925 2192 1075 2259 tribuitur
1099 2192 1193 2259 diam
1217 2192 1259 2258 ah

164 2294 278 2382 Eurip.
294 2297 350 2359 Or.
365 2314 458 2362 1002.
481 2297 586 2362 POR.

208 2398 237 2461 8.
260 2398 304 2461 ἔτι
321 2399 486 2484 μεσσήρης]
510 2398 573 2463 Ηίς
587 2398 689 2463 verbis
702 2398 783 2464 inest
796 2397 980 2485 significatio
993 2394 1165 2484 importuni
1180 2411 1257 2461 tem-

162 2499 257 2586 poris,
272 2522 338 2585 quo
352 2502 573 2587 Agamemnon
586 2525 643 2589 per
656 2515 758 2568 castra
771 2515 913 2586 vagetur.
937 2500 1133 2567 ΜΑΤΤΗ.

210 2621 258 2666 10.
274 2601 459 2667 Notandum
474 2604 559 2686 σιγαὶ
573 2626 706 2671 numero
719 2601 836 2690 ptum
847 2601 980 2669 dictum.

210 2725 259 2770 11.
276 2706 417 2792 ἔχουσιν]
432 2708 539 2791 ἔχουσι
553 2706 637 2773 Flos.
658 2729 686 2775 t.
702 2725 730 2773 υ.

210 2825 221 2868 t
227 2822 259 2891 5.
274 2810 358 2894 τῇδε]
375 2809 464 2889 τήνδε
478 2808 693 2876 Blumfieldus.
733 2810 806 2875 Non
821 2830 911 2895 opus.

209 2911 259 2974 16.
274 2911 441 2995 στείχωμεν
456 2912 516 2976 ἔσω
531 2911 662 2979 codices.
684 2913 845 2994 urtixouan
859 2913 930 2977 stou
946 2909 1023 2975 Ald.

211 3013 345 3077 16-20.
366 3013 587 3093 ζηλῶ-ἧσσον
607 3013 700 3100 tnta]
721 3013 778 3081 nd
798 3012 855 3081 hoa
873 3034 983 3079 sersus
1002 3009 1128 3098 respicit
1148 3008 1259 3075 Cicero

165 3115 263 3178 Tuse.
282 3134 315 3199 3,
337 3132 390 3195 24,
415 3135 442 3178 1.
465 3129 498 3183 et
519 3115 635 3182 omisso
656 3130 816 3201 postremo
835 3137 927 3181 versu
948 3113 1039 3179 amn
1062 3110 1150 3178 Plut.
1171 3111 1257 3177 Mor.

162 3237 196 3300 ν·
210 3233 271 3299 471
292 3218 331 3281 C·

206 3336 258 3383 20.
281 3317 380 3396 ἧσσον
395 3319 484 3402 ζηλῶ]
502 3319 601 3398 ἧσσον
616 3320 726 3382 ἐπαινῶ
749 3317 894 3382 Stobaeus
907 3317 962 3401 58,
979 3334 1008 3380 2.
1031 3312 1187 3380 memoe‘w
1207 3333 1257 3377 m·-

162 3442 243 3485 rone.
288 3420 371 3484 Num
387 3419 446 3485 hoc
460 3419 575 3506 legitur
589 3418 726 3507 Hippot
742 3421 815 3500 264.

208 3541 260 3590 22.
274 3521 309 3587 τὸ
324 3522 433 3607 καλὸν]
450 3521 487 3588 τὸ
498 3544 564 3591 ας.
577 3521 664 3588 Flor.
679 3543 712 3589 1.

208 3645 260 3711 23.
277 3627 356 3691 nire
371 3625 531 3707 φιλότιμον
544 3646 587 3693 ενι
607 3623 790 3693 Merkluudi
805 3623 984 3710 conjectura
997 3619 1122 3707 legitur.
1167 3617 1259 3684 Libri

165 3727 260 3791 καὶτὸ
275 3728 444 3808 φιλότιμον.
483 3728 564 3805 Quae
582 3726 679 3790 verbe
691 3724 845 3812 glossema
858 3747 924 3790 esse
945 3721 985 3787 ud
1008 3726 1095 3786 τοῦτο
1114 3719 1149 3785 rd
1165 3718 1260 3785 mtto

163 3829 318 3915 adscripta
333 3844 415 3893 recte
428 3827 649 3893 animadvertit
664 3826 808 3894 Botluus

207 3930 301 4012 γλυκὺ
321 3932 388 4010 μὲν,
413 3936 506 3994 λυπεῖ
526 3931 559 3994 δὲ
580 3927 836 4011 προσιστάμενον]
869 3927 968 3991 Hunc
993 3923 1099 3989 locum
1119 3922 1260 3990 inuratur

165 4031 285 4097 Mucho
297 4030 383 4118 apud
397 4031 518 4099 Athen.
534 4033 563 4096 6.
578 4054 610 4118 p.
627 4051 691 4112 244
705 4032 749 4096 A.
762 4051 784 4094 ι
797 4031 940 4095 Porsonu
952 4025 1117 4093 indicatus
1172 4036 1175 4041 '

209 4134 259 4198 28.
275 4132 417 4214 ἀριστέως
433 4133 577 4197 Stobaeus
594 4151 666 4217 105,
681 4134 712 4197 6.
737 4129 828 4195 Libri
842 4128 986 4211 ἀριοπέος.

208 4255 346 4320 29-31.
360 4234 450 4300 affert
465 4233 553 4303 Plut.
570 4236 660 4299 Mor.
672 4257 706 4322 p.
719 4253 761 4319 33
777 4234 818 4296 E.
843 4249 980 4317 περ-33.
995 4251 1028 4316 p.
1042 4247 1101 4309 103
1119 4227 1159 4293 lt.

207 4359 259 4424 33.
275 4335 435 4418 βουλόμεν’
451 4335 555 4423 ἔσται]
569 4339 740 4417 crudem
755 4333 909 4401 Stolidus.
