2864 4914
581 263 649 326 AD
672 262 897 328 MEDEAM.
1226 265 1288 332 231

189 432 234 493 A.
251 446 282 494 et
300 431 376 496 Ald.
392 435 433 497 ὦν
447 435 605 514 βούλομαι.
630 437 724 499 Rom.
742 436 872 500 A.13.E.
895 435 981 498 Flor.
998 436 1092 498 Lusc.
1110 439 1182 499 Par.
1201 438 1288 500 Β.Ι).

188 535 229 596 Ε.
247 536 335 622 Mag.
355 538 429 600 Put.
448 539 534 600 Con.
552 538 746 617 δβοόλομοι.
790 539 864 602 Ηυο
878 536 1022 624 exemplo
1038 561 1113 602 usus
1126 554 1172 603 est
1187 562 1290 625 grant-

189 637 319 701 nraticus
340 638 502 725 antiquus,
518 640 610 726 cujus
624 640 719 703 verba
734 639 884 726 leguntur
897 640 983 728 apud
1007 639 1136 704 Suidanr
1153 639 1234 705 v.*A
1250 641 1286 706 λε

186 741 324 823 βραχέως
346 745 377 805 δέ
400 741 449 805 καῖ
471 741 585 809 δασέως
611 743 644 805 τὸ
669 742 901 807 ἅτινα-καὶ
921 744 988 808 ἀντὶ
1004 748 1057 808 τοῦ
1078 745 1120 807 ὧν
1141 743 1287 808 τέτακται.

187 842 235 904 καὶ
256 843 323 924 παρ’
347 845 488 931 Εὐριπίδῃ
510 847 543 908 ἐν
565 848 691 930 Μηδείᾳ·
716 844 851 927 Πρόξασ’
875 847 894 909 δ
917 845 1031 926 μέλλω,
1055 847 1103 910 καῖ
1126 844 1245 930 τνχοθσ’
1269 847 1288 910 δ

186 946 346 1024 βούλομαι.
372 948 419 1010 καὶ
440 949 521 1029 παρὰ
543 954 699 1029 Σοφοκλεῖ
720 948 813 1031 (OEd.
830 951 869 1013 C.
889 951 1008 1031 1106.)·
1033 949 1168 1015 Αίτεῖςδ
1190 950 1286 1028 τεόξη.

191 1049 332 1133 Utraque
346 1051 534 1113 corutructr'o
545 1052 659 1136 ρνοάιι,
678 1051 781 1137 inquit
796 1053 966 1114 Porsonus.
1003 1052 1118 1114 Noster
1135 1052 1216 1114 Hec.
1233 1071 1287 1131 42.

187 1149 235 1212 καῖ
252 1152 381 1228 τεύξεται
395 1149 481 1224 τοῦδ’,
497 1151 557 1216 οὐδ’
571 1155 719 1234 ἀδόρητος
730 1157 830 1234 φίλων
849 1151 854 1239 Ι
874 1153 958 1216 έσται
969 1152 1040 1234 πρὸς
1051 1154 1176 1233 ἀνδρῶν.
1201 1153 1285 1218 Ibid.

185 1270 238 1335 51.
255 1253 364 1333 τούμὸν
377 1257 434 1334 μέν
447 1256 511 1331 οὖν,
527 1257 658 1337 ὅσονπερ
669 1256 781 1336 ἤθελον
791 1261 904 1338 τυχεῖν,
925 1253 930 1341 Ι
950 1256 1045 1318 ἐσται.
1081 1254 1194 1319 l'hoen.
1210 1275 1284 1340 513.

184 1355 258 1435 πρὸς
274 1359 305 1419 δέ
321 1355 427 1434 τοῖσδ’,
444 1359 635 1440 αἰσχύνομαι,
654 1357 659 1443 Ι
680 1359 809 1420 ἐλθόντα
828 1357 885 1420 σὺν
905 1357 1009 1423 ὅπλοις
1031 1357 1127 1431 τόνδε,
1148 1355 1195 1418 καὶ
1216 1382 1286 1437 πορ

185 1461 295 1520 θοῦντα
309 1463 376 1539 γῆν,
396 1459 400 1544 Ι
420 1466 521 1542 τυχεῖν
536 1461 555 1523 δ
569 1457 678 1542 χρῄζει.
704 1458 788 1522 Ibid.
805 1459 879 1541 998.
895 1463 1045 1535 Γυναῖκες,
1062 1459 1101 1523 ὡς
1123 1459 1156 1520 εῖι
1177 1457 1286 1538 πατρὸς

185 1560 302 1637 ἐξεῖλον
316 1563 428 1640 φόβου,
448 1561 453 1646 Ι
474 1561 591 1643 κλέψας
602 1564 752 1642 λόγοισιν,
762 1558 834 1622 ὥσθ’
847 1561 866 1623 ἐι
877 1563 1027 1639 βούλομαι
1041 1567 1152 1643 τυχεῖν.
1169 1562 1282 1624 ELM.

228 1665 301 1743 761.
319 1665 463 1726 Σπεόδειν
478 1663 528 1727 hic
543 1686 668 1750 opernm
684 1664 762 1727 dure
784 1662 946 1748 significat.
983 1665 1071 1727 Idem
1088 1680 1133 1728 est
1150 1668 1284 1729 ἐπίνοιαν

184 1764 317 1847 κατέχων
328 1765 413 1852 quod
431 1769 586 1847 ἐπιθυμίαν
601 1767 688 1850 έχων.
716 1768 831 1830 Noster
848 1766 961 1831 Phoen.
976 1788 1051 1846 411.
1071 1773 1138 1834 [Ιῶς
1154 1766 1177 1832 δ’
1193 1768 1283 1846 ἦλθες

179 1863 309 1947 Ἀργοςς
333 1868 387 1933 τίν’
404 1872 539 1934 ἐπίνοιαν
555 1870 699 1952 έσχεθες;
724 1870 838 1933 ELM.

226 1972 297 2051 767.
314 1973 423 2055 τίσειν]
442 1978 523 2035 τῖσαι
539 1971 657 2036 Christ.
676 1974 747 2036 Pat.
764 1991 836 2056 735.

227 2073 298 2152 768.
315 2071 404 2157 ἀνὴρ]
421 2073 497 2154 ἀνὴρ
512 2072 593 2136 libri.

226 2176 299 2257 769.
316 2173 482 2260 πέφανται]
499 2175 654 2257 πέφασται
669 2177 714 2238 Α.

225 2293 298 2357 770.
321 2277 491 2358 πρνμυέρην
511 2277 656 2364 adjectivi
679 2277 746 2341 loeo
767 2276 902 2341 sumitur
924 2300 982 2362 pro
1001 2276 1194 2358 πρυμνήσιον,
1217 2300 1282 2361 quo

182 2377 282 2441 utitur
297 2394 388 2465 poeta
405 2382 502 2443 Herc.
519 2383 592 2462 478.
609 2383 648 2447 ὡς
663 2379 825 2461 ἀνημμένοι
845 2378 943 2463 κάλῳς
962 2377 967 2465 Ι
985 2381 1194 2459 πρυμνησίοισι
1210 2382 1281 2457 βίον

181 2480 271 2563 ἔχοιτ’
284 2482 450 2562 εὐδαίμονα.
476 2482 580 2546 Schul.
592 2482 646 2546 Ἐκ
661 2489 713 2545 τοῦ
728 2482 752 2546 δ’
769 2482 945 2563 ἀνάψομενι
967 2481 1141 2559 παυσόμεθα
1155 2487 1214 2544 τῶν
1228 2507 1279 2544 τα-

179 2585 355 2664 ρασσόντων
370 2592 476 2649 κακῶν.
500 2587 645 2668 ὅτανγὰρ
668 2587 795 2669 ἀπόγεια
816 2585 897 2671 δεθῇ,
913 2584 1057 2646 παόουται
1071 2588 1130 2646 τῶν
1144 2581 1281 2662 καμάτων

182 2686 292 2772 (vulgo
314 2687 460 2768 κυμάτων)
486 2691 515 2752 ol
535 2693 647 2753 ναῦται.
694 2691 775 2752 Haec
801 2687 897 2751 verba
920 2684 1056 2771 explicat
1080 2685 1278 2770 Hesychius:

180 2789 369 2870 Πρυμνήσια.
385 2791 512 2871 ἀπόγεια
533 2793 666 2874 σχοινία.
712 2791 798 2854 Ηίαο
822 2805 925 2853 noster
948 2791 1028 2852 Hec.
1043 2804 1117 2874 539.
1136 2791 1230 2852 λῦσαί
1246 2815 1279 2852 τε

177 2893 310 2972 πρύμνας
326 2894 373 2955 καὶ
387 2891 589 2974 χαλινωπήρια
607 2891 612 2978 Ι
633 2897 708 2956 νεῶν
723 2893 773 2959 δὸς
786 2893 866 2972 ἡμῖν.
891 2892 1009 2955 ELM.

224 3011 294 3078 773.
312 2994 401 3077 δέχου
416 2996 448 3056 δέ
462 2994 502 3074 μὴ
517 2994 590 3075 πρὸς
609 2994 718 3073 ἡδονὴν
731 2996 855 3082 λόγους]
879 2993 985 3057 Schol.
1002 2991 1088 3072 Λέξω
1104 2995 1135 3056 δέ
1150 2993 1191 3073 μὴ
1206 2994 1278 3075 πρὸς

177 3096 303 3174 ἡδονήνι
324 3097 364 3176 μὴ
380 3098 511 3175 νομίσῃς,
528 3097 630 3177 φησὶν,
652 3096 724 3174 ἡδέα
745 3098 792 3159 καὶ
811 3101 945 3177 προσηνῆ
968 3097 1102 3160 εἶναιτὰ
1124 3096 1277 3176 μέλλοντά

178 3225 227 3261 σοι
240 3200 372 3279 ῥηθῆναι.
397 3200 462 3262 έστι
477 3201 534 3280 γάρ
550 3198 641 3278 ἀηδέα
657 3198 720 3282 (ed.
735 3200 809 3263 ven.
826 3200 912 3279 ἡδέα)
928 3202 985 3280 μὲν
1001 3202 1042 3265 είς
1056 3199 1148 3276 ἀκοὴν
1164 3200 1274 3272 ἐλθεῖν,

177 3300 325 3382 ἀναγκαῖα
339 3302 371 3363 δὲ
386 3301 474 3380 ὅμως.
522 3302 637 3364 Sensus
659 3317 716 3378 est,
732 3301 822 3386 δέχου
837 3304 869 3366 δὲ
883 3303 993 3384 λόγους
1014 3300 1054 3379 μὴ
1073 3299 1146 3380 πρὸς
1167 3301 1276 3380 ἡδονὴν

176 3401 367 3484 λεγομένους,
382 3404 489 3490 accipe
511 3425 678 3482 sermones,
695 3406 750 3492 ηαῖ
764 3404 936 3468 delectandi
950 3424 1064 3466 caussa
1085 3424 1148 3465 non
1162 3402 1273 3466 dicun-

176 3514 241 3568 tur.
266 3506 383 3568 ELM.

220 3623 294 3692 775.
312 3607 357 3693 ἐς]
374 3609 474 3672 Recte
489 3610 530 3674 εἰς
545 3606 623 3671 Ald.
733 3634 735 3638 ’

220 3725 293 3792 777.
319 3711 395 3794 ἔχει]
421 3711 503 3793 έχειν
523 3709 554 3772 in
572 3708 707 3773 editione
730 3707 931 3795 Hervagianu
946 3707 1081 3772 secunda
1096 3708 1230 3795 positum
1253 3732 1272 3772 α

174 3827 346 3876 correctore
360 3828 417 3889 est,
433 3810 489 3896 qui
506 3833 566 3874 non
587 3809 848 3874 animadverterat
870 3809 992 3896 spurios
1006 3834 1071 3873 esse
1089 3834 1193 3874 versus
1207 3812 1272 3876 duo

174 3917 333 4002 proximos
347 3914 459 3997 γάμανς
475 3913 635 3995 τυρόννων,
652 3913 705 3979 οθς
723 3913 847 3993 προδοὺς
869 3913 944 3991 ἡμᾶς
966 3913 1040 3995 ἔχει,
1061 3913 1066 3998 Ι
1086 3913 1134 3976 καὶ
1147 3912 1270 3995 ξόμφορ

174 4019 250 4082 εἶναι
264 4019 311 4082 καὶ
325 4023 420 4084 καλῶς
436 4017 620 4099 ἐγνωσμένα.
662 4017 782 4078 Eorurn
799 4014 933 4102 priorem
949 4013 1065 4077 omittit
1079 4014 1177 4078 oodex
1193 4014 1269 4078 Flo·

172 4120 313 4184 rentinus
337 4143 356 4183 a
380 4118 584 4184 Valckenario
614 4132 802 4181 memoratus
830 4116 870 4180 ad
897 4117 1011 4180 Phoen.
1034 4118 1126 4195 1286,
1153 4117 1269 4181 librarii

172 4223 265 4309 culpa
288 4223 355 4309 puri
376 4222 510 4285 duorum
536 4242 681 4285 versuum
705 4219 790 4282 exitu
814 4219 952 4307 decepti:
980 4235 1148 4307 utrumque
1165 4219 1270 4285 delen-

173 4323 248 4388 dum
264 4347 330 4387 esse
345 4322 496 4387 intellexit
512 4325 682 4386 Porsonus.

216 4442 290 4509 779.
306 4422 498 4510 ἐγνωσμένα]
516 4422 699 4506 είργασμέυα
713 4422 832 4509 aliquot
847 4422 937 4487 codd.
954 4438 985 4487 ct
1000 4423 1076 4487 Ald.

690 4544 747 4603 04
