<?xml version="1.0" encoding="UTF-8"?>
<!DOCTYPE html PUBLIC "-//W3C//DTD XHTML 1.0 Transitional//EN"
    "http://www.w3.org/TR/xhtml1/DTD/xhtml1-transitional.dtd">
<html xmlns="http://www.w3.org/1999/xhtml" xml:lang="en" lang="en">
 <head>
  <title>
</title>
<meta http-equiv="Content-Type" content="text/html;charset=utf-8" />
  <meta name='ocr-system' content='tesseract 3.04.00' />
  <meta name='ocr-capabilities' content='ocr_page ocr_carea ocr_par ocr_line ocrx_word'/>
</head>
<body>
  <div class='ocr_page' id='page_1' title='image "./tragoediaesuper01eurigoog_0378.png"; bbox 0 0 2864 4914; ppageno 0'>
   <div class='ocr_carea' id='block_1_1' title="bbox 430 297 1225 365">
    <p class='ocr_par' dir='ltr' id='par_1_1' title="bbox 430 297 1225 365">
     <span class='ocr_line' id='line_1_1' title="bbox 430 297 1225 365; baseline 0.003 -3"><span class='ocrx_word' id='word_1_1' title='bbox 430 297 498 362; x_wconf 88' lang='grc' dir='ltr'><strong>ΑΙ)</strong></span> <span class='ocrx_word' id='word_1_2' title='bbox 520 297 920 363; x_wconf 85' lang='lat' dir='ltr'><strong>ANDROMACHAM.</strong></span> <span class='ocrx_word' id='word_1_3' title='bbox 1160 297 1225 365; x_wconf 69' lang='lat'><strong>867</strong></span> 
     </span>
    </p>
   </div>
   <div class='ocr_carea' id='block_1_2' title="bbox 122 465 1226 3226">
    <p class='ocr_par' dir='ltr' id='par_1_2' title="bbox 123 465 1225 968">
     <span class='ocr_line' id='line_1_2' title="bbox 123 465 1224 557; baseline 0.005 -27"><span class='ocrx_word' id='word_1_4' title='bbox 123 465 227 532; x_wconf 86' lang='lat' dir='ltr'><strong>denda</strong></span> <span class='ocrx_word' id='word_1_5' title='bbox 240 482 272 532; x_wconf 92' lang='lat' dir='ltr'><strong>et</strong></span> <span class='ocrx_word' id='word_1_6' title='bbox 286 467 469 534; x_wconf 83' lang='lat' dir='ltr'>custodibus</span> <span class='ocrx_word' id='word_1_7' title='bbox 482 469 636 535; x_wconf 87' lang='lat' dir='ltr'><strong>firmanda</strong></span> <span class='ocrx_word' id='word_1_8' title='bbox 650 469 754 535; x_wconf 92' lang='lat' dir='ltr'><strong>domo.</strong></span> <span class='ocrx_word' id='word_1_9' title='bbox 773 471 966 535; x_wconf 85' lang='lat' dir='ltr'><strong>MATTH.</strong></span> <span class='ocrx_word' id='word_1_10' title='bbox 1003 469 1143 557; x_wconf 86' lang='lat' dir='ltr'><strong>Raptam</strong></span> <span class='ocrx_word' id='word_1_11' title='bbox 1158 492 1224 535; x_wconf 89' lang='lat' dir='ltr'><strong>esse</strong></span> 
     </span>
     <span class='ocr_line' id='line_1_3' title="bbox 124 569 1225 661; baseline 0.004 -28"><span class='ocrx_word' id='word_1_12' title='bbox 124 569 289 650; x_wconf 84' lang='lat' dir='ltr'><strong>Helenam,</strong></span> <span class='ocrx_word' id='word_1_13' title='bbox 311 594 411 658; x_wconf 89' lang='lat' dir='ltr'><strong>quum</strong></span> <span class='ocrx_word' id='word_1_14' title='bbox 433 571 465 636; x_wconf 91' lang='lat' dir='ltr'><strong>in</strong></span> <span class='ocrx_word' id='word_1_15' title='bbox 490 574 615 637; x_wconf 86' lang='lat' dir='ltr'><strong>Cretam</strong></span> <span class='ocrx_word' id='word_1_16' title='bbox 638 573 798 661; x_wconf 79' lang='lat' dir='ltr'><strong>profectus</strong></span> <span class='ocrx_word' id='word_1_17' title='bbox 819 588 899 638; x_wconf 88' lang='lat' dir='ltr'><strong>esset</strong></span> <span class='ocrx_word' id='word_1_18' title='bbox 923 572 1099 653; x_wconf 78' lang='lat' dir='ltr'><strong>Menelaus,</strong></span> <span class='ocrx_word' id='word_1_19' title='bbox 1119 588 1225 637; x_wconf 88' lang='lat' dir='ltr'><strong>monet</strong></span> 
     </span>
     <span class='ocr_line' id='line_1_4' title="bbox 124 671 1224 765; baseline 0.003 -30"><span class='ocrx_word' id='word_1_20' title='bbox 124 671 296 737; x_wconf 80' lang='lat' dir='ltr'><strong>scholiasta.</strong></span> <span class='ocrx_word' id='word_1_21' title='bbox 321 673 453 739; x_wconf 91' lang='lat' dir='ltr'><strong>Ptolem.</strong></span> <span class='ocrx_word' id='word_1_22' title='bbox 477 676 644 763; x_wconf 86' lang='lat' dir='ltr'><strong>Hephaest.</strong></span> <span class='ocrx_word' id='word_1_23' title='bbox 665 700 715 765; x_wconf 88' lang='lat' dir='ltr'><strong>ap.</strong></span> <span class='ocrx_word' id='word_1_24' title='bbox 740 676 890 741; x_wconf 88' lang='lat' dir='ltr'><strong>Photium</strong></span> <span class='ocrx_word' id='word_1_25' title='bbox 913 675 999 741; x_wconf 91' lang='lat' dir='ltr'><strong>Bibl.</strong></span> <span class='ocrx_word' id='word_1_26' title='bbox 1017 674 1087 740; x_wconf 91' lang='lat' dir='ltr'><strong>eod.</strong></span> <span class='ocrx_word' id='word_1_27' title='bbox 1104 694 1175 759; x_wconf 86' lang='lat'><strong>190.</strong></span> <span class='ocrx_word' id='word_1_28' title='bbox 1190 695 1224 763; x_wconf 91' lang='lat' dir='ltr'><strong>p.</strong></span> 
     </span>
     <span class='ocr_line' id='line_1_5' title="bbox 128 776 1224 861; baseline 0.004 -23"><span class='ocrx_word' id='word_1_29' title='bbox 128 795 198 859; x_wconf 87' lang='lat'>150,</span> <span class='ocrx_word' id='word_1_30' title='bbox 214 778 265 861; x_wconf 83' lang='lat'><strong>36.</strong></span> <span class='ocrx_word' id='word_1_31' title='bbox 289 778 329 844; x_wconf 76' lang='grc' dir='ltr'>ὥς</span> <span class='ocrx_word' id='word_1_32' title='bbox 345 776 545 859; x_wconf 70' lang='grc' dir='ltr'>Ἀλεξάνδρου</span> <span class='ocrx_word' id='word_1_33' title='bbox 567 778 748 861; x_wconf 76' lang='grc' dir='ltr'>ἁρπάζοντος</span> <span class='ocrx_word' id='word_1_34' title='bbox 767 778 899 860; x_wconf 77' lang='grc' dir='ltr'>Ἑλένην</span> <span class='ocrx_word' id='word_1_35' title='bbox 917 778 1078 846; x_wconf 85' lang='grc' dir='ltr'>Μενέλαος</span> <span class='ocrx_word' id='word_1_36' title='bbox 1099 780 1134 842; x_wconf 82' lang='grc' dir='ltr'><strong>έν</strong></span> <span class='ocrx_word' id='word_1_37' title='bbox 1148 784 1224 860; x_wconf 87' lang='grc' dir='ltr'>Γορ-</span> 
     </span>
     <span class='ocr_line' id='line_1_6' title="bbox 123 879 1014 968; baseline 0.003 -27"><span class='ocrx_word' id='word_1_38' title='bbox 123 880 194 966; x_wconf 81' lang='grc' dir='ltr'>τίνη</span> <span class='ocrx_word' id='word_1_39' title='bbox 209 884 260 958; x_wconf 81' lang='grc' dir='ltr'>τῆς</span> <span class='ocrx_word' id='word_1_40' title='bbox 276 879 391 962; x_wconf 79' lang='grc' dir='ltr'>Κρήτης</span> <span class='ocrx_word' id='word_1_41' title='bbox 407 883 576 962; x_wconf 76' lang='grc' dir='ltr'>ἑκατόμβην</span> <span class='ocrx_word' id='word_1_42' title='bbox 591 882 659 947; x_wconf 80' lang='grc' dir='ltr'>έθνε</span> <span class='ocrx_word' id='word_1_43' title='bbox 672 889 714 968; x_wconf 76' lang='grc' dir='ltr'><strong>τῷ</strong></span> <span class='ocrx_word' id='word_1_44' title='bbox 728 884 789 946; x_wconf 89' lang='grc' dir='ltr'><strong>Διί.</strong></span> <span class='ocrx_word' id='word_1_45' title='bbox 808 881 1014 946; x_wconf 85' lang='lat' dir='ltr'><strong>PFLUGK.</strong></span> 
     </span>
    </p>

    <p class='ocr_par' dir='ltr' id='par_1_3' title="bbox 122 980 1226 1480">
     <span class='ocr_line' id='line_1_7' title="bbox 165 980 1226 1072; baseline 0.002 -28"><span class='ocrx_word' id='word_1_46' title='bbox 165 983 240 1066; x_wconf 86' lang='grc'><strong>598.</strong></span> <span class='ocrx_word' id='word_1_47' title='bbox 255 989 393 1063; x_wconf 77' lang='grc' dir='ltr'>γνμνοῖσι</span> <span class='ocrx_word' id='word_1_48' title='bbox 406 983 522 1071; x_wconf 83' lang='grc' dir='ltr'>μηροῖς]</span> <span class='ocrx_word' id='word_1_49' title='bbox 539 984 590 1048; x_wconf 90' lang='lat' dir='ltr'><strong>De</strong></span> <span class='ocrx_word' id='word_1_50' title='bbox 603 983 663 1048; x_wconf 92' lang='lat' dir='ltr'><strong>hac</strong></span> <span class='ocrx_word' id='word_1_51' title='bbox 678 982 904 1049; x_wconf 89' lang='lat' dir='ltr'><strong>Laconicarum</strong></span> <span class='ocrx_word' id='word_1_52' title='bbox 921 983 1095 1072; x_wconf 78' lang='lat' dir='ltr'><strong>puellarum</strong></span> <span class='ocrx_word' id='word_1_53' title='bbox 1115 980 1226 1047; x_wconf 91' lang='lat' dir='ltr'><strong>immo-</strong></span> 
     </span>
     <span class='ocr_line' id='line_1_8' title="bbox 122 1081 1223 1175; baseline 0.004 -29"><span class='ocrx_word' id='word_1_54' title='bbox 122 1081 210 1147; x_wconf 91' lang='lat' dir='ltr'><strong>desta</strong></span> <span class='ocrx_word' id='word_1_55' title='bbox 224 1084 459 1162; x_wconf 91' lang='lat' dir='ltr'><strong>consuetudine,</strong></span> <span class='ocrx_word' id='word_1_56' title='bbox 476 1084 561 1150; x_wconf 91' lang='lat' dir='ltr'><strong>unde</strong></span> <span class='ocrx_word' id='word_1_57' title='bbox 575 1100 606 1150; x_wconf 90' lang='lat' dir='ltr'><strong>et</strong></span> <span class='ocrx_word' id='word_1_58' title='bbox 620 1086 661 1150; x_wconf 88' lang='lat' dir='ltr'><strong>ab</strong></span> <span class='ocrx_word' id='word_1_59' title='bbox 677 1086 778 1175; x_wconf 86' lang='lat' dir='ltr'><strong>Ibyco</strong></span> <span class='ocrx_word' id='word_1_60' title='bbox 792 1088 1002 1170; x_wconf 85' lang='grc' dir='ltr'>φαινομηρίδες</span> <span class='ocrx_word' id='word_1_61' title='bbox 1015 1085 1108 1151; x_wconf 79' lang='lat' dir='ltr'><strong>dictae</strong></span> <span class='ocrx_word' id='word_1_62' title='bbox 1122 1101 1223 1164; x_wconf 89' lang='lat' dir='ltr'><strong>erant,</strong></span> 
     </span>
     <span class='ocr_line' id='line_1_9' title="bbox 124 1184 1224 1277; baseline 0.005 -30"><span class='ocrx_word' id='word_1_63' title='bbox 124 1184 195 1249; x_wconf 90' lang='lat' dir='ltr'><strong>vide</strong></span> <span class='ocrx_word' id='word_1_64' title='bbox 212 1185 415 1251; x_wconf 79' lang='lat' dir='ltr'><strong>Plutarchum</strong></span> <span class='ocrx_word' id='word_1_65' title='bbox 432 1188 462 1251; x_wconf 92' lang='lat' dir='ltr'><strong>in</strong></span> <span class='ocrx_word' id='word_1_66' title='bbox 478 1190 720 1276; x_wconf 87' lang='lat' dir='ltr'><strong>comparatione,</strong></span> <span class='ocrx_word' id='word_1_67' title='bbox 732 1211 827 1277; x_wconf 87' lang='lat' dir='ltr'><strong>quam</strong></span> <span class='ocrx_word' id='word_1_68' title='bbox 843 1188 979 1253; x_wconf 84' lang='lat' dir='ltr'><strong>instituit</strong></span> <span class='ocrx_word' id='word_1_69' title='bbox 993 1187 1074 1252; x_wconf 85' lang='lat' dir='ltr'><strong>inter</strong></span> <span class='ocrx_word' id='word_1_70' title='bbox 1085 1188 1224 1253; x_wconf 81' lang='lat' dir='ltr'><strong>Numam</strong></span> 
     </span>
     <span class='ocr_line' id='line_1_10' title="bbox 124 1288 1223 1376; baseline 0.003 -25"><span class='ocrx_word' id='word_1_71' title='bbox 124 1303 156 1351; x_wconf 89' lang='lat' dir='ltr'><strong>et</strong></span> <span class='ocrx_word' id='word_1_72' title='bbox 172 1289 357 1376; x_wconf 82' lang='lat' dir='ltr'><strong>Lycurgum</strong></span> <span class='ocrx_word' id='word_1_73' title='bbox 373 1314 400 1354; x_wconf 88' lang='lat' dir='ltr'><strong>c.</strong></span> <span class='ocrx_word' id='word_1_74' title='bbox 417 1309 449 1376; x_wconf 79' lang='lat'><strong>3.</strong></span> <span class='ocrx_word' id='word_1_75' title='bbox 485 1291 566 1356; x_wconf 86' lang='lat' dir='ltr'><strong>Item</strong></span> <span class='ocrx_word' id='word_1_76' title='bbox 583 1291 761 1356; x_wconf 91' lang='lat' dir='ltr'><strong>Meursium</strong></span> <span class='ocrx_word' id='word_1_77' title='bbox 777 1291 808 1354; x_wconf 88' lang='lat' dir='ltr'><strong>in</strong></span> <span class='ocrx_word' id='word_1_78' title='bbox 826 1288 1002 1355; x_wconf 86' lang='lat' dir='ltr'><strong>Miscellan.</strong></span> <span class='ocrx_word' id='word_1_79' title='bbox 1019 1289 1183 1355; x_wconf 88' lang='lat' dir='ltr'><strong>Laconicis</strong></span> <span class='ocrx_word' id='word_1_80' title='bbox 1196 1310 1223 1354; x_wconf 91' lang='lat'><strong>1.</strong></span> 
     </span>
     <span class='ocr_line' id='line_1_11' title="bbox 124 1390 918 1480; baseline 0.005 -27"><span class='ocrx_word' id='word_1_81' title='bbox 124 1415 150 1455; x_wconf 92' lang='lat' dir='ltr'><strong>c.</strong></span> <span class='ocrx_word' id='word_1_82' title='bbox 166 1411 215 1475; x_wconf 88' lang='lat'><strong>19.</strong></span> <span class='ocrx_word' id='word_1_83' title='bbox 232 1390 326 1457; x_wconf 86' lang='lat' dir='ltr'><strong>Ovid.</strong></span> <span class='ocrx_word' id='word_1_84' title='bbox 343 1392 374 1456; x_wconf 89' lang='lat' dir='ltr'><strong>in</strong></span> <span class='ocrx_word' id='word_1_85' title='bbox 393 1391 515 1456; x_wconf 88' lang='lat' dir='ltr'><strong>Paridis</strong></span> <span class='ocrx_word' id='word_1_86' title='bbox 529 1391 569 1457; x_wconf 92' lang='lat' dir='ltr'><strong>ad</strong></span> <span class='ocrx_word' id='word_1_87' title='bbox 586 1393 740 1457; x_wconf 84' lang='lat' dir='ltr'><strong>Helenam</strong></span> <span class='ocrx_word' id='word_1_88' title='bbox 756 1392 918 1480; x_wconf 81' lang='lat' dir='ltr'><strong>Epistola:</strong></span> 
     </span>
    </p>

    <p class='ocr_par' dir='ltr' id='par_1_4' title="bbox 126 1494 978 1789">
     <span class='ocr_line' id='line_1_12' title="bbox 213 1494 978 1582; baseline -0.001 -23"><span class='ocrx_word' id='word_1_89' title='bbox 213 1496 303 1560; x_wconf 89' lang='lat' dir='ltr'><strong>More</strong></span> <span class='ocrx_word' id='word_1_90' title='bbox 318 1512 382 1560; x_wconf 85' lang='lat' dir='ltr'><strong>tuae</strong></span> <span class='ocrx_word' id='word_1_91' title='bbox 396 1496 509 1582; x_wconf 86' lang='lat' dir='ltr'><strong>gentis,</strong></span> <span class='ocrx_word' id='word_1_92' title='bbox 523 1494 622 1560; x_wconf 88' lang='lat' dir='ltr'><strong>nitida</strong></span> <span class='ocrx_word' id='word_1_93' title='bbox 636 1496 711 1560; x_wconf 94' lang='lat' dir='ltr'><strong>dum</strong></span> <span class='ocrx_word' id='word_1_94' title='bbox 729 1496 815 1560; x_wconf 87' lang='lat' dir='ltr'><strong>nuda</strong></span> <span class='ocrx_word' id='word_1_95' title='bbox 830 1494 978 1561; x_wconf 84' lang='lat' dir='ltr'><strong>Paloestra</strong></span> 
     </span>
     <span class='ocr_line' id='line_1_13' title="bbox 254 1598 925 1675; baseline 0.001 -13"><span class='ocrx_word' id='word_1_96' title='bbox 254 1598 367 1675; x_wconf 90' lang='lat' dir='ltr'><strong>Ludis,</strong></span> <span class='ocrx_word' id='word_1_97' title='bbox 382 1614 414 1663; x_wconf 93' lang='lat' dir='ltr'><strong>et</strong></span> <span class='ocrx_word' id='word_1_98' title='bbox 428 1622 461 1662; x_wconf 86' lang='lat' dir='ltr'><strong>es</strong></span> <span class='ocrx_word' id='word_1_99' title='bbox 476 1599 569 1663; x_wconf 91' lang='lat' dir='ltr'><strong>nudis</strong></span> <span class='ocrx_word' id='word_1_100' title='bbox 583 1599 712 1665; x_wconf 86' lang='lat' dir='ltr'><strong>foemina</strong></span> <span class='ocrx_word' id='word_1_101' title='bbox 727 1600 825 1665; x_wconf 85' lang='lat' dir='ltr'><strong>mixta</strong></span> <span class='ocrx_word' id='word_1_102' title='bbox 838 1598 925 1664; x_wconf 84' lang='lat' dir='ltr'><strong>viris.</strong></span> 
     </span>
     <span class='ocr_line' id='line_1_14' title="bbox 126 1699 634 1789; baseline 0.01 -26"><span class='ocrx_word' id='word_1_103' title='bbox 126 1699 197 1765; x_wconf 79' lang='lat' dir='ltr'><strong>Vitl.</strong></span> <span class='ocrx_word' id='word_1_104' title='bbox 214 1701 369 1788; x_wconf 80' lang='lat' dir='ltr'><strong>Propertii</strong></span> <span class='ocrx_word' id='word_1_105' title='bbox 385 1722 416 1789; x_wconf 79' lang='lat'><strong>3,</strong></span> <span class='ocrx_word' id='word_1_106' title='bbox 430 1721 477 1788; x_wconf 80' lang='lat'><strong>13.</strong></span> <span class='ocrx_word' id='word_1_107' title='bbox 494 1703 634 1768; x_wconf 84' lang='lat' dir='ltr'><strong>BARN.</strong></span> 
     </span>
    </p>

    <p class='ocr_par' dir='ltr' id='par_1_5' title="bbox 167 1803 707 1892">
     <span class='ocr_line' id='line_1_15' title="bbox 167 1803 707 1892; baseline 0.006 -25"><span class='ocrx_word' id='word_1_108' title='bbox 167 1824 240 1888; x_wconf 87' lang='lat'>599.</span> <span class='ocrx_word' id='word_1_109' title='bbox 258 1803 456 1892; x_wconf 82' lang='grc' dir='ltr'>ἆνασχετοὺς]</span> <span class='ocrx_word' id='word_1_110' title='bbox 473 1807 644 1889; x_wconf 79' lang='grc' dir='ltr'>ἀνασχετᾶς</span> <span class='ocrx_word' id='word_1_111' title='bbox 659 1807 707 1870; x_wconf 90' lang='grc' dir='ltr'><strong>Η.</strong></span> 
     </span>
    </p>

    <p class='ocr_par' dir='ltr' id='par_1_6' title="bbox 124 1906 1225 2920">
     <span class='ocr_line' id='line_1_16' title="bbox 168 1906 1225 1995; baseline 0.002 -25"><span class='ocrx_word' id='word_1_112' title='bbox 168 1910 241 1992; x_wconf 84' lang='lat'><strong>603.</strong></span> <span class='ocrx_word' id='word_1_113' title='bbox 256 1908 310 1971; x_wconf 86' lang='grc' dir='ltr'><strong>τὸν</strong></span> <span class='ocrx_word' id='word_1_114' title='bbox 325 1908 543 1991; x_wconf 79' lang='grc' dir='ltr'>σὸν-φίλιον]</span> <span class='ocrx_word' id='word_1_115' title='bbox 561 1906 710 1995; x_wconf 90' lang='lat' dir='ltr'><strong>Elliptice</strong></span> <span class='ocrx_word' id='word_1_116' title='bbox 724 1907 847 1972; x_wconf 87' lang='lat' dir='ltr'><strong>dicitur.</strong></span> <span class='ocrx_word' id='word_1_117' title='bbox 898 1907 996 1972; x_wconf 87' lang='lat' dir='ltr'><strong>Plena</strong></span> <span class='ocrx_word' id='word_1_118' title='bbox 1010 1906 1091 1972; x_wconf 89' lang='lat' dir='ltr'><strong>enim</strong></span> <span class='ocrx_word' id='word_1_119' title='bbox 1108 1907 1225 1973; x_wconf 89' lang='lat' dir='ltr'><strong>locutio</strong></span> 
     </span>
     <span class='ocr_line' id='line_1_17' title="bbox 124 2009 1225 2096; baseline 0.005 -24"><span class='ocrx_word' id='word_1_120' title='bbox 124 2009 233 2073; x_wconf 80' lang='lat' dir='ltr'><strong>fuisset</strong></span> <span class='ocrx_word' id='word_1_121' title='bbox 253 2010 306 2074; x_wconf 87' lang='grc' dir='ltr'><strong>τὸν</strong></span> <span class='ocrx_word' id='word_1_122' title='bbox 324 2011 382 2074; x_wconf 91' lang='grc' dir='ltr'><strong>σὸν</strong></span> <span class='ocrx_word' id='word_1_123' title='bbox 401 2013 510 2075; x_wconf 82' lang='grc' dir='ltr'>Φίλων</span> <span class='ocrx_word' id='word_1_124' title='bbox 525 2015 594 2076; x_wconf 89' lang='grc' dir='ltr'><strong>Δία.</strong></span> <span class='ocrx_word' id='word_1_125' title='bbox 613 2027 648 2076; x_wconf 90' lang='lat' dir='ltr'><strong>ut</strong></span> <span class='ocrx_word' id='word_1_126' title='bbox 664 2011 790 2076; x_wconf 89' lang='lat' dir='ltr'><strong>Hecub.</strong></span> <span class='ocrx_word' id='word_1_127' title='bbox 807 2034 836 2076; x_wconf 90' lang='lat' dir='ltr'><strong>v.</strong></span> <span class='ocrx_word' id='word_1_128' title='bbox 853 2029 926 2096; x_wconf 85' lang='lat'><strong>345.</strong></span> <span class='ocrx_word' id='word_1_129' title='bbox 943 2012 997 2076; x_wconf 86' lang='grc' dir='ltr'><strong>τὸν</strong></span> <span class='ocrx_word' id='word_1_130' title='bbox 1011 2012 1085 2092; x_wconf 79' lang='grc' dir='ltr'>έμδν</span> <span class='ocrx_word' id='word_1_131' title='bbox 1096 2011 1225 2078; x_wconf 85' lang='grc' dir='ltr'>Ἱκέσιον</span> 
     </span>
     <span class='ocr_line' id='line_1_18' title="bbox 126 2112 1225 2204; baseline 0.004 -27"><span class='ocrx_word' id='word_1_132' title='bbox 126 2115 197 2177; x_wconf 91' lang='grc' dir='ltr'><strong>Δία.</strong></span> <span class='ocrx_word' id='word_1_133' title='bbox 244 2112 329 2176; x_wconf 90' lang='lat' dir='ltr'><strong>Solet</strong></span> <span class='ocrx_word' id='word_1_134' title='bbox 351 2127 454 2176; x_wconf 89' lang='lat' dir='ltr'><strong>autem</strong></span> <span class='ocrx_word' id='word_1_135' title='bbox 472 2116 533 2178; x_wconf 88' lang='grc' dir='ltr'><strong>Δία</strong></span> <span class='ocrx_word' id='word_1_136' title='bbox 551 2114 582 2177; x_wconf 93' lang='lat' dir='ltr'><strong>in</strong></span> <span class='ocrx_word' id='word_1_137' title='bbox 599 2115 778 2202; x_wconf 91' lang='lat' dir='ltr'><strong>hujusmodi</strong></span> <span class='ocrx_word' id='word_1_138' title='bbox 794 2114 1014 2192; x_wconf 86' lang='lat' dir='ltr'><strong>locutionibus,</strong></span> <span class='ocrx_word' id='word_1_139' title='bbox 1030 2116 1137 2181; x_wconf 89' lang='lat' dir='ltr'><strong>saltem</strong></span> <span class='ocrx_word' id='word_1_140' title='bbox 1154 2134 1225 2204; x_wconf 92' lang='lat' dir='ltr'><strong>post</strong></span> 
     </span>
     <span class='ocr_line' id='line_1_19' title="bbox 125 2214 1224 2301; baseline 0.005 -23"><span class='ocrx_word' id='word_1_141' title='bbox 125 2217 240 2296; x_wconf 89' lang='grc' dir='ltr'>φίλιον,</span> <span class='ocrx_word' id='word_1_142' title='bbox 256 2214 386 2292; x_wconf 81' lang='lat' dir='ltr'><strong>reticeri,</strong></span> <span class='ocrx_word' id='word_1_143' title='bbox 403 2215 484 2279; x_wconf 90' lang='lat' dir='ltr'><strong>utin</strong></span> <span class='ocrx_word' id='word_1_144' title='bbox 500 2215 553 2279; x_wconf 96' lang='lat' dir='ltr'><strong>illo</strong></span> <span class='ocrx_word' id='word_1_145' title='bbox 568 2221 622 2281; x_wconf 73' lang='lat' dir='ltr'><strong>Mt</strong></span> <span class='ocrx_word' id='word_1_146' title='bbox 636 2218 690 2283; x_wconf 78' lang='grc' dir='ltr'><strong>τὸν</strong></span> <span class='ocrx_word' id='word_1_147' title='bbox 703 2221 816 2301; x_wconf 82' lang='grc' dir='ltr'>φίλιον,</span> <span class='ocrx_word' id='word_1_148' title='bbox 833 2218 887 2283; x_wconf 78' lang='grc' dir='ltr'><strong>τὸν</strong></span> <span class='ocrx_word' id='word_1_149' title='bbox 901 2221 975 2298; x_wconf 76' lang='grc' dir='ltr'>ἐμόν</span> <span class='ocrx_word' id='word_1_150' title='bbox 987 2245 1021 2284; x_wconf 89' lang='grc' dir='ltr'><strong>τε</strong></span> <span class='ocrx_word' id='word_1_151' title='bbox 1041 2221 1090 2284; x_wconf 84' lang='grc' dir='ltr'><strong>καὶ</strong></span> <span class='ocrx_word' id='word_1_152' title='bbox 1104 2220 1171 2298; x_wconf 80' lang='grc' dir='ltr'>σὸν,</span> <span class='ocrx_word' id='word_1_153' title='bbox 1187 2219 1224 2284; x_wconf 84' lang='grc' dir='ltr'><strong>δν</strong></span> 
     </span>
     <span class='ocr_line' id='line_1_20' title="bbox 126 2317 1225 2407; baseline 0.005 -27"><span class='ocrx_word' id='word_1_154' title='bbox 126 2320 185 2400; x_wconf 74' lang='grc' dir='ltr'><strong>ἐγὼ</strong></span> <span class='ocrx_word' id='word_1_155' title='bbox 206 2317 299 2397; x_wconf 84' lang='grc' dir='ltr'>ἥκιστ’</span> <span class='ocrx_word' id='word_1_156' title='bbox 320 2317 358 2382; x_wconf 77' lang='grc' dir='ltr'><strong>ἂν</strong></span> <span class='ocrx_word' id='word_1_157' title='bbox 374 2318 588 2400; x_wconf 76' lang='grc' dir='ltr'>ἐπιορκήσαιμι.</span> <span class='ocrx_word' id='word_1_158' title='bbox 634 2318 726 2384; x_wconf 86' lang='lat' dir='ltr'><strong>Plato</strong></span> <span class='ocrx_word' id='word_1_159' title='bbox 741 2319 845 2384; x_wconf 80' lang='lat' dir='ltr'><strong>Alcib.</strong></span> <span class='ocrx_word' id='word_1_160' title='bbox 861 2341 890 2384; x_wconf 89' lang='lat'><strong>1.</strong></span> <span class='ocrx_word' id='word_1_161' title='bbox 906 2343 938 2407; x_wconf 88' lang='lat' dir='ltr'><strong>p.</strong></span> <span class='ocrx_word' id='word_1_162' title='bbox 954 2341 1013 2405; x_wconf 91' lang='lat'><strong>109</strong></span> <span class='ocrx_word' id='word_1_163' title='bbox 1030 2323 1073 2385; x_wconf 90' lang='lat' dir='ltr'><strong>D.</strong></span> <span class='ocrx_word' id='word_1_164' title='bbox 1120 2321 1171 2386; x_wconf 84' lang='lat' dir='ltr'><strong>Sic</strong></span> <span class='ocrx_word' id='word_1_165' title='bbox 1192 2339 1225 2386; x_wconf 86' lang='lat' dir='ltr'><strong>et</strong></span> 
     </span>
     <span class='ocr_line' id='line_1_21' title="bbox 126 2420 1225 2512; baseline 0.005 -27"><span class='ocrx_word' id='word_1_166' title='bbox 126 2420 287 2485; x_wconf 90' lang='lat' dir='ltr'><strong>Lucianus</strong></span> <span class='ocrx_word' id='word_1_167' title='bbox 301 2421 333 2484; x_wconf 92' lang='lat' dir='ltr'><strong>in</strong></span> <span class='ocrx_word' id='word_1_168' title='bbox 350 2421 627 2508; x_wconf 89' lang='lat' dir='ltr'><strong>Icaro-Menippo:</strong></span> <span class='ocrx_word' id='word_1_169' title='bbox 651 2425 725 2502; x_wconf 75' lang='grc' dir='ltr'>μηδὲ</span> <span class='ocrx_word' id='word_1_170' title='bbox 738 2422 813 2504; x_wconf 82' lang='grc' dir='ltr'>πρὸς</span> <span class='ocrx_word' id='word_1_171' title='bbox 828 2424 936 2488; x_wconf 77' lang='grc' dir='ltr'>Φιλίου</span> <span class='ocrx_word' id='word_1_172' title='bbox 949 2449 988 2504; x_wconf 84' lang='grc' dir='ltr'><strong>με</strong></span> <span class='ocrx_word' id='word_1_173' title='bbox 1000 2423 1138 2512; x_wconf 78' lang='grc' dir='ltr'>περιίδῃς.</span> <span class='ocrx_word' id='word_1_174' title='bbox 1162 2428 1225 2490; x_wconf 84' lang='grc' dir='ltr'>λεί-</span> 
     </span>
     <span class='ocr_line' id='line_1_22' title="bbox 125 2523 1225 2610; baseline 0.005 -24"><span class='ocrx_word' id='word_1_175' title='bbox 125 2548 193 2587; x_wconf 90' lang='grc' dir='ltr'>πειν</span> <span class='ocrx_word' id='word_1_176' title='bbox 218 2524 302 2590; x_wconf 83' lang='grc' dir='ltr'>θεοὺς</span> <span class='ocrx_word' id='word_1_177' title='bbox 327 2523 487 2601; x_wconf 88' lang='lat' dir='ltr'><strong>dicuntur,</strong></span> <span class='ocrx_word' id='word_1_178' title='bbox 510 2523 577 2610; x_wconf 90' lang='lat' dir='ltr'><strong>qui,</strong></span> <span class='ocrx_word' id='word_1_179' title='bbox 604 2524 702 2588; x_wconf 90' lang='lat' dir='ltr'><strong>solum</strong></span> <span class='ocrx_word' id='word_1_180' title='bbox 730 2539 898 2603; x_wconf 88' lang='lat' dir='ltr'><strong>mutantes,</strong></span> <span class='ocrx_word' id='word_1_181' title='bbox 925 2527 1033 2591; x_wconf 72' lang='lat' dir='ltr'><strong>tutelae</strong></span> <span class='ocrx_word' id='word_1_182' title='bbox 1057 2549 1165 2591; x_wconf 85' lang='lat' dir='ltr'><strong>eorum</strong></span> <span class='ocrx_word' id='word_1_183' title='bbox 1192 2549 1225 2592; x_wconf 90' lang='lat' dir='ltr'><strong>se</strong></span> 
     </span>
     <span class='ocr_line' id='line_1_23' title="bbox 125 2625 1225 2716; baseline 0.009 -28"><span class='ocrx_word' id='word_1_184' title='bbox 125 2625 317 2703; x_wconf 87' lang='lat' dir='ltr'><strong>subducunt,</strong></span> <span class='ocrx_word' id='word_1_185' title='bbox 344 2641 381 2690; x_wconf 93' lang='lat' dir='ltr'><strong>ut</strong></span> <span class='ocrx_word' id='word_1_186' title='bbox 404 2627 562 2714; x_wconf 85' lang='lat' dir='ltr'><strong>AEgyptii,</strong></span> <span class='ocrx_word' id='word_1_187' title='bbox 586 2650 666 2714; x_wconf 89' lang='lat' dir='ltr'><strong>quos</strong></span> <span class='ocrx_word' id='word_1_188' title='bbox 693 2628 942 2693; x_wconf 85' lang='lat' dir='ltr'><strong>Psammetichus</strong></span> <span class='ocrx_word' id='word_1_189' title='bbox 968 2631 1052 2697; x_wconf 83' lang='grc' dir='ltr'>θεοὺς</span> <span class='ocrx_word' id='word_1_190' title='bbox 1073 2628 1225 2716; x_wconf 69' lang='grc' dir='ltr'>πατρῴους</span> 
     </span>
     <span class='ocr_line' id='line_1_24' title="bbox 125 2729 1224 2820; baseline 0.004 -27"><span class='ocrx_word' id='word_1_191' title='bbox 125 2730 284 2793; x_wconf 76' lang='grc' dir='ltr'>ἀπολιπεῖν</span> <span class='ocrx_word' id='word_1_192' title='bbox 306 2729 358 2793; x_wconf 80' lang='grc' dir='ltr'><strong>οὐκ</strong></span> <span class='ocrx_word' id='word_1_193' title='bbox 381 2729 425 2793; x_wconf 88' lang='grc' dir='ltr'><strong>έα.</strong></span> <span class='ocrx_word' id='word_1_194' title='bbox 442 2729 563 2794; x_wconf 86' lang='lat' dir='ltr'><strong>Herod.</strong></span> <span class='ocrx_word' id='word_1_195' title='bbox 579 2752 610 2817; x_wconf 90' lang='lat' dir='ltr'><strong>p.</strong></span> <span class='ocrx_word' id='word_1_196' title='bbox 627 2731 695 2794; x_wconf 81' lang='lat'><strong>116.</strong></span> <span class='ocrx_word' id='word_1_197' title='bbox 711 2730 762 2795; x_wconf 85' lang='lat' dir='ltr'><strong>ed.</strong></span> <span class='ocrx_word' id='word_1_198' title='bbox 780 2732 886 2795; x_wconf 85' lang='lat' dir='ltr'><strong>Wess.</strong></span> <span class='ocrx_word' id='word_1_199' title='bbox 924 2731 1025 2796; x_wconf 83' lang='lat' dir='ltr'><strong>Valde</strong></span> <span class='ocrx_word' id='word_1_200' title='bbox 1044 2731 1224 2820; x_wconf 79' lang='lat' dir='ltr'><strong>appositum</strong></span> 
     </span>
     <span class='ocr_line' id='line_1_25' title="bbox 125 2830 1165 2920; baseline 0.004 -25"><span class='ocrx_word' id='word_1_201' title='bbox 125 2847 184 2912; x_wconf 89' lang='lat' dir='ltr'><strong>est,</strong></span> <span class='ocrx_word' id='word_1_202' title='bbox 200 2832 285 2919; x_wconf 90' lang='lat' dir='ltr'><strong>quod</strong></span> <span class='ocrx_word' id='word_1_203' title='bbox 301 2830 341 2894; x_wconf 92' lang='lat' dir='ltr'><strong>de</strong></span> <span class='ocrx_word' id='word_1_204' title='bbox 356 2831 480 2896; x_wconf 88' lang='lat' dir='ltr'><strong>Helena</strong></span> <span class='ocrx_word' id='word_1_205' title='bbox 495 2831 589 2897; x_wconf 86' lang='lat' dir='ltr'><strong>habet</strong></span> <span class='ocrx_word' id='word_1_206' title='bbox 605 2831 739 2897; x_wconf 89' lang='lat' dir='ltr'><strong>Ovidius</strong></span> <span class='ocrx_word' id='word_1_207' title='bbox 754 2832 890 2920; x_wconf 88' lang='lat' dir='ltr'><strong>Epistol.</strong></span> <span class='ocrx_word' id='word_1_208' title='bbox 906 2835 1027 2900; x_wconf 81' lang='lat' dir='ltr'><strong>(Enon.</strong></span> <span class='ocrx_word' id='word_1_209' title='bbox 1046 2857 1077 2900; x_wconf 88' lang='lat' dir='ltr'><strong>v.</strong></span> <span class='ocrx_word' id='word_1_210' title='bbox 1093 2836 1165 2901; x_wconf 79' lang='lat'><strong>126.</strong></span> 
     </span>
    </p>

    <p class='ocr_par' dir='ltr' id='par_1_7' title="bbox 126 2933 937 3226">
     <span class='ocr_line' id='line_1_26' title="bbox 298 2933 937 3024; baseline 0.005 -27"><span class='ocrx_word' id='word_1_211' title='bbox 298 2933 446 2998; x_wconf 90' lang='lat' dir='ltr'><strong>Deseruit</strong></span> <span class='ocrx_word' id='word_1_212' title='bbox 460 2935 570 3014; x_wconf 88' lang='lat' dir='ltr'><strong>socios,</strong></span> <span class='ocrx_word' id='word_1_213' title='bbox 586 2935 708 3022; x_wconf 88' lang='lat' dir='ltr'><strong>hospite</strong></span> <span class='ocrx_word' id='word_1_214' title='bbox 723 2952 823 3024; x_wconf 87' lang='lat' dir='ltr'><strong>capta,</strong></span> <span class='ocrx_word' id='word_1_215' title='bbox 841 2936 937 3002; x_wconf 89' lang='lat' dir='ltr'><strong>Deos.</strong></span> 
     </span>
     <span class='ocr_line' id='line_1_27' title="bbox 126 3037 817 3119; baseline 0.003 -19"><span class='ocrx_word' id='word_1_216' title='bbox 126 3038 268 3101; x_wconf 87' lang='lat' dir='ltr'><strong>MUSG.</strong></span> <span class='ocrx_word' id='word_1_217' title='bbox 291 3062 339 3119; x_wconf 88' lang='grc' dir='ltr'><strong>γρ.</strong></span> <span class='ocrx_word' id='word_1_218' title='bbox 355 3037 389 3100; x_wconf 89' lang='grc' dir='ltr'><strong>τδ</strong></span> <span class='ocrx_word' id='word_1_219' title='bbox 405 3037 462 3100; x_wconf 87' lang='grc' dir='ltr'><strong>σδν</strong></span> <span class='ocrx_word' id='word_1_220' title='bbox 477 3037 549 3101; x_wconf 88' lang='lat' dir='ltr'><strong>Par.</strong></span> <span class='ocrx_word' id='word_1_221' title='bbox 566 3037 606 3101; x_wconf 89' lang='grc' dir='ltr'><strong>Β.</strong></span> <span class='ocrx_word' id='word_1_222' title='bbox 651 3039 697 3102; x_wconf 92' lang='lat' dir='ltr'><strong>Et</strong></span> <span class='ocrx_word' id='word_1_223' title='bbox 712 3037 756 3103; x_wconf 87' lang='lat' dir='ltr'><strong>sic</strong></span> <span class='ocrx_word' id='word_1_224' title='bbox 771 3039 817 3102; x_wconf 91' lang='lat' dir='ltr'><strong>H.</strong></span> 
     </span>
     <span class='ocr_line' id='line_1_28' title="bbox 170 3138 530 3226; baseline 0.003 -23"><span class='ocrx_word' id='word_1_225' title='bbox 170 3141 245 3203; x_wconf 92' lang='lat'><strong>610.</strong></span> <span class='ocrx_word' id='word_1_226' title='bbox 260 3141 294 3202; x_wconf 85' lang='grc' dir='ltr'><strong>οὔ</strong></span> <span class='ocrx_word' id='word_1_227' title='bbox 309 3139 352 3226; x_wconf 90' lang='grc' dir='ltr'><strong>τι]</strong></span> <span class='ocrx_word' id='word_1_228' title='bbox 369 3140 437 3202; x_wconf 81' lang='grc' dir='ltr'>οὔτε</span> <span class='ocrx_word' id='word_1_229' title='bbox 452 3138 530 3204; x_wconf 87' lang='lat' dir='ltr'><strong>Ald.</strong></span> 
     </span>
    </p>
   </div>
   <div class='ocr_carea' id='block_1_3' title="bbox 126 3241 1277 4466">
    <p class='ocr_par' dir='ltr' id='par_1_8' title="bbox 127 3241 1225 3536">
     <span class='ocr_line' id='line_1_29' title="bbox 170 3241 1225 3329; baseline 0.003 -24"><span class='ocrx_word' id='word_1_230' title='bbox 170 3242 344 3323; x_wconf 79' lang='grc' dir='ltr'>έποήριοας]</span> <span class='ocrx_word' id='word_1_231' title='bbox 360 3243 518 3323; x_wconf 77' lang='grc' dir='ltr'>ἐπουρίσας</span> <span class='ocrx_word' id='word_1_232' title='bbox 537 3264 593 3329; x_wconf 74' lang='lat' dir='ltr'><strong>per</strong></span> <span class='ocrx_word' id='word_1_233' title='bbox 608 3241 782 3325; x_wconf 77' lang='grc' dir='ltr'>ἐφορμήσας</span> <span class='ocrx_word' id='word_1_234' title='bbox 795 3241 1018 3329; x_wconf 79' lang='lat' dir='ltr'><strong>interpretatur</strong></span> <span class='ocrx_word' id='word_1_235' title='bbox 1034 3241 1225 3329; x_wconf 83' lang='lat' dir='ltr'><strong>Hesychius,</strong></span> 
     </span>
     <span class='ocr_line' id='line_1_30' title="bbox 129 3343 1225 3431; baseline 0.002 -23"><span class='ocrx_word' id='word_1_236' title='bbox 129 3343 181 3408; x_wconf 92' lang='lat' dir='ltr'><strong>ubi</strong></span> <span class='ocrx_word' id='word_1_237' title='bbox 204 3343 336 3407; x_wconf 89' lang='lat' dir='ltr'><strong>editores</strong></span> <span class='ocrx_word' id='word_1_238' title='bbox 358 3347 519 3427; x_wconf 77' lang='grc' dir='ltr'>ἐπούρισας</span> <span class='ocrx_word' id='word_1_239' title='bbox 539 3344 701 3431; x_wconf 84' lang='lat' dir='ltr'><strong>corrigunt</strong></span> <span class='ocrx_word' id='word_1_240' title='bbox 725 3343 923 3431; x_wconf 85' lang='lat' dir='ltr'><strong>glossamque</strong></span> <span class='ocrx_word' id='word_1_241' title='bbox 946 3344 987 3409; x_wconf 92' lang='lat' dir='ltr'><strong>ad</strong></span> <span class='ocrx_word' id='word_1_242' title='bbox 1013 3344 1097 3409; x_wconf 92' lang='lat' dir='ltr'><strong>hunc</strong></span> <span class='ocrx_word' id='word_1_243' title='bbox 1123 3344 1225 3410; x_wconf 88' lang='lat' dir='ltr'><strong>locum</strong></span> 
     </span>
     <span class='ocr_line' id='line_1_31' title="bbox 127 3447 455 3536; baseline 0 -25"><span class='ocrx_word' id='word_1_244' title='bbox 127 3447 289 3536; x_wconf 88' lang='lat' dir='ltr'><strong>Euripidis</strong></span> <span class='ocrx_word' id='word_1_245' title='bbox 303 3448 455 3512; x_wconf 81' lang='lat' dir='ltr'><strong>referunt.</strong></span> 
     </span>
    </p>

    <p class='ocr_par' dir='ltr' id='par_1_9' title="bbox 126 3546 1227 3718">
     <span class='ocr_line' id='line_1_32' title="bbox 169 3546 1227 3638; baseline 0 -24"><span class='ocrx_word' id='word_1_246' title='bbox 169 3554 244 3634; x_wconf 89' lang='lat'><strong>619.</strong></span> <span class='ocrx_word' id='word_1_247' title='bbox 266 3552 374 3635; x_wconf 82' lang='grc' dir='ltr'>ηὕδαν]</span> <span class='ocrx_word' id='word_1_248' title='bbox 399 3547 474 3638; x_wconf 77' lang='grc' dir='ltr'>ᾖδον</span> <span class='ocrx_word' id='word_1_249' title='bbox 497 3551 571 3614; x_wconf 85' lang='lat' dir='ltr'><strong>Par.</strong></span> <span class='ocrx_word' id='word_1_250' title='bbox 591 3550 630 3614; x_wconf 90' lang='grc' dir='ltr'><strong>Β.</strong></span> <span class='ocrx_word' id='word_1_251' title='bbox 647 3549 733 3614; x_wconf 87' lang='lat' dir='ltr'><strong>Flor.</strong></span> <span class='ocrx_word' id='word_1_252' title='bbox 748 3567 794 3612; x_wconf 91' lang='lat'><strong>10.</strong></span> <span class='ocrx_word' id='word_1_253' title='bbox 809 3570 819 3612; x_wconf 82' lang='grc' dir='ltr'>ι</span> <span class='ocrx_word' id='word_1_254' title='bbox 825 3565 857 3634; x_wconf 89' lang='grc'><strong>5.</strong></span> <span class='ocrx_word' id='word_1_255' title='bbox 880 3546 967 3634; x_wconf 90' lang='lat' dir='ltr'><strong>quod</strong></span> <span class='ocrx_word' id='word_1_256' title='bbox 989 3547 1130 3636; x_wconf 89' lang='lat' dir='ltr'><strong>ineptum</strong></span> <span class='ocrx_word' id='word_1_257' title='bbox 1154 3548 1227 3615; x_wconf 90' lang='lat' dir='ltr'><strong>huic</strong></span> 
     </span>
     <span class='ocr_line' id='line_1_33' title="bbox 126 3651 411 3718; baseline 0.004 -3"><span class='ocrx_word' id='word_1_258' title='bbox 126 3651 194 3717; x_wconf 94' lang='lat' dir='ltr'><strong>loco</strong></span> <span class='ocrx_word' id='word_1_259' title='bbox 209 3655 339 3718; x_wconf 89' lang='lat' dir='ltr'><strong>verbum</strong></span> <span class='ocrx_word' id='word_1_260' title='bbox 354 3666 411 3717; x_wconf 90' lang='lat' dir='ltr'><strong>est.</strong></span> 
     </span>
    </p>

    <p class='ocr_par' dir='ltr' id='par_1_10' title="bbox 128 3753 1227 3942">
     <span class='ocr_line' id='line_1_34' title="bbox 171 3753 1227 3842; baseline 0.002 -23"><span class='ocrx_word' id='word_1_261' title='bbox 171 3759 243 3820; x_wconf 83' lang='lat'><strong>626.</strong></span> <span class='ocrx_word' id='word_1_262' title='bbox 274 3755 360 3842; x_wconf 83' lang='grc' dir='ltr'>έχης]</span> <span class='ocrx_word' id='word_1_263' title='bbox 387 3758 466 3840; x_wconf 84' lang='grc' dir='ltr'>έχεις</span> <span class='ocrx_word' id='word_1_264' title='bbox 492 3757 564 3820; x_wconf 85' lang='lat' dir='ltr'><strong>Par.</strong></span> <span class='ocrx_word' id='word_1_265' title='bbox 588 3757 633 3819; x_wconf 85' lang='lat' dir='ltr'><strong>A.</strong></span> <span class='ocrx_word' id='word_1_266' title='bbox 659 3754 743 3819; x_wconf 87' lang='lat' dir='ltr'><strong>Flor.</strong></span> <span class='ocrx_word' id='word_1_267' title='bbox 764 3773 813 3817; x_wconf 90' lang='lat'><strong>10.</strong></span> <span class='ocrx_word' id='word_1_268' title='bbox 837 3755 885 3818; x_wconf 89' lang='lat' dir='ltr'><strong>H.</strong></span> <span class='ocrx_word' id='word_1_269' title='bbox 908 3753 973 3817; x_wconf 91' lang='lat' dir='ltr'><strong>Gu.</strong></span> <span class='ocrx_word' id='word_1_270' title='bbox 1020 3755 1227 3822; x_wconf 82' lang='lat' dir='ltr'><strong>Scribendam</strong></span> 
     </span>
     <span class='ocr_line' id='line_1_35' title="bbox 128 3858 483 3942; baseline 0.006 -22"><span class='ocrx_word' id='word_1_271' title='bbox 128 3858 209 3942; x_wconf 79' lang='grc' dir='ltr'>ἔχοις</span> <span class='ocrx_word' id='word_1_272' title='bbox 222 3882 293 3922; x_wconf 89' lang='lat' dir='ltr'><strong>cum</strong></span> <span class='ocrx_word' id='word_1_273' title='bbox 311 3858 483 3923; x_wconf 81' lang='lat' dir='ltr'><strong>Brunclrio.</strong></span> 
     </span>
    </p>

    <p class='ocr_par' dir='ltr' id='par_1_11' title="bbox 127 3958 1229 4334">
     <span class='ocr_line' id='line_1_36' title="bbox 170 3958 1226 4047; baseline 0.002 -24"><span class='ocrx_word' id='word_1_274' title='bbox 170 3964 242 4044; x_wconf 83' lang='lat'><strong>629.</strong></span> <span class='ocrx_word' id='word_1_275' title='bbox 266 3961 334 4025; x_wconf 78' lang='grc' dir='ltr'>ἀλλ’</span> <span class='ocrx_word' id='word_1_276' title='bbox 358 3963 397 4029; x_wconf 80' lang='grc' dir='ltr'>ὣς</span> <span class='ocrx_word' id='word_1_277' title='bbox 418 3964 531 4029; x_wconf 75' lang='grc' dir='ltr'>ἐσεῖδες</span> <span class='ocrx_word' id='word_1_278' title='bbox 552 3960 684 4047; x_wconf 86' lang='grc' dir='ltr'>μαστὸν]</span> <span class='ocrx_word' id='word_1_279' title='bbox 700 3958 755 4024; x_wconf 84' lang='lat' dir='ltr'><strong>Ad</strong></span> <span class='ocrx_word' id='word_1_280' title='bbox 779 3959 865 4024; x_wconf 89' lang='lat' dir='ltr'><strong>hunc</strong></span> <span class='ocrx_word' id='word_1_281' title='bbox 884 3958 987 4024; x_wconf 90' lang='lat' dir='ltr'><strong>locum</strong></span> <span class='ocrx_word' id='word_1_282' title='bbox 1010 3960 1135 4047; x_wconf 84' lang='lat' dir='ltr'><strong>respicit</strong></span> <span class='ocrx_word' id='word_1_283' title='bbox 1150 3961 1226 4025; x_wconf 86' lang='lat' dir='ltr'><strong>Ari-</strong></span> 
     </span>
     <span class='ocr_line' id='line_1_37' title="bbox 127 4059 1228 4151; baseline 0.002 -26"><span class='ocrx_word' id='word_1_284' title='bbox 127 4063 228 4148; x_wconf 85' lang='lat' dir='ltr'><strong>stoph.</strong></span> <span class='ocrx_word' id='word_1_285' title='bbox 246 4064 323 4151; x_wconf 88' lang='lat' dir='ltr'><strong>Lys.</strong></span> <span class='ocrx_word' id='word_1_286' title='bbox 338 4084 409 4149; x_wconf 87' lang='lat'><strong>155.</strong></span> <span class='ocrx_word' id='word_1_287' title='bbox 425 4067 441 4127; x_wconf 87' lang='grc' dir='ltr'>ὁ</span> <span class='ocrx_word' id='word_1_288' title='bbox 455 4071 518 4147; x_wconf 80' lang='grc' dir='ltr'><strong>γῶν</strong></span> <span class='ocrx_word' id='word_1_289' title='bbox 534 4063 694 4130; x_wconf 90' lang='grc' dir='ltr'>Μενέλαος</span> <span class='ocrx_word' id='word_1_290' title='bbox 708 4067 761 4130; x_wconf 83' lang='grc' dir='ltr'>τᾶς</span> <span class='ocrx_word' id='word_1_291' title='bbox 773 4059 905 4130; x_wconf 80' lang='grc' dir='ltr'>Ἑλένας</span> <span class='ocrx_word' id='word_1_292' title='bbox 919 4065 956 4128; x_wconf 72' lang='grc' dir='ltr'><strong>τὸ</strong></span> <span class='ocrx_word' id='word_1_293' title='bbox 974 4062 1058 4144; x_wconf 74' lang='grc' dir='ltr'>μᾶλά</span> <span class='ocrx_word' id='word_1_294' title='bbox 1070 4088 1114 4127; x_wconf 92' lang='grc' dir='ltr'><strong>πα</strong></span> <span class='ocrx_word' id='word_1_295' title='bbox 1132 4061 1137 4149; x_wconf 85' lang='grc' dir='ltr'>Ι</span> <span class='ocrx_word' id='word_1_296' title='bbox 1156 4089 1228 4144; x_wconf 74' lang='grc' dir='ltr'>γνμ·</span> 
     </span>
     <span class='ocr_line' id='line_1_38' title="bbox 128 4162 1229 4252; baseline 0.001 -23"><span class='ocrx_word' id='word_1_297' title='bbox 128 4171 181 4234; x_wconf 82' lang='grc' dir='ltr'>νᾶς</span> <span class='ocrx_word' id='word_1_298' title='bbox 202 4169 367 4248; x_wconf 83' lang='grc' dir='ltr'>παρενιδὼν</span> <span class='ocrx_word' id='word_1_299' title='bbox 389 4164 510 4246; x_wconf 69' lang='grc' dir='ltr'>ἐξέβαλ’</span> <span class='ocrx_word' id='word_1_300' title='bbox 530 4169 581 4229; x_wconf 75' lang='lat' dir='ltr'><strong>ota</strong></span> <span class='ocrx_word' id='word_1_301' title='bbox 604 4166 638 4229; x_wconf 84' lang='grc' dir='ltr'><strong>τδ</strong></span> <span class='ocrx_word' id='word_1_302' title='bbox 661 4167 757 4248; x_wconf 70' lang='grc' dir='ltr'>ξίφος.</span> <span class='ocrx_word' id='word_1_303' title='bbox 781 4164 833 4228; x_wconf 88' lang='lat' dir='ltr'><strong>ubi</strong></span> <span class='ocrx_word' id='word_1_304' title='bbox 857 4162 966 4252; x_wconf 82' lang='lat' dir='ltr'><strong>tragici</strong></span> <span class='ocrx_word' id='word_1_305' title='bbox 989 4164 1084 4229; x_wconf 77' lang='lat' dir='ltr'><strong>verbu</strong></span> <span class='ocrx_word' id='word_1_306' title='bbox 1104 4186 1229 4252; x_wconf 81' lang='lat' dir='ltr'><strong>compa·</strong></span> 
     </span>
     <span class='ocr_line' id='line_1_39' title="bbox 128 4267 394 4334; baseline 0.008 -4"><span class='ocrx_word' id='word_1_307' title='bbox 128 4268 206 4332; x_wconf 84' lang='lat' dir='ltr'><strong>ravit</strong></span> <span class='ocrx_word' id='word_1_308' title='bbox 222 4267 394 4334; x_wconf 80' lang='lat' dir='ltr'><strong>scholiasta</strong></span> 
     </span>
    </p>

    <p class='ocr_par' dir='ltr' id='par_1_12' title="bbox 170 4367 1277 4466">
     <span class='ocr_line' id='line_1_40' title="bbox 170 4367 1277 4466; baseline 0.003 -32"><span class='ocrx_word' id='word_1_309' title='bbox 170 4370 254 4457; x_wconf 79' lang='grc' dir='ltr'>ἀλλ’]</span> <span class='ocrx_word' id='word_1_310' title='bbox 274 4372 312 4436; x_wconf 84' lang='grc' dir='ltr'><strong>σὺ</strong></span> <span class='ocrx_word' id='word_1_311' title='bbox 331 4370 355 4435; x_wconf 84' lang='grc' dir='ltr'><strong>δ’</strong></span> <span class='ocrx_word' id='word_1_312' title='bbox 368 4369 511 4436; x_wconf 89' lang='lat' dir='ltr'><strong>Galenus</strong></span> <span class='ocrx_word' id='word_1_313' title='bbox 527 4370 587 4435; x_wconf 89' lang='lat' dir='ltr'><strong>vol.</strong></span> <span class='ocrx_word' id='word_1_314' title='bbox 604 4390 634 4455; x_wconf 90' lang='grc'><strong>5.</strong></span> <span class='ocrx_word' id='word_1_315' title='bbox 650 4392 682 4456; x_wconf 91' lang='lat' dir='ltr'><strong>p.</strong></span> <span class='ocrx_word' id='word_1_316' title='bbox 698 4386 767 4452; x_wconf 77' lang='lat'><strong>147.</strong></span> <span class='ocrx_word' id='word_1_317' title='bbox 784 4385 815 4434; x_wconf 92' lang='lat' dir='ltr'><strong>et</strong></span> <span class='ocrx_word' id='word_1_318' title='bbox 831 4370 977 4434; x_wconf 86' lang='lat' dir='ltr'><strong>Clemens</strong></span> <span class='ocrx_word' id='word_1_319' title='bbox 991 4367 1048 4433; x_wconf 87' lang='lat' dir='ltr'><strong>Al.</strong></span> <span class='ocrx_word' id='word_1_320' title='bbox 1065 4371 1179 4438; x_wconf 90' lang='lat' dir='ltr'><strong>Strom.</strong></span> <span class='ocrx_word' id='word_1_321' title='bbox 1198 4390 1226 4437; x_wconf 86' lang='lat'><strong>2.</strong></span> <span class='ocrx_word' id='word_1_322' title='bbox 1271 4459 1277 4466; x_wconf 12' lang='grc' dir='ltr'><em>ρ</em></span> 
     </span>
    </p>
   </div>
   <div class='ocr_carea' id='block_1_4' title="bbox 127 4474 250 4559">
    <p class='ocr_par' dir='ltr' id='par_1_13' title="bbox 127 4474 250 4559">
     <span class='ocr_line' id='line_1_41' title="bbox 127 4474 250 4559; baseline 0.008 -2"><span class='ocrx_word' id='word_1_323' title='bbox 127 4494 159 4558; x_wconf 82' lang='lat' dir='ltr'><strong>r·</strong></span> <span class='ocrx_word' id='word_1_324' title='bbox 174 4474 250 4559; x_wconf 83' lang='lat'><strong>485·</strong></span> 
     </span>
    </p>
   </div>
   <div class='ocr_carea' id='block_1_5' title="bbox 0 0 1441 4914">
    <p class='ocr_par' dir='ltr' id='par_1_14' title="bbox 0 0 1441 4914">
     <span class='ocr_line' id='line_1_42' title="bbox 0 0 1441 4914; baseline 0 0"><span class='ocrx_word' id='word_1_325' title='bbox 0 0 1441 4914; x_wconf 95' lang='lat' dir='ltr'><strong> </strong></span> 
     </span>
    </p>
   </div>
  </div>
 </body>
</html>
