2864 4914
223 282 287 351 478
581 282 962 347 ANNOTATIONES

247 503 249 507 .
268 451 340 534 884
356 455 510 535 πρόφασιν
525 454 599 518 Par.
615 455 656 518 Β.
671 453 758 519 Flor.
783 474 807 519 1.
824 471 853 519 2.
877 455 932 533 rhu
945 454 1100 536 πρόφασιν
1115 452 1192 517 Ald.

266 556 298 641 ἤ]
319 554 526 620 Scribeudum
541 553 560 636 ᾗ
574 578 646 620 cum
662 554 788 630 Bothio.
811 554 835 642 φ
851 555 1066 642 Musgravius.

268 659 407 739 ἐκόμισεν
422 656 642 721 Marklandus.
666 655 777 738 ἐκόμιό
793 656 873 721 libri.

269 761 308 824 88
310 776 342 844 5.
358 757 483 841 ἀγάγοις
498 758 712 825 Blomfieldus.
737 758 851 843 ἀγάγῃς
864 759 946 825 libri.

268 865 481 944 νυμφεύσουσα
495 862 674 927 BarnesiuS.
713 861 804 925 Libri
820 863 1021 944 νυμφεύουσα.

268 965 345 1029 886.
359 963 476 1051 καὶσὺ]
491 965 531 1044 σὴ
547 966 632 1029 Flor.
651 984 679 1028 1.
697 982 725 1029 2.

268 1067 342 1152 889.
363 1067 438 1149 891.
467 1067 507 1130 In
537 1067 599 1130 fine
627 1065 742 1130 horum
769 1088 917 1129 versuum
944 1065 1110 1153 typothete
1138 1065 1330 1130 Oxoniensis

224 1168 348 1256 signum
364 1167 574 1254 interrogandi
588 1167 703 1256 posuit,
718 1189 818 1253 quum
833 1183 987 1254 punctum
1002 1168 1143 1233 deberet.

269 1273 343 1355 889.
359 1271 484 1354 τέκνων]
502 1275 615 1335 παίδων
629 1271 704 1334 Par.
720 1272 763 1334 A.

270 1375 342 1458 899.
358 1376 403 1457 αφ
414 1379 437 1452 ;]
456 1373 556 1435 Error
570 1370 754 1458 typothetae,
768 1369 824 1456 qui
838 1393 959 1434 commu
974 1393 1089 1457 ponere
1103 1369 1246 1434 debebat.

269 1495 342 1558 901.
356 1473 487 1557 γεγῶτα]
506 1479 637 1556 γεγῶπον
651 1494 748 1558 supra
758 1472 907 1560 scriptum
923 1472 955 1536 in
973 1475 1044 1537 Par.
1055 1474 1181 1537 A.B.C.
1204 1479 1328 1555 γεγῶτα

225 1577 361 1640 refertur
381 1575 422 1640 nd
444 1577 492 1653 σὲ,
515 1597 555 1639 ex
577 1573 828 1661 praecedentibus
851 1574 954 1639 verbis
972 1575 1007 1639 τδ
1033 1575 1091 1639 σὸν
1113 1579 1186 1658 γόνυ
1209 1575 1326 1640 intelli·

223 1679 372 1766 gendum.

211 1825 213 1829 -
266 1800 341 1864 902.
363 1778 489 1864 ἢτίνοο]
508 1777 598 1844 Libri
615 1781 663 1845 ἐπὶ
678 1781 768 1848 τίνος.
813 1779 1005 1845 Emendavit
1021 1781 1191 1844 Porsonus.
1227 1780 1328 1846 Geni-

224 1881 308 1946 tivus
324 1881 442 1968 regitur
456 1904 476 1945 a
489 1881 567 1962 περὶ,
583 1881 670 1967 quod
684 1880 717 1945 iu
731 1881 829 1946 altero
843 1881 984 1946 membro
997 1881 1135 1969 positum
1149 1897 1208 1946 est.

267 2004 340 2069 909.
355 2008 393 2048 σε
407 1983 529 2048 addidit
544 1982 767 2049 Marklandus.

266 2088 340 2169 πρὸς
352 2086 477 2169 μητέρος
492 2085 713 2152 Marklandus.
751 2086 842 2151 Libri
857 2089 930 2169 πρός
943 2113 975 2152 τε
989 2086 1122 2169 μητέρος.

268 2212 343 2275 910.
357 2193 532 2277 ἀμυναθεῖν]
552 2190 754 2256 Scribebatur
769 2189 941 2272 ἆμυνόθειν.

267 2312 340 2378 912.
355 2294 449 2380 γελᾷ]
467 2294 600 2357 Frustra
616 2291 826 2357 Marklandus
840 2290 946 2361 πόλος.

267 2410 342 2479 917.
357 2395 459 2482 φόρει]
475 2391 578 2478 φέρειν
594 2396 666 2459 Par.
682 2396 806 2458 A.B.C.

267 2516 340 2581 919.
359 2498 548 2578 ὑψηλόφρων
566 2520 617 2576 μοι
638 2495 729 2576 θυμὸς
750 2498 863 2577 αἴρεται
884 2498 1002 2584 πρόσω]
1028 2496 1188 2561 Usitatunr
1210 2496 1242 2560 iu
1266 2498 1326 2563 hac

223 2597 438 2683 similibusque
452 2596 662 2661 locutionibus
675 2612 722 2661 est
736 2599 806 2662 δυο.
850 2600 1038 2685 Suspectum
1053 2602 1166 2680 πρόσω,
1181 2600 1269 2685 quod
1293 2601 1325 2664 in

223 2701 346 2782 προσόν
373 2698 560 2763 mutandum
586 2698 753 2763 videbatur
775 2701 970 2780 Hermanno,
995 2699 1054 2766 nisi
1080 2700 1229 2765 nonnulla
1252 2717 1327 2789 post

223 2803 309 2867 hunc
323 2824 445 2866 versum
461 2800 641 2866 exciderint.

270 2924 343 2988 920.
367 2902 538 2988 ἐπίσταται]
562 2904 722 2984 ἐπίσταμαι
746 2906 951 2991 Musgravius
971 2906 1184 2992 probabiliter.
1229 2907 1325 2972 Idem

224 3004 405 3070 Archilochi
422 3004 517 3068 verba
529 3020 688 3092 comparat
702 3005 789 3093 apud
811 3007 971 3072 Stobaeuur
988 3028 1040 3085 20,
1058 3010 1109 3074 28.
1125 3011 1197 3089 θυμέ
1212 3009 1327 3090 θύμ’-

223 3110 306 3174 ἀλλὰ
319 3111 477 3193 χαρτοῖσίν
491 3134 523 3173 τε
537 3116 626 3192 χοῖρε
640 3111 688 3174 καὶ
702 3116 837 3174 κακοῖσιν
851 3110 976 3194 δσχόλα
988 3111 1029 3191 μὴ
1043 3111 1165 3189 λίηυ-.

266 3230 340 3296 922.
358 3231 432 3297 923.
450 3213 520 3275 Hos
535 3234 652 3291 versus,
667 3211 722 3298 qui
737 3211 874 3276 dubitari
888 3227 992 3299 potest
1005 3235 1046 3277 an
1060 3235 1122 3277 non
1139 3213 1200 3276 sint
1214 3213 1327 3301 scripti

221 3314 263 3379 ab
278 3314 444 3401 Euripide,
459 3312 555 3377 choro
570 3312 713 3377 tribuunt
727 3313 807 3378 libri.
832 3315 977 3380 Correxit
991 3315 1039 3379 vir
1049 3315 1161 3380 doctus
1174 3315 1207 3378 in
1221 3316 1327 3382 diario

222 3416 349 3481 classico
362 3417 436 3480 fasc.
451 3435 483 3501 3.
498 3437 531 3501 p.
544 3416 619 3479 612.
656 3415 835 3481 Delendum
850 3438 971 3480 commu
986 3432 1056 3504 post
1070 3423 1197 3499 βροτῶν.

265 3539 341 3603 929.
356 3521 497 3597 πείσομαι
511 3516 641 3581 codices,
665 3519 829 3598 πεισόμεθα
844 3516 921 3581 Ald.

266 3641 340 3706 93¹·
360 3620 436 3702 Ἀρη
458 3618 591 3697 codices,
613 3619 726 3705 purtim
749 3642 846 3706 supra
866 3619 983 3708 scripto
996 3618 1092 3703 Ἀρει,
1114 3623 1202 3709 quod
1222 3623 1326 3689 estin

265 3823 299 3886 τὸ
316 3822 477 3886 Βοοόιοιιο.
501 3826 541 3909 τφ
556 3822 639 3887 libri.

264 3944 337 4010 933.
368 3925 387 3987 δ
412 3925 447 4003 δὴ
476 3922 537 3988 κατ’
564 3925 658 4006 ἄνδρα
685 3928 821 4007 γίγνεται
850 3927 987 4013 νεανίου]
1020 3930 1180 4002 Quantum
1210 3940 1257 3993 est
1287 3934 1326 3995 ιἰι

209 4049 343 4115 prevent.

264 4150 338 4215 934.
355 4131 543 4217 καταστελῶ]
562 4129 601 4194 Id
617 4143 664 4193 est
678 4129 805 4209 sedabo,
820 4131 974 4197 dolentem
990 4131 1115 4197 leniam.

263 4234 337 4318 938.
354 4231 472 4317 καὶμὴ]
487 4232 527 4311 μὴ
543 4235 591 4295 καὶ
606 4234 634 4296 F
637 4232 692 4295 lor.
713 4252 739 4297 1.
756 4253 786 4298 2.

263 4350 444 4420 942-974.
461 4336 576 4398 Versus
598 4334 707 4421 spurii,
724 4335 765 4400 ab
779 4336 903 4401 homine
925 4337 1031 4424 scripti
1056 4340 1214 4422 Εὐριπίδου
1230 4351 1327 4409 πλεῖν

220 4435 239 4517 ἢ
256 4439 365 4522 σταδίῳ
380 4434 560 4522 λαλιστέρῳ,
576 4451 611 4501 ut
625 4436 721 4501 verbo
735 4452 806 4502 utar
822 4437 1052 4527 Aristophanis.
