2864 4914
537 298 605 363 ΑΙ)
628 297 854 362 MEDEAM.
1181 295 1246 367 269

192 467 283 549 1356.
300 465 485 553 οὔθ-οὗθ’]
503 468 708 534 scribendum
725 466 889 535 οὐδ’-ού8
904 489 976 532 cum
993 465 1153 532 Elmsleio.

187 569 343 655 προσθεὶς]
360 572 480 651 προθεὶς
494 572 583 648 AB,
600 571 685 636 Flor.
705 590 754 657 15.
766 590 798 638 et
809 572 887 637 Ald.
914 570 1026 635 Phoen.
1041 571 1116 657 583.
1131 570 1155 636 ὦ
1171 575 1248 637 κακὸ

143 671 362 751 μνηστεύματα,
375 670 536 754 Ἄδραστε,
552 677 681 755 προσθεῖ
697 725 704 739 .

191 787 281 855 1357.
297 775 382 839 άνοτὶ
397 774 577 839 Elmsleius.
600 778 702 841 άνατεὶ
716 776 795 841 libri.

186 874 277 952 τῆσδέ
289 875 336 960 μ’]
352 875 433 956 τῆσδ’
450 876 493 957 ἔμ’
509 880 552 942 A.

190 976 283 1059 1358.
300 979 373 1042 Hoc
389 1001 479 1043 versu
497 980 597 1044 utitur
613 980 731 1045 Macho
744 979 831 1068 apud
843 982 964 1047 Athen.
980 1004 1014 1069 p.
1024 996 1085 1066 577
1099 983 1142 1060 D,
1159 981 1245 1048 κάλει

143 1076 173 1140 in
190 1078 288 1160 κράτει
304 1096 433 1145 mutato.

189 1198 281 1267 1359.
297 1182 404 1268 πέδον]
423 1185 484 1247 Per
499 1183 650 1264 σπήλαιον
665 1184 800 1273 explicat
813 1184 856 1272 gl.
873 1185 905 1249 in
922 1186 962 1248 B.

191 1287 282 1368 1360.
297 1286 368 1370 χρὴ]
388 1286 593 1351 Scribendum
610 1292 685 1371 χρῆν
699 1311 772 1352 cum
788 1286 927 1352 Reiskio.

191 1390 279 1470 1362.
304 1390 370 1452 λύει
392 1388 416 1452 δ’
433 1390 527 1470 άλγος
549 1388 721 1476 significare
743 1412 833 1476 posse
853 1403 947 1477 putet
970 1391 1101 1454 Porson.
1117 1392 1243 1470 minuit,

142 1488 225 1552 ἰοναά
252 1512 351 1554 meum
378 1491 522 1570 dolorem,
546 1494 575 1556 ei
601 1501 636 1556 tu
664 1514 728 1555 mm
752 1492 878 1557 irrideo.
919 1494 968 1556 At
992 1494 1077 1557 λύειν
1106 1514 1167 1557 non
1197 1507 1245 1558 est

142 1594 294 1670 minuere,
317 1595 433 1673 levare,
460 1594 513 1659 sed
537 1595 651 1674 tollere,
675 1594 761 1680 quod
786 1594 837 1658 vix
863 1607 943 1681 puto
969 1592 1117 1659 Medeam
1140 1595 1245 1660 dicere

143 1693 290 1778 potuisse.
336 1696 463 1759 Durum
486 1696 580 1761 etiam
603 1699 670 1762 λύει
691 1697 832 1783 subjecto
854 1696 1052 1775 destitutum,
1068 1696 1159 1784 cujus
1178 1696 1244 1762 vioe

142 1796 231 1883 fungi
247 1796 379 1863 dicenda
393 1816 465 1863 sunt
482 1800 576 1864 verbo
590 1798 627 1879 ἢν
642 1801 681 1865 σὺ
701 1800 741 1879 μὴ
762 1798 893 1884 ’γγελᾷς,
910 1822 968 1886 pro
983 1800 1016 1863 τὸ
1035 1802 1072 1862 σὲ
1093 1800 1133 1881 μὴ
1156 1803 1243 1883 dryc-

142 1904 202 1963 λᾶν
223 1900 289 1963 λύει
311 1902 376 1979 ἐμοὶ
399 1903 501 1984 άλγος.
548 1903 654 1989 Igitur
675 1901 824 1967 anckeu.
850 1926 974 1990 sequor,
996 1902 1051 1990 qui
1073 1903 1113 1968 ad
1140 1903 1242 1992 Hipp.

141 2022 214 2082 441.
231 2001 366 2088 explicat
380 2011 545 2069 λυσιτελεῖ.
568 2006 762 2069 ΜΑΤΤΗ.

184 2104 224 2182 μὴ
238 2103 377 2188 ’γγελιῖς]
392 2106 431 2184 μὴ
447 2111 540 2190 γελᾷς
555 2106 599 2172 Α.
614 2106 730 2192 aliique
745 2107 898 2172 nonnulli.

189 2210 282 2292 1365.
299 2209 379 2271 οὗτοι
395 2208 512 2291 νιν-γ’
529 2210 744 2272 Hermannus.
775 2209 957 2295 Legebntur
972 2211 1007 2274 ού
1020 2211 1121 2274 τοίνυν
1137 2211 1244 2293 (οὔτοι-

145 2334 198 2371 ννν
214 2306 384 2390 Η.)-σφ’.

192 2413 283 2496 1366.
300 2412 349 2474 σοὶ
363 2411 478 2475 excidit
493 2435 532 2475 ex
549 2415 588 2475 Β.

187 2515 356 2598 νεοδμῆτες]
375 2517 528 2594 νεύδμητοι
543 2516 636 2579 Rom.
654 2515 690 2578 C.
708 2515 736 2578 F
739 2513 797 2578 lor.
813 2532 844 2576 2.
860 2514 952 2577 Lasc.

190 2620 282 2701 1367.
299 2626 360 2698 σφε
376 2618 532 2701 κήξίωσας]
551 2616 614 2699 σφύ
629 2619 656 2699 γ’
671 2617 799 2696 ἠξίωσας
813 2617 899 2680 A.B.
916 2614 1002 2681 Flor.
1021 2637 1072 2702 15.
1090 2618 1181 2682 [msc.

189 2736 282 2804 1371.
298 2719 392 2805 οἴμοι]
408 2721 482 2801 ὤμοι
497 2722 541 2783 Α.

188 2822 358 2903 Μιάστορες
371 2822 421 2886 1ιὶα
436 2837 509 2886 sunt
524 2821 699 2903 ἀλάστορες,
716 2821 776 2885 11οο
790 2835 849 2898 est,
864 2823 983 2904 τιμωροὶ
1002 2823 1150 2903 δαίμονες,
1165 2844 1244 2908 quo-

143 2949 215 2989 rum
231 2925 347 2988 mentio
360 2938 407 2989 est
428 2948 460 2988 v.
483 2941 573 3008 1027.
593 2943 686 3006 1227.
705 2943 797 3009 1300.
838 2924 959 2988 Eodem
976 2946 1079 3003 sensu,
1093 2923 1127 2987 ni
1141 2923 1244 3004 fallor,

145 3027 298 3091 Helenam
322 3027 376 3106 τὴν
397 3025 547 3095 Ἑλλάδος
567 3026 714 3107 μιάστορα
728 3024 866 3113 appellat
888 3026 1059 3114 Euripides
1074 3027 1129 3090 Or.
1149 3026 1243 3109 1584.

144 3129 264 3207 Nostri,
287 3129 336 3193 the
358 3130 421 3192 evil
434 3131 554 3216 genius
574 3129 745 3214 cffGrcece.
791 3127 884 3192 Idem
907 3128 960 3193 El.
977 3129 1051 3213 683.
1075 3127 1244 3194 homicidas

142 3232 305 3314 μιάστορας
318 3231 464 3318 appellat.
503 3234 575 3309 Quo
590 3253 680 3293 seusu
696 3229 776 3292 dixit
791 3244 822 3293 et
838 3229 1017 3311 ἀλάστορος.
1055 3231 1187 3295 Versum
1202 3253 1242 3295 ex

143 3337 211 3422 ejus
237 3334 433 3420 Melanippo,
458 3337 531 3400 ἴσως
553 3330 695 3413 άλύστορ’
723 3331 775 3394 οὐκ
802 3333 951 3412 ἐτόλμησε
980 3337 1110 3410 κτανεῖν,
1136 3331 1243 3398 attulit

145 3438 316 3502 Erotianus
330 3460 362 3523 p.
375 3438 425 3500 62.
450 3438 565 3500 ΕΙ.Μ.

190 3559 282 3626 1373.
297 3540 325 3623 γ’
340 3563 404 3604 om.
419 3540 497 3604 Ald.

191 3662 282 3731 1375.
299 3642 395 3727 ῥᾴδιοι
410 3641 449 3725 δ’]
467 3639 569 3726 ῥᾴδιαί
581 3637 608 3723 γ’
624 3638 703 3703 Ald.

191 3750 282 3831 1378.
306 3749 371 3811 ἐπεὶ
386 3751 467 3829 σφῖις
484 3748 526 3809 Α.
542 3758 707 3809 correctus.
746 3741 851 3829 Vulgo
874 3743 941 3807 ἐπεί
961 3750 1051 3824 σφας.
1095 3739 1242 3823 Ὀρθοτο·

146 3855 263 3912 νεῖσθαι
292 3848 474 3934 pronomina
504 3853 601 3929 σφῶν,
633 3847 733 3927 σφίσι,
760 3850 850 3927 σφᾶς,
879 3866 968 3908 secus
995 3866 1032 3907 ac
1057 3852 1129 3925 σφε,
1155 3852 1241 3925 σφιν,

146 3966 274 4014 monent
287 3965 406 4015 veteres
419 3949 623 4037 grammatici.
667 3946 775 4011 Aldus
788 3947 821 4010 in
837 3945 895 4010 hac
914 3969 948 4010 re
969 3968 1082 4032 parum
1096 3945 1155 4009 sibi
1170 3969 1243 4010 con-

143 4066 215 4118 stat.
259 4055 344 4117 Nam
366 4058 446 4135 σφῖις
466 4052 555 4117 dedit
576 4049 662 4138 apud
686 4048 871 4137 Sophoclem
888 4047 967 4112 OEd.
984 4049 1028 4112 Τ.
1048 4064 1139 4130 1470.
1154 4049 1242 4136 apud

144 4156 329 4243 Euripidem
346 4157 402 4219 Or.
421 4170 515 4237 1127.
530 4153 644 4218 Bacch.
658 4172 731 4238 231.
741 4171 814 4235 955.
828 4151 901 4236 958.
926 4154 1008 4234 οφζις
1022 4152 1108 4238 apud
1121 4152 1243 4239 Sopho-

142 4260 219 4324 clem
237 4259 316 4323 (Ed.
340 4259 382 4321 T.
401 4257 493 4342 1508.
516 4260 598 4339 σφὸς
619 4255 705 4342 apud
728 4252 917 4342 AEschylum
941 4256 1048 4318 Prom.
1062 4273 1136 4335 442.
1160 4264 1243 4336 σφας

142 4363 227 4449 apud
242 4359 427 4449 Sophoclem
443 4358 524 4423 OEd.
540 4360 576 4423 C.
592 4358 669 4439 486.
685 4360 765 4422 Ant.
784 4357 855 4422 128.
871 4355 926 4443 Aj.
943 4358 1017 4441 839.
1061 4356 1151 4421 Idem
1168 4357 1240 4438 σφί.

144 4490 193 4527 σιν
206 4463 292 4550 apud
309 4461 497 4548 AEschylum
514 4462 619 4525 Prom.
635 4462 711 4541 480.
725 4458 811 4545 apud
836 4458 1020 4544 Sophoclem
1036 4459 1116 4525 OEd.
1132 4461 1171 4523 C.
1184 4477 1238 4544 59.
