2864 4914
558 269 627 332 AD
649 269 904 335 ALCESTIN.
1219 272 1285 339 327

225 456 278 519 49.
295 442 353 525 χρῇ
369 438 554 504 schaeferus.
577 442 635 524 χρὴ
650 440 729 505 libri.

223 558 276 621 50.
292 546 353 608 τοῖς
365 541 527 626 μέλλουσι]
547 544 786 610 cunctantibus.

223 660 276 721 51.
306 642 365 725 ἔχιν
390 641 485 725 λόγον
507 644 542 724 δὴ
565 647 612 709 καὶ
634 648 799 728 προθυμίαν
821 646 927 732 σέθεν]
952 649 1074 712 Datum
1095 670 1117 711 a
1138 657 1168 712 tt
1177 648 1281 734 fidem

181 742 271 806 video
282 747 469 832 accipioque.
487 749 691 813 PFLUGK.

223 861 277 927 52.
301 846 360 910 ἔστ’
380 850 433 913 οῦν
451 851 675 935 ὅπως-μόλοι]
694 852 744 916 De
765 854 995 918 constructione
1016 852 1099 918 conf.
1114 852 1280 941 Aristopb.

181 947 275 1034 Vesp.
289 967 364 1032 472.

221 1054 276 1136 56.
292 1055 396 1137 γραῦς]
416 1054 456 1118 Id
472 1072 519 1120 est
532 1063 624 1139 γραῦς
638 1059 725 1123 σῦσα.

222 1173 276 1238 57.
294 1158 616 1246 ἐχόντων]1)ι’νι’ίιιπι.

221 1258 275 1342 58.
296 1260 394 1342 σοφάς
416 1274 554 1339 vocatur,
578 1263 664 1349 quod
687 1276 853 1350 argutatur
875 1261 916 1326 de
936 1261 1082 1325 omnibus
1102 1262 1279 1347 grandaevis

180 1361 274 1425 verba
289 1363 447 1450 Apollinis
462 1364 678 1452 interpretans.
724 1367 854 1431 Monuit
871 1369 1083 1430 Hermannus.

220 1482 272 1549 59.
296 1468 340 1534 als
361 1467 500 1552 πάρεστι]
520 1470 570 1536 οῦς
591 1470 717 1552 πάρεστι
732 1469 817 1534 Flor.
834 1472 940 1536 A.10.
955 1490 1004 1555 15.
1021 1473 1067 1536 H.
1089 1471 1134 1538 οἶς
1152 1470 1277 1553 πάρεστι

178 1591 218 1632 sc.
236 1569 269 1633 τὸ
285 1570 435 1634 ὠνεῖσθαι.
453 1573 643 1636 ΜΑΤΤΗ.

221 1689 271 1755 70.
286 1693 337 1756 71.
354 1674 432 1739 κοῦθ
447 1676 465 1755 ἡ
480 1674 547 1758 παρ’
562 1677 644 1755 ἡμῶν
660 1702 709 1740 σοι
723 1675 883 1760 γενήσεται
897 1675 983 1760 χάρις
998 1675 1118 1757 δράσεις
1132 1674 1157 1740 θ’
1170 1676 1275 1755 ὁμοίως

177 1773 266 1848 ταῦτ’,
283 1776 448 1860 άπεχθήσει
469 1776 494 1841 τ’
519 1777 558 1862 (δ’
581 1778 668 1843 Flor.
683 1780 727 1843 A.
743 1781 808 1861 10.)
832 1779 914 1862 ἐμαί]
934 1779 1045 1865 Neque
1066 1799 1088 1840 α
1106 1778 1195 1842 nabis
1216 1780 1275 1843 tibi

174 1880 237 1941 erit
253 1882 370 1965 gratia
391 1891 421 1946 et
442 1891 545 1945 tamen
570 1883 639 1946 bac
648 1884 759 1969 saties
781 1891 810 1946 et
831 1881 910 1944 mibi
919 1882 987 1965 fles
1007 1882 1144 1944 invisas.
1189 1881 1272 1944 'Pam

174 1982 303 2046 confuse
332 1996 364 2046 et
388 1983 493 2070 inepte
516 1984 657 2070 loquitur
687 2001 721 2049 ut
746 1985 882 2070 ineptius
905 1982 958 2046 vix
987 1982 1134 2067 potuerit.
1179 1982 1273 2060 Quod

174 2106 273 2169 quum
298 2085 438 2149 sensisset
458 2089 672 2163 Hermannus‚
687 2087 791 2168 δράσει
813 2085 1010 2150 scribendum
1032 2085 1174 2171 conjecit,
1192 2087 1274 2149 Her-

174 2184 275 2250 culem
298 2187 483 2275 intelligens.
528 2190 645 2253 Verum
670 2189 728 2253 boc
747 2189 772 2253 si
789 2187 936 2252 voluisset
950 2202 1053 2274 poeta,
1069 2187 1197 2252 dixisset
1213 2187 1273 2251 sal·

175 2302 237 2352 tem
252 2289 356 2372 δράσει
370 2290 394 2353 τ’
411 2294 523 2359 ἐκεῖνος
541 2297 643 2368 ταῦτα,
659 2314 725 2377 quo
746 2290 929 2377 pronomine
952 2289 1052 2354 multo
1074 2291 1172 2377 magis
1193 2314 1273 2376 opus

173 2407 241 2456 erat
264 2416 358 2478 quam
386 2393 439 2456 illo
463 2396 587 2474 baulos:
622 2392 760 2479 nequid
787 2393 827 2457 de
848 2392 951 2457 verbis
973 2392 1138 2476 δπεχθήσει
1159 2392 1182 2455 τ’
1207 2395 1276 2473 ἐμοί

173 2493 286 2573 dicam,
302 2495 355 2559 ubi
372 2497 477 2583 potius
491 2499 531 2562 σά
544 2496 568 2559 τ’
585 2496 751 2580 άπεχθήσει
766 2498 831 2578 ἐμοὶ
850 2495 911 2559 dici
932 2494 1074 2559 debebat.
1121 2496 1272 2560 Manifes-

173 2614 241 2662 tum
257 2599 333 2662 mihi
349 2598 473 2662 videtur
490 2614 660 2686 utrumque
674 2622 797 2663 versum
813 2622 833 2662 e
853 2599 1057 2686 grammatico
1078 2621 1143 2662 esse
1165 2598 1270 2684 adjec-

173 2714 253 2778 tum,
278 2700 334 2787 qui
359 2701 445 2788 quod
471 2702 661 2789 cogitaverat
684 2703 795 2785 δράσας
823 2728 857 2766 τε
885 2706 976 2766 ταῦτα
1005 2700 1171 2784 άπεχθήσει
1206 2704 1274 2782 ἐμοί

173 2817 272 2866 metro
287 2819 447 2891 utcunque
462 2804 591 2890 aptavit,
607 2804 795 2891 loquacitate
810 2820 914 2868 autem
935 2827 992 2868 sua
1014 2825 1075 2866 non
1098 2803 1199 2881 auxit,
1215 2804 1269 2868 sed

171 2927 360 2992 magnopere
381 2907 554 2971 debilitavit
576 2908 819 2995 praecedentinm
842 2907 903 2970 vim
927 2906 1081 2970 dictorum
1098 2906 1267 2992 Apollinis,

170 3031 244 3093 quae
264 3008 422 3095 aptissime
440 3008 672 3074 concluduntur
688 3011 837 3097 gravibus
853 3009 901 3074 bis
915 3008 1151 3097 minoribusque
1167 3010 1269 3076 verbis

169 3113 224 3195 βία
239 3118 364 3193 γυναῖκα
378 3111 465 3191 τήνδε
480 3110 507 3175 o’
524 3110 720 3193 ἐξαιρήσεται.

213 3230 265 3296 74.
289 3214 489 3296 κατάρχεσθαι
507 3217 560 3278 τοῦ
579 3216 696 3295 ίερείου,
712 3212 762 3278 vel
779 3213 959 3302 simpliciter
974 3213 1184 3298 κατάρχεσθαι,
1200 3229 1267 3280 erat

167 3318 332 3402 auspicari
346 3338 450 3392 sacra,
462 3315 548 3401 quod
562 3315 648 3402 apud
665 3332 783 3381 veteres
796 3317 925 3381 Graecos
939 3317 1047 3394 fiebat,
1056 3316 1266 3382 abscindendo

168 3417 248 3504 pilos
262 3441 280 3482 a
295 3418 398 3482 fronte
407 3417 551 3496 victima,
565 3427 586 3456 “
598 3441 678 3504 quos
692 3433 811 3506 postea,
827 3434 974 3504 tanquam
991 3418 1092 3505 prima
1106 3417 1264 3498 libamina,

167 3521 233 3608 igni
247 3523 279 3585 in
294 3544 348 3585 ara
362 3543 490 3585 accenso
504 3521 736 3607 imponebant.”
758 3521 869 3585 Verbis
880 3536 953 3585 utor
964 3521 1093 3585 Kusteri
1107 3520 1147 3585 nd
1162 3520 1263 3587 Arist.

168 3625 233 3687 Av.
243 3626 318 3708 960.
335 3623 389 3710 qui
404 3624 521 3711 optime
537 3624 621 3687 hunc
637 3647 752 3688 morem
768 3623 913 3701 illustrat,
928 3622 1087 3687 advocatis
1102 3624 1264 3711 Hesychio

168 3726 368 3808 κατάρξασθαι
382 3732 434 3792 τοῦ
450 3728 565 3809 ἱερείου,
583 3733 640 3790 τῶν
655 3732 764 3810 τριχῶν
779 3725 964 3791 ἀποσπάσαι.
989 3725 1098 3789 Nostri
1113 3725 1167 3790 El.
1185 3727 1260 3814 815.

167 3828 200 3889 br
223 3832 313 3892 κανοῦ
334 3827 357 3891 δ’
375 3831 452 3893 ἑλὼν
467 3833 609 3911 Αἴγισθος
629 3828 720 3910 ὀρθὴν
739 3831 882 3911 σφαγίδα,
896 3830 1030 3911 μοσχίαν
1043 3831 1130 3913 τρίχα
1143 3833 1260 3910 Τεμιδν,

167 3925 214 4008 ἐφ’
239 3929 334 4009 ἁγνὸν
362 3935 419 4010 πῦρ
449 3930 535 4010 ἔθηκε
564 3933 654 4014 δεξιᾷ.
682 3929 771 4016 Virg.
797 3931 873 3993 AEn.
898 3932 927 3993 6.
953 3948 1025 4015 243.
1048 3932 1096 3995 Et
1121 3952 1262 3997 summat

164 4051 298 4116 carpens
326 4031 429 4094 media
456 4033 541 4096 inter
564 4041 799 4110 coronamus,
826 4033 965 4120 Ignibus
989 4034 1124 4118 imponit
1147 4036 1259 4112 sacris,

162 4132 316 4195 libamina
328 4134 445 4218 prima.
462 4135 541 4197 AEn.
558 4155 590 4214 4.
603 4135 677 4218 698.
701 4133 852 4196 Nondum
865 4134 1049 4220 iliiflovam
1065 4135 1261 4223 Proserpina

164 4236 277 4299 vertice
293 4236 412 4298 crinem
428 4236 618 4315 Abstulerat,
632 4238 808 4324 Stygioque
826 4247 921 4324 caput
943 4237 1152 4318 damnaverat
1168 4240 1259 4305 Orco.

163 4337 218 4401 ubi
241 4352 382 4401 nostrum
404 4337 505 4400 locum
525 4337 676 4424 respicere
690 4336 816 4402 videtur
830 4352 933 4424 poeta,
948 4337 1084 4401 eundem
1100 4339 1194 4403 ritum
1211 4365 1258 4405 sa-

162 4440 267 4506 crificii
283 4439 479 4527 Proserpina
494 4440 691 4519 transferens,
705 4461 798 4525 quem
816 4438 901 4526 apud
917 4439 1104 4528 Euripidem
1126 4462 1257 4532 occupat

683 4563 740 4622 ιι
1324 4496 1365 4633 θ
