2864 4914
210 301 275 371 466
567 302 949 371 ANNOTATIONES

208 474 299 542 Med.
315 479 389 562 629.
407 489 443 541 ut
460 476 615 553 dubitem,
630 498 671 540 sn
689 477 786 543 verba
808 477 842 546 δς
862 477 1027 561 μετριάζων
1039 490 1098 542 etc.
1120 476 1227 563 potius
1250 477 1318 541 sint

209 577 432 666 Theophrasti,
453 600 549 665 quum
573 577 796 644 Chaerenronis.
842 579 1012 667 Sequentia
1034 591 1139 644 sutem
1166 580 1274 662 διόπερ
1299 582 1318 642 δ

204 683 329 763 ποιητὴς
352 694 411 746 etc.
435 680 584 746 Athenaei
610 703 676 745 esse
701 680 859 760 videntur,
883 681 1042 746 memorius
1070 679 1159 769 lapsu
1184 680 1319 746 Chaere-

207 782 291 849 moni
307 784 483 863 tribuentis,
499 805 572 870 quus
587 796 660 847 sunt
676 783 848 871 Euripidis.
872 785 1065 848 MATTH.

249 900 326 972 549.
343 882 551 971 δίδυμ’-τόξ’]
578 887 629 950 De
648 885 774 951 duobus
794 886 931 950 arcubus
947 884 1114 972 Cupidinis
1129 883 1200 949 vide
1214 883 1317 948 Ovid.

208 989 341 1054 Metam.
362 1008 390 1065 1,
405 989 482 1068 468.
499 1011 584 1074 seqq.
610 988 766 1052 MARK.

249 1107 324 1175 557.
339 1089 658 1174 μετέχοιμι-πολλάν
673 1092 715 1174 δ’]
733 1090 774 1154 Id
789 1105 834 1154 est
849 1089 1004 1174 μετέχοιμι
1017 1090 1237 1169 μέν-τπολλδν
1253 1086 1292 1152 δ’.

249 1193 326 1278 558.
342 1190 366 1256 δ’
383 1190 541 1257 Reiskius.
579 1193 763 1279 Legebstur
777 1190 812 1257 τ’.

250 1297 325 1381 560.
349 1294 440 1360 Libri
455 1296 499 1360 sic
513 1294 665 1377 διάτροποι
680 1297 712 1360 δέ
727 1297 855 1377 τρόποις·
880 1297 896 1358 ὁ
912 1293 937 1358 δ’
953 1293 1042 1376 ὀρθὸς
1059 1293 1066 1379 Ι
1085 1293 1198 1358 έσθλὸν
1212 1293 1318 1376 σαφές

207 1401 276 1464 αἰεί.
297 1398 339 1463 nd
354 1420 491 1487 eumque
514 1397 642 1463 modum
658 1399 751 1464 etium
770 1397 919 1485 strophici
934 1396 1086 1484 dispositi.
1132 1394 1194 1460 Sed
1208 1416 1316 1481 quum

207 1500 309 1566 multo
322 1501 519 1566 verisimilius
533 1501 572 1566 sit
589 1524 678 1566 versu
700 1500 908 1565 Pherecratco
923 1513 1091 1588 systemata
1104 1497 1198 1577 finiri,
1213 1498 1318 1562 offen-

207 1603 255 1668 sui
278 1617 325 1668 cst
347 1603 451 1667 brevis
476 1603 595 1690 syllaba
619 1603 651 1667 in
681 1605 779 1686 ὀρθός.
825 1604 939 1689 Neque
965 1625 1040 1666 vero
1065 1600 1215 1665 sententis
1236 1616 1317 1688 apta

207 1704 343 1769 videtur.
388 1705 470 1768 Nam
494 1719 594 1770 rectos
616 1728 718 1769 mores
740 1728 861 1792 semper
875 1719 983 1791 aperte
1004 1707 1102 1770 bonos
1116 1726 1181 1768 esse
1200 1719 1318 1791 sponte

207 1819 313 1893 patet:
336 1807 515 1894 mirumque
530 1806 622 1871 etiam
638 1805 714 1871 illud
730 1821 788 1884 est,
803 1805 889 1893 quod
913 1809 1020 1890 φάσεις
1033 1805 1184 1871 dicuntur
1197 1806 1317 1888 διάτρο-
1420 1864 1424 1881 ,

206 1932 259 1973 τοι
280 1908 410 1991 τρόποις,
426 1907 482 1974 ubi
504 1907 563 1972 hoc
586 1908 691 1995 potius
708 1907 769 1973 dici
792 1924 964 1997 exspectes,
980 1924 1012 1973 ct
1026 1908 1150 1996 ingenia
1163 1922 1195 1973 et
1209 1928 1317 1972 mores

207 2009 342 2075 differre.
376 2012 458 2074 Haec
473 2010 548 2074 mihi
564 2010 773 2076 consideranti
789 2034 850 2076 non
867 2011 1077 2076 dubitandum
1093 2010 1218 2075 ridetur
1233 2011 1315 2097 quin

207 2112 276 2177 leve
290 2112 413 2190 vitium,
429 2113 517 2196 ὀρθὸς
537 2135 596 2201 pro
613 2116 706 2196 ὀρθῶς
728 2113 891 2202 scriptum,
906 2114 1015 2179 fecerit
1037 2127 1073 2178 ut
1094 2112 1218 2200 longius
1240 2136 1318 2200 pro-

207 2214 297 2302 gredi
319 2215 452 2280 mututio
473 2212 628 2281 debuerit.
674 2218 790 2302 Itaque
811 2217 935 2304 reposui
956 2218 1006 2302 [ex
1021 2217 1200 2305 conjecturs
1214 2217 1316 2280 Mus-

207 2317 318 2405 gruvii,
331 2316 388 2382 nisi
403 2318 489 2405 quod
504 2318 555 2382 bic
571 2318 723 2400 διάτροποι
736 2318 816 2383 male
830 2320 861 2383 in
873 2319 1054 2402 μετάτροποι
1069 2333 1180 2384 mutat.
1192 2319 1237 2383 G.
1249 2320 1313 2404 D.]

209 2419 359 2501 διάτροποι
374 2423 407 2485 δέ
423 2422 533 2502 τρόποι·
557 2420 591 2484 τό
606 2419 629 2484 δ’
645 2422 738 2502 ὀρθῶς
753 2420 867 2486 έσθλὸν
881 2425 979 2503 σαφὲς
994 2425 1062 2486 aiei.
1103 2420 1190 2486 Dicit
1203 2436 1315 2485 autem

209 2537 301 2608 poeta
316 2521 393 2586 hoc:
416 2523 544 2588 diversa
558 2532 635 2587 suut
647 2523 807 2589 hominum
823 2525 968 2611 iugenio,
979 2525 1099 2587 diuersi
1114 2545 1235 2588 mores:
1258 2525 1319 2589 sed

208 2625 286 2712 quid
307 2646 379 2689 vere
401 2627 514 2690 bonum
533 2628 584 2704 stt,
600 2647 721 2712 semper
735 2635 877 2713 apertum
896 2637 961 2690 est:
984 2627 1177 2714 mutilumque
1189 2629 1319 2714 confite

208 2727 253 2790 nd
266 2729 415 2792 virtutem
434 2729 583 2791 educatio.
608 2729 762 2792 HERM.
806 2729 906 2792 Recte
927 2728 994 2793 haec
1015 2729 1142 2816 corrigit
1163 2730 1318 2818 Musgn-

208 2828 287 2892 vius.
311 2829 492 2915 rpdootjam
510 2829 678 2893 Barnesius
692 2829 921 2894 emendaverat.

251 2934 327 3016 561.
343 2934 420 2996 Post
435 2935 485 2998 set
499 2933 586 3018 (libri
602 2935 676 3016 αἰεί)
693 2933 761 2998 οοΙο
776 2949 858 2999 recte
872 2933 1038 3021 distinguit
1053 2935 1269 3000 Hermannus.

251 3039 327 3119 562.
344 3036 383 3120 δ’]
402 3037 503 3100 Error
518 3035 730 3122 typotheticus
744 3035 888 3100 editionis
903 3036 1089 3101 Oxoniensis
1103 3060 1161 3124 pro
1175 3036 1211 3102 θ’.

250 3138 328 3222 563.
345 3137 491 3220 φέρουσιν
507 3137 675 3203 Heathius
699 3137 823 3221 φέρονσ’
839 3136 920 3203 libri.

252 3244 328 3327 564.
346 3243 442 3324 σοφία
457 3243 503 3304 Η.
521 3240 711 3328 Stephanus.
735 3242 829 3326 σοφόρ
843 3240 919 3304 Aid.
945 3241 1154 3305 “Verborum
1169 3241 1317 3308 ordinem

211 3344 253 3408 sic
276 3344 449 3408 constituo:
473 3345 509 3407 τό
525 3369 559 3407 τε
580 3346 638 3426 γὰρ
653 3345 800 3407 αἰδεῖσθαι
818 3344 914 3425 σοφία
934 3343 1010 3422 ἐστὶ,
1026 3343 1075 3407 καὶ
1093 3344 1126 3407 τὸ
1147 3346 1261 3428 έσορᾷν
1279 3348 1319 3411 τὸ

211 3446 280 3510 δέον
301 3446 389 3529 χάριν
413 3446 487 3529 ἔχει,
502 3460 532 3508 et
553 3444 679 3531 quidem
703 3448 759 3508 τδν
781 3444 1044 3523 ἐξαλλάσσουσαν,
1060 3469 1132 3531 quae
1153 3463 1320 3532 permuta-

211 3548 325 3612 tionem
345 3546 450 3625 efficit,
466 3570 520 3611 seu
535 3569 608 3632 quae
633 3545 716 3624 facit,
735 3561 770 3610 ut
786 3551 844 3633 pro'
858 3547 925 3634 ipss
939 3546 1059 3612 honesti
1075 3547 1200 3611 videndi
1214 3548 1320 3614 sucul-

211 3664 274 3713 tute
296 3664 412 3712 aeterna
433 3647 533 3734 gloria
556 3662 775 3733 consequatur.
820 3651 926 3726 Quum
954 3648 1051 3735 igitur
1076 3650 1162 3736 sequi
1184 3649 1320 3717 deberet

210 3752 364 3842 appositio
386 3755 476 3831 δόξαν
501 3751 654 3834 φέρουσαν
676 3751 764 3818 κλέος
787 3752 947 3834 ἀγήρατον,
970 3752 1230 3817 constructionem
1254 3753 1319 3817 im-

210 3854 355 3932 mutavit,
381 3855 454 3919 ἔνθα
479 3856 550 3932 δόξα
576 3853 662 3936 φέρει
688 3853 784 3920 κλέος.
830 3852 1079 3940 Distinguuntur
1106 3854 1188 3918 inter
1218 3878 1252 3918 se
1278 3858 1319 3920 τὸ

212 3961 368 4036 αἰδεῖσθαι,
384 3956 570 4020 verecundis
585 3954 745 4033 naturalis,
760 3978 833 4041 quae
855 3978 916 4017 non
941 3971 1003 4019 taur
1023 3955 1114 4020 certis
1135 3957 1318 4043 praeceptiS,

212 4083 306 4148 quam
323 4059 478 4144 exemplo,
495 4080 579 4121 more
595 4081 630 4121 nc
645 4055 870 4121 consuetudine
891 4057 923 4119 in
942 4057 1027 4121 bonu
1041 4057 1166 4144 ingenio
1180 4059 1320 4140 exsistit,

211 4177 243 4227 et
258 4163 291 4225 rb
308 4164 419 4244 έσορᾷν
433 4160 467 4222 τὸ
483 4159 552 4223 δέον
567 4159 623 4221 ὑπὸ
639 4159 767 4239 γνώμας,
785 4156 905 4222 honesti
922 4158 1027 4223 animo
1041 4175 1072 4224 et
1088 4160 1198 4225 mentis
1213 4161 1321 4227 inten-

211 4266 295 4331 tionc
310 4262 435 4327 videndi
452 4260 610 4324 facultas.”
634 4260 824 4322 MATTH.

255 4370 329 4453 567.
345 4368 416 4442 δόξα
432 4363 609 4427 Bnrnesius.
632 4363 721 4438 δόξαν
735 4359 816 4425 libri.

254 4468 329 4556 568.
344 4466 432 4550 βιοτᾷ
449 4462 667 4528 Marklandus.
706 4460 797 4526 Libri
811 4461 926 4542 βιοτάν.
