2864 4914
507 714 902 801 ORESTES.

595 940 815 989 -4—

155 1140 302 1228 HANG
319 1162 502 1250 tragoediam
517 1162 665 1227 archonte
676 1161 798 1241 Diocle,
810 1162 865 1248 qui
880 1184 1055 1249 eponymus
1066 1162 1127 1227 fuit
1137 1163 1254 1252 olymp.

155 1284 208 1347 92,
219 1289 252 1346 4,
263 1282 363 1331 actam
378 1289 444 1330 esse
455 1264 627 1329 scholiastae
637 1265 837 1329 annotatione
849 1263 998 1328 doeemur
1012 1264 1052 1328 ad
1068 1288 1096 1328 v.
1108 1280 1182 1350 371.
1198 1268 1255 1349 πρὸ

154 1375 211 1454 γδρ
221 1371 393 1446 Διοκλέους,
404 1371 451 1454 ἐφ’
464 1373 498 1435 οὗ
507 1372 560 1435 τὸν
571 1371 718 1454 Ὀρέστην
727 1371 851 1448 ἐδίδαξε,
861 1371 1101 1448 Λακεδαιμονίων
1109 1377 1256 1451 πρεσβευ.

21 1508 25 1517 ·
154 1474 293 1554 σαμένων
301 1482 369 1555 περὶ
379 1474 493 1555 είρύνης
505 1474 724 1554 ἀπιστήσαντες
733 1472 888 1552 Ἀθηναῖοι
898 1472 932 1536 ού
940 1471 1137 1553 προσήκαντο,
1149 1475 1197 1537 ἐπὶ
1206 1475 1256 1554 ἄρ

153 1601 261 1659 χοντος
269 1578 462 1656 Θεοπόμπου,
475 1575 508 1642 δς
518 1575 555 1654 ἢν
566 1575 623 1656 πρδ
637 1573 811 1650 Διοκλέους,
822 1574 861 1640 ὣς
871 1575 986 1654 ἱστορεῖ
993 1575 1170 1657 Φιλόχορος.
1179 1598 1257 1662 qua-

152 1699 224 1741 cum
240 1677 460 1766 comparandae
473 1677 688 1741 annotationes
701 1675 742 1740 ad
757 1698 786 1739 v.
804 1691 877 1758 772.
901 1678 954 1742 Ele
968 1680 1155 1758 Κλεοφῶντα
1165 1684 1257 1743 ταῦτα

153 1781 314 1844 αἰνίττεται
323 1780 395 1862 πρὸς
408 1783 482 1844 ἑτῶν
493 1782 544 1844 δύο
556 1781 757 1859 ἔμποδίσαντα
771 1785 835 1844 ταῖς
846 1783 997 1845 σπονδαῖς.
1016 1777 1149 1846 Ἀλλως.
1167 1779 1257 1849 Ἴσως

154 1883 312 1947 αἰνίττεται
334 1882 406 1964 πρδς
427 1885 480 1948 τὰς
502 1879 565 1945 καθ’
582 1881 674 1945 αύτδν
692 1881 890 1962 δημαγωγίας,
907 1879 1019 1959 μήποτε
1041 1882 1074 1942 δὲ
1098 1884 1139 1947 είς
1159 1887 1253 1946 Κλεο-

153 1989 265 2065 φῶντα.
292 1985 349 2067 πρδ
371 1987 445 2048 ἐτῶν
466 1987 525 2067 γὰρ
550 1985 602 2047 δύο
625 1987 677 2062 τῆς
702 1982 894 2048 διδασκαλίας
914 1986 966 2046 τοῦ
986 1980 1143 2064 Ὀρέστου,
1168 1985 1257 2052 αὐτός

154 2087 236 2150 ἐστιν
250 2089 267 2150 ὁ
279 2088 415 2153 κωλύσας
430 2090 562 2153 σπονδὰς
576 2084 720 2166 γενέσθαι
729 2082 899 2162 Ἀθηναίοις
911 2084 985 2166 πρὸς
997 2088 1254 2166 Λακεδαιμονίους,

154 2189 193 2255 ὥς
207 2191 377 2273 Φιλόχορος
391 2191 513 2270 ἱστορεῖ.

200 2510 296 2576 1-3.
314 2492 386 2555 Hos
400 2512 508 2555 versus
522 2490 565 2555 sie
578 2489 672 2554 vertit
687 2489 798 2552 Cicero
814 2489 913 2551 Tusc.
929 2486 1008 2575 disp.
1023 2507 1055 2569 4.
1075 2507 1124 2572 29.

283 2595 396 2681 Neque
412 2609 475 2658 tam
490 2591 634 2658 terribilis
649 2591 713 2656 ulla
727 2591 823 2656 fando
838 2591 937 2655 oratio
951 2607 1009 2665 est,

285 2697 352 2760 Nec
366 2696 442 2775 fors,
458 2720 561 2784 neque
575 2696 621 2760 ira
634 2695 772 2760 coelitum
789 2695 946 2758 invectum
964 2694 1091 2773 malum,

287 2799 379 2877 Quod
395 2822 456 2863 non
473 2817 585 2863 natura
598 2798 736 2862 humana
753 2796 899 2883 patiendo
914 2796 1005 2861 ferat.

198 2919 226 2966 2.
253 2906 394 2984 συμφορδ
417 2904 454 2966 Β.
478 2902 593 2990 aliique
616 2897 755 2964 nonnulli
778 2921 850 2962 cum
874 2898 977 2962 Dione
1000 2899 1115 2987 Chrys.
1139 2902 1199 2965 vol.
1226 2922 1254 2966 1.

153 3024 185 3088 p.
205 3005 275 3068 166.
299 3005 442 3069 Luciano
456 3003 517 3069 vol.
529 3023 561 3089 3.
576 3027 609 3091 p.
627 3005 699 3087 673.
724 3001 851 3065 Stoboeo
865 3002 920 3085 98,
934 3019 989 3082 42.
1033 3002 1137 3066 Ceteri
1159 3003 1253 3069 codd.

152 3119 185 3168 et
199 3106 277 3171 Ald.
301 3111 438 3190 ξυμφορὰ
457 3129 528 3171 cum
545 3105 716 3170 Theodoro
732 3102 844 3168 Prodr.
861 3103 894 3167 in
912 3104 1012 3167 Notit.
1029 3105 1126 3169 MSS.
1144 3107 1204 3170 vol.
1222 3108 1253 3172 8.

152 3226 268 3293 p.142.
284 3223 315 3273 et
331 3208 479 3295 scriptore
495 3205 685 3272 Timarionis
700 3204 776 3269 ibid.
792 3202 855 3267 vol.
872 3224 902 3289 9.
920 3227 952 3289 p.
966 3205 1037 3289 165.

191 3330 224 3395 3.
241 3311 409 3395 όνθρόπου]
429 3311 592 3393 ἆνθρόπων
605 3308 703 3374 codex
720 3330 802 3372 unus
818 3306 950 3371 Porsoni
963 3321 995 3370 et
1009 3308 1182 3375 Lucianus.

196 3434 226 3494 4
244 3412 327 3496 κούκ]
343 3414 395 3476 οὐκ
410 3412 475 3477 duo
489 3412 582 3477 codd.

196 3516 302 3600 τύχας]
325 3518 414 3599 τύχαι
436 3513 565 3580 Tantali
586 3537 649 3579 non
669 3513 710 3578 ad
731 3511 873 3594 μακάριος
894 3528 1046 3600 spectant,
1062 3514 1115 3579 sed
1131 3517 1171 3581 ad
1187 3541 1255 3606 poe-

152 3641 224 3683 nam
255 3617 395 3697 Tantali,
420 3642 494 3705 quae
519 3633 627 3706 postea
653 3631 924 3693 commemoratur,
950 3631 982 3680 et
1006 3640 1071 3703 quo
1095 3632 1162 3684 tota
1186 3621 1255 3688 haee

153 3720 253 3785 tendit
272 3721 388 3785 oratio:
412 3742 510 3809 neque
532 3743 606 3785 vero
626 3742 661 3784 eo
682 3719 763 3782 lmuc
790 3720 920 3783 Tantali
928 3721 1105 3806 firtonum
1125 3745 1254 3789 commc-

152 3845 250 3902 moro,
261 3833 298 3888 ut
313 3824 342 3887 ci
355 3825 502 3889 insultam
516 3834 545 3888 et
559 3845 627 3887 eam
641 3832 790 3909 tunorium
803 3824 958 3908 probrum
968 3824 1122 3910 objiciam.
1146 3826 1253 3893 Valck.

152 3924 192 3990 ad
216 3926 330 3992 Phoen.
344 3941 437 4011 1549.
459 3939 619 4013 comparat
640 3925 743 3988 locum
764 3924 908 3988 AEschin.
931 3925 963 3989 in
987 3925 1129 4014 Ctesiph.
1151 3951 1183 4016 p.
1200 3932 1253 4012 64,

152 4048 206 4109 40.
237 4031 286 4094 καὶ
315 4030 350 4094 ού
374 4030 408 4093 τὸ
434 4031 605 4112 δυστύχημα
630 4028 770 4102 ὀνειδίζω,
799 4028 882 4092 ἀλλὰ
904 4028 958 4093 τδυ
982 4032 1094 4111 τρόπον
1119 4032 1254 4111 ἐξετάζω.

154 4133 348 4197 ΜΑΤΤΗ.

200 4253 249 4301 12.
274 4234 428 4315 στέμματα
449 4248 533 4300 reete
554 4256 611 4321 per
634 4233 698 4315 ἔρια
719 4231 849 4320 exponit
871 4232 1068 4312 scholiastes,
1083 4231 1138 4320 qui
1153 4247 1185 4295 et
1198 4255 1251 4297 va-

152 4336 229 4400 riam
245 4336 407 4401 lectionem
424 4351 575 4402 memorat
591 4336 650 4417 ἔρις
664 4357 722 4421 pro
737 4334 809 4417 ἔριν.
845 4334 941 4399 Male.
981 4336 1051 4399 Dea
1064 4347 1110 4398 est
1127 4333 1253 4400 Clotho.

153 4439 258 4503 POR.
