2864 4914
340 294 409 358 AD
432 295 735 362 IPHIGENIAM
758 294 1088 364 AULIDENSEM.
1203 298 1268 364 448

168 480 241 529 ante
265 464 444 530 Phoenissas
466 479 556 545 aotae,
577 465 750 533 Phoenissoe
774 480 848 532 ante
875 463 1051 553 Supplices,
1071 465 1207 534 Hecuba
1233 482 1268 535 at

170 565 313 630 Trosdes
322 580 396 630 ante
410 566 668 646 Andromachen,
682 567 836 635 Hercules
845 567 955 635 furens
968 581 1042 633 ante
1056 568 1265 635 Hcradidasi

168 668 242 730 Non
264 667 375 754 magis,
390 668 587 756 Iphigeniam
603 668 808 735 Aulidemem
831 684 904 737 autc
921 668 1178 749 Andromachen,
1200 671 1265 738 ie.

167 791 197 832 a.
214 770 265 835 Ol.
281 789 334 854 90,
351 770 389 849 qt
407 770 534 837 doctam
556 794 633 850 esse,
650 794 690 836 ex
712 793 751 837 ec
771 771 879 839 conici
901 771 984 850 licet.
996 771 1085 858 quod
1107 771 1265 839 Androm.

168 893 200 934 v.
217 874 291 956 625.
307 873 474 939 Menelaus
487 874 615 940 fratrem
627 873 756 960 jussisse
769 873 864 941 tiliam
880 872 1041 941 immolate
1055 873 1179 954 dicitur,
1191 898 1265 963 que

167 991 271 1060 partes
292 975 323 1039 in
344 976 510 1042 Aulislensi
532 976 719 1044 tribuuntur
740 976 906 1044 Menelao:
930 998 1001 1042 nam
1024 975 1226 1064 hocquoque
1244 1001 1266 1043 e

167 1076 290 1164 vulgari
304 1078 449 1164 opinione
467 1078 604 1167 arripere
626 1092 748 1166 poterat
769 1078 951 1165 Euripides,
966 1076 1015 1143 vel
1038 1101 1096 1144 stro
1112 1079 1186 1166 jure
1206 1080 1265 1146 lia-

166 1202 251 1264 gere,
274 1179 348 1266 quia
363 1203 448 1260 eum,
471 1181 563 1267 cujus
587 1181 746 1270 praecipue
764 1203 813 1247 res
836 1179 1000 1267 agebatur,
1022 1196 1264 1247 cousentaneum

167 1281 259 1345 etiam
274 1297 352 1362 erat,
366 1282 472 1348 omnia
485 1296 615 1361 tentare,
633 1299 668 1349 ut
682 1282 845 1349 consilium
867 1303 959 1347 suum
980 1281 1153 1367 perliceret.
1199 1284 1264 1348 Ita·

165 1406 229 1470 que
248 1407 350 1470 quum
373 1383 460 1450 nullo
479 1385 582 1452 valido
601 1400 789 1472 argumento
809 1385 975 1472 probatum
998 1382 1048 1462 sit,
1065 1383 1264 1470 Iphigeniam

166 1485 371 1550 Aulidensern
385 1501 458 1551 ante
472 1487 695 1575 Aristophanis
710 1489 817 1553 Rsaas
835 1503 935 1552 actam
952 1508 1029 1564 csse,
1043 1484 1122 1551 illud
1139 1502 1266 1553 maneat

166 1585 197 1651 in
211 1611 316 1666 causa,
330 1589 416 1676 quod
432 1590 609 1657 scholiastes
624 1592 723 1656 Arist.
740 1593 824 1656 Rau.
838 1589 946 1656 docuit
959 1589 999 1654 ad
1023 1613 1053 1653 v.
1069 1591 1124 1670 67.
1139 1591 1215 1655 otro
1230 1593 1264 1656 tt

166 1693 197 1754 ci
211 1694 399 1756 διδασκαλίαι
420 1692 556 1774 φέρουσι,
572 1693 805 1773 πελινπὶσαντος
827 1693 997 1776 Εὐριπίδου,
1011 1691 1065 1757 ads
1085 1692 1153 1757 υίδν
1172 1693 1263 1757 αι’ποΰ

166 1793 351 1877 δεδιδαχέοαι
373 1797 532 1876 ὁμωνύμως
553 1797 587 1861 io
609 1796 695 1860 ἅπτει
715 1794 899 1878 Ἰφιγένειαν
920 1794 974 1873 τὴν
993 1796 1028 1859 io
1042 1795 1158 1872 Αὐλίδι,
1173 1793 1263 1859 Ἀλκ-

164 1896 290 1972 μιιίωνα,
306 1895 436 1979 Βόκχος.
482 1898 512 1962 E
528 1920 593 1984 quo
607 1896 676 1962 loco
689 1919 729 1963 ne
742 1896 814 1985 quis
833 1918 951 1961 novum
968 1911 1188 1984 argumentum
1203 1895 1262 1962 du-

165 1994 254 2081 plicis
269 1997 455 2063 recensionis
476 2013 575 2086 petat‚
589 1999 780 2064 monendum
795 2015 851 2077 est,
867 1998 977 2064 edem
995 2000 1069 2086 jure
1082 2022 1121 2063 ex
1139 2023 1178 2064 eo
1190 2021 1263 2064 con-

166 2098 215 2162 fici
244 2121 344 2184 posse,
367 2100 562 2166 Baccharum
587 2124 716 2188 quoque
738 2100 896 2187 duplicem
921 2100 1129 2166 recensionem
1154 2101 1262 2180 fulmo,

165 2222 356 2286 quamquam
379 2200 439 2265 hoc
460 2225 587 2288 quoque
608 2201 885 2267 demonstrandum
908 2202 1044 2289 suscepit
1066 2202 1205 2268 Bocclrh.
1228 2226 1261 2290 p.

167 2321 226 2384 297
244 2325 312 2389 sqq.
349 2303 474 2368 Auctor
489 2303 666 2390 argumenti
690 2303 788 2390 Soph.
804 2303 883 2368 OEd.
898 2305 971 2369 Col.
984 2304 1048 2369 Τδν
1062 2306 1112 2369 ἐπὶ
1128 2308 1260 2392 Κολωνῷ

164 2405 310 2468 Οίδίποδα
325 2404 374 2467 ἐπὶ
387 2406 607 2484 πετελκνιηκόπι
620 2409 660 2492 τῷ
673 2405 783 2491 πάππῳ
798 2410 957 2487 Σοφοκλῆς
970 2408 987 2469 ὁ
1001 2408 1099 2474 ὑϊδοῦς
1113 2407 1258 2486 ἐδίδαξεν,

164 2516 222 2570 etc.
263 2506 348 2569 Num
363 2528 403 2572 ex
418 2505 478 2571 hoc
488 2505 556 2573 loco
571 2507 683 2595 OEdipi
698 2530 826 2594 quoque
841 2507 970 2574 Colonei
984 2507 1141 2595 duplicem
1157 2531 1263 2574 recen·

164 2607 279 2673 siccem
303 2607 399 2673 fuisse
419 2608 688 2675 existimabimus?
711 2609 808 2676 Adde
829 2609 958 2675 Suidsm
982 2633 1016 2673 v.
1036 2611 1207 2692 Εὐφορίων,
1230 2611 1265 2680 δς

163 2715 226 2776 τοῖς
238 2715 291 2775 τοῦ
305 2710 415 2792 πατρὸς
430 2714 585 2795 Αἰσχύλου
600 2714 645 2780 οἷς
658 2711 744 2793 μήπω
761 2712 800 2792 ἦν
814 2711 1042 2793 ἐπιδειξόμενος.
1058 2711 1191 2794 τετράκις
1204 2715 1265 2779 ist

165 2836 264 2891 κησεν.
300 2813 331 2877 E
350 2835 415 2898 quo
435 2812 504 2879 loco
518 2836 580 2880 non
596 2813 698 2892 video,
714 2837 779 2901 quo
793 2814 867 2901 jure
883 2813 962 2879 ellici
984 2813 1092 2901 possit,
1105 2825 1263 2881 commas

163 2912 261 2998 patris
282 2912 405 2979 fabulas
417 2913 450 2979 in
465 2937 587 2981 scenam
603 2915 771 2982 adduxisse
786 2916 1044 3003 Euphorionem
1067 2941 1260 3006 quemquam

164 3036 273 3078 verum
295 3037 361 3080 esse
383 3029 496 3103 potest,
515 3018 602 3103 quod
624 3019 756 3097 Quintil.
778 3034 883 3086 narrat
906 3022 1074 3098 10‚1‚66.
1099 3019 1153 3085 aed
1177 3042 1261 3086 unus

165 3115 384 3195 Quintilianus.

209 3219 425 3306 Praeterquam
449 3243 535 3299 vero,
557 3220 654 3307 quod,
678 3235 714 3286 ut
739 3244 834 3308 supra
856 3221 1102 3290 demonstratum
1123 3236 1181 3298 cst,
1202 3222 1260 3290 ini·

163 3319 241 3385 tium
257 3321 373 3387 fabulae
387 3345 470 3386 nunc
485 3345 546 3388 non
561 3323 713 3410 ejusmodi
728 3337 787 3401 est,
802 3322 895 3410 quale
909 3346 930 3388 a
942 3347 1017 3390 vero
1030 3338 1158 3390 auctore
1174 3324 1260 3390 insti-

163 3436 269 3489 tutum
290 3438 369 3503 erat,
386 3423 485 3490 multa
506 3425 539 3490 in
560 3448 598 3490 ea
614 3424 719 3490 fabula
739 3440 826 3503 sunt,
840 3449 913 3512 quse
933 3448 1001 3491 eam
1023 3425 1167 3513 pluribus
1184 3425 1260 3494 locis

162 3524 378 3614 interpolatam
391 3542 423 3593 et
438 3527 613 3594 mutilatam
628 3551 694 3593 ease
708 3544 853 3614 arguant.
883 3526 1040 3607 Primum,
1056 3527 1081 3592 si
1095 3551 1204 3595 vetars
1217 3531 1260 3597 ah

163 3631 416 3698 AElianoservati
438 3655 477 3698 ex
501 3629 669 3718 Iphigenia
681 3629 851 3697 Aulidenai
862 3629 999 3696 desumti
1022 3644 1108 3713 sunt,
1124 3632 1193 3719 ejus
1212 3633 1259 3699 iar

162 3734 257 3813 bulte,
274 3751 310 3801 ut
322 3736 389 3822 jam
405 3734 696 3811 demonstravimus,
711 3734 805 3820 longe
817 3732 879 3799 alis
891 3757 958 3799 esse
968 3732 1079 3800 debuit
1090 3734 1260 3824 descriptio

161 3852 193 3901 et
207 3841 370 3920 οἰκονομία,
384 3861 479 3925 quam
503 3851 626 3904 nostrm.
669 3835 796 3901 Deinde
812 3852 952 3901 extrema
966 3835 1084 3902 sabulis
1104 3837 1146 3903 ab
1159 3836 1260 3902 aliem

162 3961 270 4017 manu,
294 3963 394 4026 eaque
418 3940 552 4005 hominis
575 3939 711 4027 imperiti
736 3954 769 4003 et
790 3938 909 4017 insulsi,
934 3937 1043 4004 addita
1063 3962 1139 4016 esse,
1162 3937 1204 4002 ad
1227 3961 1259 4003 v.

166 4060 246 4126 1532
273 4066 340 4129 sqq.
368 4042 543 4108 accuratius
564 4042 775 4109 demonstrare
798 4054 929 4109 conatus
956 4064 1039 4109 aum.
1084 4043 1172 4107 Tum
1198 4064 1259 4108 vsa.

161 4145 342 4230 627—637.
364 4166 459 4231 quam
484 4143 619 4231 suspecti
643 4144 716 4222 sint,
738 4143 778 4207 ad
804 4142 894 4207 illum
917 4142 1020 4209 locum
1037 4145 1182 4232 expnmi,
1202 4165 1260 4208 nec

194 4380 205 4420 ¹
215 4379 328 4442 Sequitur
339 4377 453 4427 Matthia
461 4379 491 4427 ds
501 4386 608 4441 tempore
616 4377 793 4428 Andromacha
803 4379 941 4443 opinionem
960 4379 1043 4440 Potiti,
1053 4380 1085 4430 ds
1095 4395 1143 4444 qua
1152 4378 1258 4431 diximus

162 4461 192 4509 sd
203 4476 300 4512 sermm
310 4459 375 4510 iilius
384 4459 473 4510 {abula
486 4473 541 4524 733.
558 4459 590 4510 G.
602 4460 635 4509 D.
