2864 4914
458 292 524 356 Al)
548 293 943 358 ANDROMACHAM.
1185 293 1246 359 371

192 460 310 550 οὕνεχ’]
328 461 418 545 εἵνεχ’
435 464 507 527 Par.
523 465 564 527 E.

194 567 266 644 760.
290 566 435 649 ἄρχομεν]
461 567 590 650 ἄρχομαι
614 570 684 631 Par.
710 569 793 632 Bu).
819 566 904 630 Flos.
921 569 966 630 A.
981 585 1028 630 ιο.
1045 585 1056 629 ι
1062 586 1094 650 5.
1118 565 1170 630 sed
1194 591 1251 646 μεν

149 687 302 750 superscr.
319 665 350 730 in
367 669 439 731 Par.
458 668 496 732 Β.

194 769 376 852 766-776.
392 767 410 847 ἢ
424 768 508 849 μὴ-
525 770 531 857 Ι
550 776 729 854 ποτέρων-
747 771 753 858 Ι
772 775 879 851 εἵπν-
896 770 903 856 Ι
921 795 999 835 re-
1016 771 1022 856 Ι
1042 773 1155 833 εἷπι-
1171 770 1178 855 Ι
1197 772 1248 834 ἆλ-

150 873 246 935 κᾶι-
263 870 269 955 Ι
288 872 563 951 κηρυσσομένων-
580 873 586 960 Ι
605 877 722 954 πιμᾶ-
739 873 746 959 Ι
765 875 893 937 οὕτοι-
911 871 917 958 Ι
936 873 1098 953 ἀνδρῶν·
1117 870 1122 956 Ι
1140 875 1250 955 χρόνος

149 1006 194 1018 -
212 970 218 1056 Ι
238 971 442 1051 καὶ-λάμπει
456 973 534 1038 Ald.

194 1074 266 1154 766.
282 1076 520 1161 Argumentum
536 1077 680 1142 carminis
694 1077 812 1167 duplex
827 1093 884 1143 est.
911 1078 1021 1143 Priore
1035 1096 1123 1165 parte
1138 1079 1251 1142 chorus

147 1193 370 1241 commemorat
401 1196 537 1264 quantas
565 1181 735 1268 praesertim
765 1181 796 1244 in
826 1179 915 1246 malis
944 1179 1093 1245 utilitates
1120 1181 1252 1245 afferent

148 1275 313 1363 splendida
335 1279 449 1345 natalia
469 1295 502 1345 et
523 1281 615 1346 evitoe
636 1305 734 1372 opes;
758 1281 812 1347 sed
834 1282 881 1347 lris
894 1282 950 1368 qui
963 1282 1116 1347 abutatur
1129 1282 1169 1347 sd
1185 1306 1251 1347 cor-

149 1380 355 1466 rumpendam
374 1381 541 1468 justitiam,
557 1406 628 1448 eum
645 1407 756 1472 parum
776 1399 809 1448 et
829 1383 1000 1448 commodis
1020 1383 1086 1448 suis
1103 1399 1137 1448 et
1158 1385 1251 1449 famae

150 1482 324 1567 prospicere
341 1486 549 1570 (766-789.)
583 1489 733 1576 Spectant
748 1487 815 1551 haec
829 1500 937 1574 aperte
953 1485 1147 1551 Hermionen
1163 1488 1251 1569 (uam

149 1584 394 1650 Andromachen
416 1587 471 1672 qui
495 1587 604 1676 respici
623 1603 714 1676 putat
731 1587 909 1653 scholiastes
922 1587 1068 1671 fallitur),
1082 1611 1156 1674 quae
1172 1589 1252 1675 inju-

150 1685 210 1750 rias
239 1688 341 1753 mariti
372 1688 551 1777 pellicisque
576 1691 607 1755 vi
637 1691 735 1778 putris
763 1705 925 1778 persecuta
953 1706 1031 1755 erat.
1075 1691 1252 1777 Utriusque

149 1788 257 1854 sceleri
278 1807 341 1854 tom
357 1792 480 1857 fortiter
501 1816 533 1857 se
553 1806 741 1880 opposuerat
764 1792 907 1880 quumvis
928 1792 1014 1856 senio
1034 1791 1178 1857 infirmus
1193 1794 1252 1856 Pe-

150 1891 228 1971 leus,
245 1908 281 1958 ut
295 1917 336 1957 ex
356 1918 394 1960 es
414 1917 448 1960 re
469 1895 583 1959 chorus
604 1895 711 1960 redeat
732 1895 763 1959 iu
788 1895 966 1960 memoriam
988 1894 1112 1960 illarum
1134 1917 1250 1971 rerum,

148 2019 229 2081 quas
250 1996 332 2062 idem
351 1999 478 2085 juvenis
499 2020 613 2084 magna
634 2021 706 2062 cunr
728 1998 830 2085 gloria
850 1997 1000 2063 adversus
1018 2000 1205 2076 Centauros,
1220 1997 1250 2061 in

152 2103 409 2185 Argonautarum
425 2099 623 2186 expeditione
634 2117 665 2165 et
680 2114 787 2164 contra
804 2096 948 2186 Trojmn,
964 2114 1112 2186 gesserat.
1130 2102 1252 2184 (790—

150 2202 240 2279 801.)
259 2202 463 2266 PFLUGK.

193 2305 224 2366 εἴ
247 2329 275 2366 τι
300 2306 358 2385 γὰρ
382 2304 512 2392 πάσχοι]
538 2304 720 2390 Legebntur
749 2303 861 2368 soloece
885 2307 914 2367 el
939 2328 968 2366 rt
992 2307 1051 2385 γὰρ
1075 2303 1114 2367 ἂν
1138 2303 1252 2387 πάσχοι

151 2403 271 2491 (πάσχῃ
296 2404 416 2491 aliquot
444 2404 535 2469 codd.
561 2407 709 2490 πάσχοιτο
737 2407 808 2470 Par.
836 2407 897 2488 A.)
943 2401 1066 2490 Insigni
1092 2404 1142 2469 hic
1165 2405 1251 2469 locus

149 2505 340 2571 documento
360 2522 407 2572 est
428 2529 522 2595 quam
546 2531 656 2594 parum
678 2522 770 2572 acute
784 2506 918 2571 viderint
932 2520 1119 2571 correctores
1132 2522 1250 2572 veteres

151 2623 321 2673 metrorum
344 2609 485 2674 studiosi.
531 2608 639 2673 Primo
660 2608 741 2673 enim
765 2609 803 2673 dv
818 2607 897 2672 male
918 2623 964 2673 est
988 2607 1122 2686 illatum,
1138 2625 1171 2673 et
1184 2610 1248 2673 lor·

151 2727 231 2776 tasse
245 2712 336 2777 etiam
353 2714 467 2797 πάσχοι
486 2735 544 2799 pro
562 2712 652 2778 πάθοι
669 2713 824 2800 positum:
848 2712 939 2798 cujus
960 2709 1073 2775 erroris
1094 2732 1157 2775 non
1178 2711 1249 2788 alia,

149 2815 272 2900 opinor,
295 2838 403 2880 caussa
423 2814 485 2879 l'uit
505 2837 601 2901 quens
623 2814 709 2902 quod
732 2815 764 2878 in
787 2813 983 2901 antistropho
1005 2817 1062 2897 γὰρ
1083 2837 1123 2878 ex
1145 2813 1251 2878 codice

150 2917 258 3004 aliquo
272 2917 444 2995 excidisset,
460 2918 546 3002 quod
564 2918 615 2982 alii
631 2918 714 3003 iique
728 2916 839 3004 optimi
854 2915 925 2980 libri
939 2931 1112 2993 mearunt,
1127 2916 1181 2996 ἡδὺ
1193 2919 1250 2997 μὶν

150 3023 209 3101 γὰρ
232 3022 406 3084 οὐπίκα-.
452 3019 577 3084 Deinde
598 3042 696 3106 quum
719 3036 827 3106 aperta
849 3018 1055 3107 responsionis
1074 3017 1159 3097 vitia,
1175 3042 1250 3105 quae

150 3123 181 3186 in
207 3124 334 3208 vulgata
356 3144 501 3186 versuum
528 3121 734 3207 descriptione
759 3122 875 3194 insunt,
900 3143 961 3185 non
989 3134 1091 3186 essent
1111 3120 1250 3185 snimad-

150 3248 249 3303 versa,
265 3240 440 3311 ροιινειηοο
454 3246 561 3287 versus
576 3223 677 3287 verbis
693 3223 813 3303 καὶμὴν
828 3237 940 3287 auctus
953 3237 1011 3301 est,
1023 3244 1096 3308 quoe
1110 3222 1152 3286 ab
1165 3223 1248 3286 codi-

148 3328 239 3391 cibus
253 3325 409 3414 plerisque
422 3327 567 3390 omnibus
583 3324 730 3391 videntur
744 3326 861 3391 abesse.
896 3325 936 3390 In
952 3324 1000 3388 his
1014 3322 1107 3388 etism
1126 3325 1247 3388 Hauni-

149 3431 230 3495 ensis
244 3446 302 3507 est,
317 3429 372 3516 qui
392 3429 477 3516 quod
498 3429 588 3511 ξηρὸν
602 3431 717 3512 ὰφονές
739 3429 786 3494 καὶ
807 3430 956 3493 ὀνείδεσιν
971 3424 1101 3515 prebet.
1118 3448 1178 3490 non
1201 3444 1248 3492 cst

148 3533 190 3597 ab
204 3532 330 3597 libmrio
344 3532 505 3619 scriptum,
516 3531 572 3619 qui
586 3532 749 3596 obscuram
764 3531 860 3596 fuisse
872 3529 987 3595 codicis
1000 3530 1049 3592 sui
1062 3528 1246 3616 scripturam

147 3635 285 3699 indicare
305 3634 408 3712 vellet,
425 3658 500 3722 quae
521 3649 569 3698 est
584 3632 733 3698 Matthiae
754 3631 917 3709 sententis,
940 3629 995 3694 sed
1017 3627 1072 3715 qui
1093 3629 1248 3696 illustmre

149 3738 255 3826 potius
268 3737 463 3824 propositum
480 3736 616 3801 haberet.
663 3737 745 3800 Nam
762 3734 851 3817 ξηρὸν
866 3734 1088 3820 interpretatus
1101 3748 1148 3797 est
1164 3735 1243 3816 ἀφο-

151 3841 209 3912 νὲς,
225 3839 321 3925 quod,
339 3854 374 3904 ut
393 3840 441 3917 fit,
456 3838 656 3926 postmodum
678 3836 710 3901 iu
733 3834 995 3901 continuationem
1012 3834 1178 3899 verborum
1200 3853 1247 3901 est

150 3941 281 4004 illatum.

196 4059 267 4125 772.
299 4043 563 4130 κηρυσσομένοισιΙ
595 4043 776 4130 Legeltatur
810 4039 1049 4123 κηρυσσομένων.
1101 4041 1246 4106 Correxit

152 4147 355 4209 Hermannus
369 4168 407 4209 ex
424 4148 497 4210 Par.
514 4148 557 4208 A.
571 4145 626 4230 qui
643 4144 884 4226 κηρυσσομένοις.

196 4265 233 4330 77
238 4269 268 4334 3.
291 4251 379 4327 τιμὰν
394 4246 614 4311 Valckenarius
630 4246 730 4310 Dintr.
746 4247 777 4308 in
794 4247 874 4309 Eur.
896 4268 927 4333 p.
945 4265 1017 4329 203.
1067 4246 1245 4330 legebatur

150 4352 227 4429 τιμά.

195 4454 266 4534 782.
282 4454 349 4537 ἡδὺ]
368 4451 571 4517 Scribendum
588 4453 651 4516 ἁδύ.

654 4553 743 4618 nbs
