2864 4914
502 303 570 368 AD
593 305 881 370 PHOENISSAS.
1182 309 1246 376 157

141 472 221 536 senis
236 472 353 538 viribus
367 473 489 539 dixerat
506 477 618 540 Creon.
652 476 740 540 Male
755 478 915 541 Porsonus
929 476 1020 559 γοῦν,
1038 477 1121 562 quod
1140 479 1241 561 γόνατ’

141 574 307 640 dicendum
329 577 439 641 fuisset
460 601 478 642 e
500 601 586 642 more
609 579 810 666 tragicorum.
855 578 929 645 Vid.
954 579 1064 645 Elmsl.
1088 580 1128 645 od
1152 582 1244 646 Med.

166 696 183 742 2
209 728 215 741 .

141 697 160 761 3
184 699 258 862 853.
274 777 350 859 δεῦρ’
368 780 566 866 ἐκκομισθεὶς]
585 786 670 863 δεῦρο
686 783 837 862 κομισθεὶς
854 784 898 847 Η.

185 880 256 964 857.
273 883 423 966 ἀπαρχὰς]
442 885 581 967 ἀπαρχὴν
596 883 681 948 Flor.
699 907 789 949 unus.

184 984 256 1064 864.
271 983 418 1067 μάλιστα]
438 985 586 1049 κάλλιστα
603 987 640 1049 Β.

184 1085 256 1169 865.
288 1086 411 1163 κληΐσος
438 1087 484 1167 (id
511 1101 557 1151 est
581 1086 713 1171 κλῇσον)
740 1086 829 1150 codd.
856 1088 1009 1174 plerique.
1048 1092 1170 1158 κλείσας
1195 1093 1243 1170 Η,

141 1184 225 1249 Flor.
243 1201 305 1250 tres
319 1202 350 1251 et
366 1188 442 1252 Ald.

184 1289 256 1353 868.
273 1289 427 1374 ’πεκνιόθη]
447 1290 585 1377 Hesycb.
603 1292 767 1371 ἐτεκνιόθητ
792 1291 897 1356 τέκνον
913 1294 996 1376 ἔσχε.
1023 1293 1137 1381 Suppl.
1153 1316 1243 1379 1091.

139 1392 197 1473 ἐγὼ
212 1395 270 1473 γὰρ
284 1394 395 1460 ἄλλους
411 1396 535 1474 εἰσορῶν
550 1394 759 1473 τεκνουμένους
776 1394 967 1480 comparavit
983 1399 1152 1461 PorsunuS.

184 1496 256 1574 871.
272 1499 410 1577 σόφισμα
427 1497 597 1579 κάπίδειξις]
617 1496 862 1584 Intelligendum
878 1500 947 1562 εἰσί.

183 1600 353 1682 κάπίδειξις]
374 1600 496 1663 Furore
510 1598 564 1662 illo
580 1600 704 1686 OEdipi,
719 1624 784 1688 quo
807 1624 838 1665 se
858 1600 924 1686 ipse
941 1600 1176 1688 visuprivavit,
1191 1626 1246 1690 po

138 1700 267 1764 tentiam
285 1723 371 1764 suani
390 1701 524 1765 Groeciae
538 1701 736 1768 declararunt
756 1702 819 1767 dii:
851 1726 917 1789 quo
939 1726 1030 1767 sensu
1054 1703 1178 1769 solenne
1199 1716 1246 1769 est

141 1804 362 1867 ἕπιδείκννσθαί
374 1806 435 1868 τινί
447 1831 483 1869 τι.
501 1806 694 1868 ΜΑΤΤΗ.

182 1903 324 1989 Ἑλλάδι]
344 1905 478 1992 Aliquot
493 1907 586 1971 codd.
601 1906 758 1975 Ἑλλάδος.

185 2008 257 2091 872.
279 2010 392 2093 χρόνῳ]
414 2007 469 2073 'lu’
486 2010 626 2090 ἀμνήμων
645 2013 719 2094 τύχη
736 2011 865 2093 γένοιτο,
885 2026 920 2075 ut
941 2012 1082 2098 loquitur
1104 2035 1199 2100 supra
1216 2037 1243 2076 v.

139 2113 193 2191 64.
211 2111 402 2175 MATTH.

186 2216 259 2295 874.
273 2214 350 2296 γέρα
364 2216 402 2277 Β.
417 2213 532 2302 aliique
547 2215 648 2303 puuci.
672 2215 762 2298 γέρας
776 2216 853 2280 Ald.

184 2317 257 2399 877.
278 2319 554 2398 προσηπιμασμένος
577 2341 639 2383 una
654 2341 729 2383 voce
750 2317 871 2382 codices
891 2332 963 2382 tres.
987 2320 1246 2402 πραητιμασμένος

142 2441 232 2482 unus.

186 2523 255 2598 878.
272 2524 351 2610 ἁγὼ]
369 2522 439 2587 Vid.
456 2524 495 2588 od
512 2523 614 2587 Andr.
632 2525 704 2588 660.

185 2628 216 2689 τί
227 2626 262 2690 οὔ
279 2627 323 2690 H.
339 2642 371 2691 et
393 2642 455 2691 tres
476 2641 665 2714 quattuorve
687 2625 738 2690 alii
760 2625 853 2690 codd.
876 2648 947 2690 curn
965 2625 1043 2690 Ald.
1090 2626 1128 2688 In
1151 2626 1244 2691 codd.

142 2727 251 2793 ceteris
264 2728 411 2793 omissum
428 2742 475 2792 est
489 2730 532 2792 οὐ.
578 2730 664 2792 Tum
681 2727 823 2815 plerique
843 2750 950 2793 omnes
968 2750 1040 2792 cum
1058 2727 1133 2793 Ald.
1157 2732 1246 2796 ὁποῖα

143 2831 294 2918 praebent‚
311 2830 397 2918 quod
415 2829 500 2895 Flor.
521 2830 615 2894 trium
639 2844 670 2893 et
684 2832 775 2916 Aug.
799 2831 893 2896 unius
914 2832 1099 2897 auctoritate
1120 2832 1152 2896 in
1174 2839 1246 2899 ποῖα

142 2934 183 2998 ab
197 2933 369 2999 editoribus
382 2944 428 2998 est
444 2945 611 2997 mutatum.
658 2932 720 2996 His
740 2932 882 2997 codicum
906 2934 1091 2999 lectionibus
1112 2936 1192 2999 inter
1214 2960 1246 3001 se
1344 2972 1348 2978 ·

142 3037 328 3124 comparetis
350 3037 548 3101 manifestum
571 3048 618 3099 est
632 3035 877 3121 antiquissimam
895 3037 1078 3124 scripturam
1093 3037 1189 3101 fuisse
1203 3045 1245 3103 Τ]

144 3145 393 3205 ΔΡΩΝΟΠΟΙΑ
403 3162 476 3226 quae
489 3138 570 3204 mole
585 3162 642 3226 pro
655 3141 686 3203 τί
698 3144 774 3221 δρῶν
789 3142 878 3203 ὁποῖα
892 3154 937 3203 est
950 3157 1086 3227 accepta,
1103 3164 1200 3226 quum
1217 3142 1249 3205 τί

144 3248 220 3324 δρῶν
233 3244 277 3318 αιἰ,
293 3249 365 3308 ποῖα
379 3243 541 3329 significet,
555 3241 641 3328 quod
662 3241 764 3328 ipsum
782 3241 916 3305 servavit
931 3240 1029 3305 codex
1047 3243 1244 3308 Harleianus.

146 3347 217 3410 Hoc
233 3345 330 3432 ig'tur
344 3346 581 3412 restituendum.
606 3345 640 3410 οὐ
658 3361 761 3409 autem
779 3358 850 3430 post
865 3349 942 3426 δρῶν
957 3344 1059 3432 posuit
1076 3344 1246 3431 Euripides

143 3471 207 3534 quo
229 3448 350 3513 hiatum
370 3449 492 3526 vitaret,
508 3472 571 3514 non
586 3447 729 3513 vitiosum
751 3447 879 3535 quidem
901 3446 990 3512 illum
1008 3469 1134 3510 -nem
1149 3450 1181 3511 τί
1193 3450 1246 3512 οὖν

144 3551 252 3637 tragici
274 3575 402 3638 quoque
425 3551 627 3615 dixerunt-
642 3550 694 3614 sed
720 3565 821 3614 tamen
844 3549 978 3614 vitutum
1002 3563 1155 3636 quantum
1180 3550 1246 3613 fieri

144 3653 255 3739 potuit.
293 3656 325 3717 σι’
344 3654 384 3733 μὴ
410 3659 497 3736 δρῶν,
525 3653 705 3741 conjectura
727 3652 843 3717 librarii
868 3651 1013 3741 alicujus,
1040 3667 1190 3717 annotata
1214 3651 1245 3714 in

144 3754 270 3820 duobus
283 3755 452 3820 codicibus.

189 3857 261 3941 879.
280 3859 322 3941 ἒς]
344 3858 443 3922 Recte
458 3861 501 3925 εἷς
514 3856 592 3921 Ald.

188 3959 287 4044 ἔχθος]
306 3963 403 4043 ὄχλον
418 3959 502 4023 varia
516 3958 607 4023 lectio
621 3959 707 4045 opud
723 3959 929 4025 scholiastem.

189 4062 260 4125 881.
276 4065 344 4145 περὶ
357 4062 489 4127 codices.
511 4064 592 4144 παρὰ
608 4060 685 4126 Ald.

189 4166 262 4246 884.
276 4167 366 4233 πόλις
380 4165 508 4229 codices.
531 4166 604 4229 πόλι
620 4163 697 4228 Ald.

189 4267 262 4351 885.
274 4270 378 4349 λόγοις
389 4293 433 4335 τις
442 4273 503 4334 τοῖς
514 4269 611 4347 ἐμοῖσι
623 4269 791 4331 Porsonus.
808 4272 927 4350 λόγοισι
938 4272 999 4334 τοῖς
1011 4271 1092 4347 ἐμοῖς
1106 4294 1149 4334 τις
1163 4267 1245 4333 libri.

189 4369 262 4434 888.
277 4375 476 4448 δαιμονῶντας
489 4368 581 4433 codd.
597 4367 748 4456 plerique.
771 4373 981 4451 δαιμουοΰντας
996 4369 1073 4434 Ald.
