2864 4914
523 300 591 363 AD
614 297 853 363 ORESTEM.
1193 292 1236 354 85

133 487 175 529 an
190 464 252 531 sint
265 490 285 531 a
296 468 393 532 veteri
407 469 611 555 grammatico
620 491 659 532 ex
673 491 701 531 v.
716 483 785 553 137.
797 465 930 554 repetita
941 463 1062 528 lacunae
1073 460 1236 547 explendae

134 591 254 633 caussa.

180 687 253 750 142.
276 670 394 752 ἀποπρό
415 671 483 752 βᾶτ’
501 671 660 737 Matthiae.
705 669 796 734 Libri
814 670 872 734 όπο
887 664 1024 751 πρόβατ’.
1069 667 1115 730 Et
1129 665 1172 730 sic
1186 664 1237 728 vel

134 770 320 851 ἆτοπρόβατ’
336 771 480 860 Dionysii
495 796 623 860 quoque
637 771 770 837 codices.

177 874 296 955 ἀποπρό
319 899 370 952 μοι
395 875 553 939 Matthiae.
599 873 689 938 Libri
713 872 765 936 alii
791 873 908 952 ὰπόπρο
930 897 981 950 μοι
1010 869 1107 956 (quod
1133 884 1179 933 est
1203 869 1236 933 in

134 971 241 1054 Ald.),
263 973 315 1037 alii
338 976 398 1039 ἀπὸ
421 1003 539 1058 προμαι,
562 976 614 1040 alii
640 978 816 1058 ἆπόπρομοι,
840 974 933 1060 pauci
957 973 1051 1038 etiam
1077 976 1235 1056 ἀπόπροθι.

134 1074 257 1139 Eadem
273 1077 435 1165 scripturae
450 1078 657 1165 discrepantia
670 1077 756 1164 apud
772 1075 974 1162 Dionysium.

181 1196 253 1262 143.
282 1180 435 1263 πείθομαι]
462 1183 605 1261 πείσομαι
628 1182 674 1243 Η.
720 1182 820 1243 Hunc
842 1200 967 1242 versum
992 1200 1064 1241 cum
1093 1177 1238 1264 proximo

132 1278 298 1364 conjungit
311 1279 391 1343 Ald.

181 1399 253 1463 145·
269 1381 289 1442 ἃ
303 1381 457 1467 ἆ-πνοό]
476 1383 593 1447 Versus
607 1407 646 1448 ex
661 1384 796 1449 baccheo
817 1397 848 1447 et
871 1382 1016 1447 dochmio
1037 1380 1238 1468 compositus.

135 1479 245 1544 Codex
262 1504 344 1544 unus
358 1483 444 1569 apud
461 1484 615 1571 Kingium
632 1488 668 1551 έο
683 1509 740 1571 pro
754 1488 774 1549 ἃ
789 1488 826 1549 ἃς
851 1484 937 1571 quod
953 1482 1098 1547 librarius
1113 1482 1239 1547 videtur

134 1581 273 1666 posuisse
287 1598 417 1670 propter
431 1584 581 1670 syllabam
596 1588 721 1651 brevem
738 1586 770 1651 iu
785 1587 873 1650 initio
888 1608 996 1649 versus
1010 1582 1237 1670 antistrophici.

135 1682 198 1760 Qui
213 1705 276 1747 nou
290 1684 509 1751 animadvertit
529 1689 569 1751 &a
591 1689 788 1752 scribendum
811 1711 888 1751 esse.
934 1688 1048 1749 Veram
1072 1684 1167 1771 hujus
1189 1687 1237 1748 in-

134 1785 323 1872 terjectionis
344 1787 528 1873 scripturam
551 1788 709 1854 interdum
733 1804 897 1854 servarunt
919 1787 989 1852 libri
1012 1786 1137 1867 vetusti,
1152 1786 1240 1851 velut

135 1888 304 1953 Ravennae
318 1888 484 1975 Aristoph.
501 1890 633 1954 Thesm.
649 1892 723 1976 689.
740 1891 779 1955 ὰό
794 1890 956 1955 exhibens.

182 2009 253 2072 147.
268 1989 347 2054 lh'-
366 1988 374 2075 Ι
392 1992 485 2054 unl-
503 1992 508 2077 Ι
528 1991 656 2072 ἀτρέμας
669 1996 754 2056 ἵθι-
773 1993 779 2078 Ι
797 1991 1003 2075 χρέος-ποτέ
1017 1989 1097 2055 Ald.
1136 1989 1240 2053 Resti-

133 2090 245 2154 tueudi
274 2090 403 2155 trimetri
434 2090 605 2156 dochmiaci
635 2092 819 2168 ἴδ’-οὕτως,
840 2092 845 2179 Ι
865 2094 1064 2175 κάταγε-ότι
1083 2090 1088 2178 Ι
1107 2089 1240 2174 χρέος-

136 2192 300 2278 εὐνόζεται,
314 2192 494 2278 pariterque
508 2193 541 2256 in
555 2193 751 2281 antistropho
763 2196 911 2258 160-16
912 2210 945 2278 5.

182 2296 254 2375 148.
276 2296 448 2383 ὑπόροφον]
466 2298 546 2373 Quae
561 2297 592 2360 in
608 2297 732 2362 scholiis
746 2298 786 2361 de
802 2319 877 2360 voce
891 2297 1043 2377 ὑπόροφος
1057 2294 1238 2371 traduntur,

135 2417 231 2482 nugae
245 2419 310 2460 esse
326 2396 473 2460 videntur
492 2397 780 2483 grammaticorum.
827 2396 910 2460 Mihi
932 2396 1014 2459 inter
1035 2397 1188 2477 ὑπόροφος
1208 2405 1240 2457 et

134 2500 294 2580 ὑπόροφος
308 2497 382 2563 nihil
399 2500 526 2563 omnino
540 2500 688 2564 interesse
703 2500 837 2564 videtur.
881 2499 957 2562 dam
980 2496 1061 2559 sicut
1076 2495 1129 2559 El.
1145 2511 1239 2578 1170.

134 2603 294 2682 ὑπόροφος
314 2601 376 2680 flod
396 2617 455 2680 est,
470 2625 543 2688 quae
566 2602 625 2666 sub
647 2615 728 2666 tecto
746 2601 767 2664 i.
777 2625 805 2664 e.
822 2600 853 2663 in
872 2599 966 2663 domo
980 2597 1095 2674 editur,
1111 2599 1239 2660 ὑπόστε-

134 2728 199 2783 γος,
223 2716 259 2765 ut
280 2702 436 2789 explicant
455 2703 598 2789 Hesych.
620 2702 710 2767 Suid.
733 2704 843 2787 Etym.
861 2703 924 2779 Μ.,
940 2699 983 2763 sic
998 2699 1032 2763 h.
1048 2698 1070 2762 l.
1085 2701 1240 2781 ὑπόροφον

133 2806 215 2882 βοὰν
233 2805 316 2885 φέρω
337 2827 404 2868 esse
423 2804 559 2883 videtur,
580 2806 638 2869 rub
660 2813 772 2868 tectum
794 2827 817 2867 a.
841 2806 877 2865 in
899 2803 1025 2866 domum
1047 2803 1240 2884 vocemsero

134 2907 306 2987 ἆτρεμαέαν,
322 2907 432 2983 knem,
441 2907 617 2992 placidam,
638 2906 659 2970 i.
675 2929 703 2970 e.
725 2929 794 2969 curn
817 2905 880 2968 leni
903 2925 974 2968 noce
995 2903 1119 2966 όννμμπι
1141 2905 1238 2978 intro,

134 3008 297 3088 ἀτρεμαέαν
310 3007 389 3086 βοὴν
402 3007 459 3070 ὑπὸ
482 3007 536 3085 τὴν
551 3007 663 3090 στέγην
679 3008 772 3089 φέρω.
797 3007 901 3089 φέρειν
914 3004 994 3085 βοήν
1008 3027 1066 3091 pro
1081 3005 1170 3067 edere
1184 3025 1238 3067 vo·

134 3129 199 3171 cem
213 3131 253 3171 an
269 3108 330 3172 diei
343 3108 451 3195 possit,
466 3108 591 3186 dubito,
604 3109 661 3172 nisi
677 3107 764 3172 locus
777 3107 925 3185 addatur,
937 3106 968 3169 in
980 3127 1074 3192 quem
1086 3105 1240 3169 inferatur

135 3232 208 3272 vox.
237 3211 283 3273 H.
295 3210 403 3296 Steph.
414 3210 446 3273 in
458 3209 555 3273 Thes.
568 3208 628 3272 vol.
641 3211 671 3273 1.
686 3233 718 3296 p.
733 3224 826 3294 1254.
838 3211 881 3271 A.
892 3206 1026 3293 explicat
1037 3228 1155 3284 vocem,
1165 3229 1239 3292 quae

135 3311 299 3374 subtecto
321 3310 434 3374 domus
455 3310 661 3389 contineatur,
684 3333 741 3374 nec
762 3324 851 3373 extra
873 3331 892 3372 a
913 3330 1072 3394 quoquam
1096 3306 1238 3378 exaudiri

135 3429 243 3498 queat.
260 3413 452 3476 MATTH.
789 3404 793 3418 ’

184 3533 253 3596 149.
268 3515 358 3597 otho]
378 3512 585 3577 Scribeudum
601 3514 692 3579 οὕτως
706 3534 744 3575 ex
762 3513 806 3574 H.
822 3510 952 3597 aliisque
966 3509 1117 3596 plurimis.

184 3635 254 3698 15¹·
269 3616 379 3698 λόγον]
396 3616 491 3696 λόγον
506 3613 530 3679 δ’
546 3636 600 3677 sex
615 3612 708 3677 codd.

183 3733 255 3801 159.
271 3716 360 3799 χάριν
374 3715 620 3803 superscriptum
635 3716 668 3777 in
684 3714 724 3777 B.
753 3713 857 3777 Ceteri
871 3711 964 3777 oodd.
981 3726 1013 3776 et
1028 3711 1107 3776 Ald.
1130 3712 1236 3794 χορόν.

183 3819 254 3882 160.
269 3818 379 3897 μέλεος
392 3817 457 3881 duo
470 3817 563 3883 codd.
610 3815 714 3880 Ceteri
729 3826 761 3878 et
776 3814 853 3878 Ald.
870 3814 893 3876 ὣ
907 3814 1024 3893 μέλεος.

183 3922 252 3984 161.
268 3919 363 3986 τόλος
377 3933 439 3983 tres
453 3918 544 3983 codd.
590 3917 695 3982 Ceteri
710 3931 742 3980 et
758 3916 835 3981 Ald.
853 3916 876 3978 ὣ
891 3916 991 3982 τάλας.

182 4022 254 4106 163.
277 4020 297 4085 d
318 4020 339 4084 d
360 4023 503 4088 όδνεος-
520 4020 526 4107 Ι
546 4022 655 4085 έλοκεν
676 4020 876 4095 ἆπόφονον-
894 4015 900 4104 Ι
919 4017 1037 4096 θέμιδος
1059 4013 1103 4095 ἄρ’
1119 4017 1238 4080 ἐδίκασε

136 4121 217 4186 Ald.

180 4225 279 4290 όόνιος
298 4222 384 4286 Flor.
405 4245 496 4286 uuus.
543 4224 620 4287 Duo
641 4220 693 4285 alii
714 4218 846 4284 coddd
869 4219 977 4290 ἄδικος,
999 4216 1065 4281 duo
1088 4216 1108 4279 ἃ
1130 4217 1235 4281 ἄοικος.

137 4324 242 4391 Ceteri
256 4347 327 4388 curn
345 4324 424 4389 Ald.
439 4324 459 4389 d
473 4324 493 4387 ἃ
507 4327 616 4391 ἄδικος.

180 4424 224 4507 όρ’
240 4448 301 4490 om.
318 4447 428 4491 novem
444 4424 534 4490 codd.

661 4542 715 4606 ⁶3
