2864 4914
533 280 600 342 nn
624 279 911 343 enmnrssss.
991 368 995 376 .
1210 283 1273 348 ιιι

210 462 284 530 540.
309 451 418 532 ἐχθρᾶς
441 448 466 512 θ’
492 449 530 531 (δ’
555 450 632 513 Ald.
654 465 686 513 ct
706 450 827 536 aliquot
848 448 956 532 codd.)
977 449 1101 533 ἡμέρας]
1122 451 1272 517 ἐπιπόνων

167 550 280 631 ἁμερᾶν
295 575 334 615 ex
350 552 445 639 Soph.
461 554 519 616 Tr.
531 555 605 636 654.
622 549 787 616 conferunt
802 550 994 638 interpretes.
1011 551 1122 634 ἔχθρας
1137 550 1162 615 θ’
1178 553 1272 635 ἡμέρα

167 650 300 717 Aristot.
317 652 454 718 Eudem.
471 667 501 729 7,
517 676 542 717 1.

208 772 285 840 543.
306 757 467 838 βλέφαρον
482 757 616 845 explicat
637 756 832 821 Eichstaedt.
848 758 966 834 Quaest.
983 755 1059 842 phil.
1076 778 1158 843 spec.
1173 779 1204 844 p.
1221 759 1271 822 16.

167 854 360 922 MATTH.

208 973 282 1042 544.
299 961 427 1045 βαδίζει]
445 962 579 1040 βαδίζειν
594 960 672 1025 Ald.
687 975 719 1024 et
733 960 852 1046 aliquot
867 960 959 1025 codd.

208 1063 282 1145 546.
299 1061 397 1126 Ridet
414 1063 540 1127 Strattis
556 1062 728 1127 Pboenissis
742 1063 828 1150 apud
846 1063 967 1128 Polluc.
983 1083 1101 1148 9,124.
1118 1062 1171 1128 εἶθ’
1186 1065 1271 1143 ἥλως

165 1164 221 1241 μὲν
246 1166 379 1229 πείθεται
403 1173 465 1233 τοῖς
488 1167 623 1238 παιδίοις,
645 1163 745 1229 Ὅταν
771 1165 913 1247 λέγωσιν,
940 1164 1030 1248 ἔξεχ’,
1057 1163 1080 1229 ὦ
1104 1165 1168 1247 φίλ’
1192 1168 1269 1245 ἥλιε.

167 1266 271 1330 POR.

208 1388 281 1452 547.
307 1370 390 1452 ἔχειν
411 1371 570 1436 Eusebius
590 1372 696 1456 Praep.
712 1372 836 1457 Evang.
853 1373 882 1434 6.
900 1394 930 1457 p.
949 1390 1010 1454 259
1027 1373 1066 1434 C.
1083 1370 1269 1434 Theodore-

165 1486 217 1534 tus
240 1471 380 1559 Therap.
395 1493 426 1554 4.
444 1497 474 1561 p.
492 1476 545 1552 όν,
559 1493 612 1556 49.
659 1474 769 1550 Recte,
792 1473 914 1559 opinor,
928 1472 1073 1536 observat
1088 1471 1269 1537 Valckenae·

165 1575 242 1653 siue,
266 1575 453 1661 Euripidem
476 1577 506 1641 in
530 1576 588 1640 bac
610 1575 746 1639 formula
767 1575 932 1661 participio
954 1597 1075 1661 semper
1099 1574 1164 1648 uti,
1192 1599 1270 1661 qua·

165 1692 294 1765 propter
316 1678 346 1741 in
371 1701 461 1742 versu
485 1679 637 1765 sequenti,
662 1678 727 1743 sive
750 1680 908 1758 6πονεῖμαι
927 1701 998 1742 curn
1016 1677 1104 1742 Aldo
1121 1694 1153 1743 et
1168 1679 1269 1743 MSS.

165 1779 354 1866 quibusdam
378 1779 474 1867 leges,
495 1781 559 1845 sive
578 1781 738 1861 ἀπονέμειν
752 1805 825 1846 cum
842 1780 1031 1857 Bodleianis,
1049 1780 1268 1859 Leidensibus‚

165 1884 204 1946 C.
220 1884 254 1945 J.
273 1884 315 1946 L.
340 1883 466 1946 errabis.
512 1886 552 1948 In
576 1898 752 1970 temporum
780 1884 929 1948 rationem
958 1901 1087 1970 peccant
1110 1886 1213 1964 νείμας
1237 1899 1269 1948 et

165 1986 335 2065 ἀπονείμας.
377 1989 428 2050 Ac
449 1986 564 2072 poteris
578 1984 705 2073 quidem
720 1987 888 2067 ιἰπονέμων,
903 1987 956 2050 sed
973 1986 1080 2050 leviori
1096 1986 1269 2051 mutatione

165 2089 323 2167 ἀπονεμεῖς
337 2087 421 2165 dedi,
436 2103 473 2152 ut
487 2089 576 2175 quasi
591 2088 631 2152 de
646 2111 728 2152 novo
742 2088 866 2153 initium
881 2089 985 2166 faciat,
1001 2089 1081 2153 sicut
1097 2090 1176 2153 Hec.
1194 2090 1268 2169 848.

166 2192 194 2253 εἴ
213 2215 275 2258 πως
297 2196 406 2272 φανείη
428 2190 467 2274 γ’,
484 2194 561 2256 ὥστε
580 2193 633 2254 σοί
644 2189 668 2252 τ’
686 2191 768 2273 ἔχειν
784 2198 890 2268 καλῶς,
906 2192 1026 2276 Στραπῷ
1041 2217 1074 2255 τε
1088 2191 1128 2269 μὴ
1143 2192 1267 2270 δόξαιμι·

165 2291 220 2355 ubi
235 2308 359 2378 poterat
373 2294 414 2357 ab
429 2296 507 2359 ὥστε
522 2293 651 2357 verbum
669 2293 868 2380 suspendere,
885 2315 946 2357 non
961 2293 1002 2357 ab
1018 2296 1046 2357 εί
1058 2318 1130 2370 πως,
1146 2307 1178 2357 et
1194 2293 1268 2359 scri-

164 2393 238 2459 bere
251 2396 291 2476 μῆ
306 2397 388 2475 δόξαι
402 2395 460 2478 ’μέ
477 2398 579 2460 POR.

206 2516 283 2582 554.
302 2505 365 2566 τοῖς
385 2524 421 2580 γε
436 2501 605 2584 σώφροσιν]
624 2497 761 2584 Aliquot
776 2496 865 2561 codd.
881 2503 960 2562 τοῖσι
976 2499 1144 2580 σώφροσιν.
1189 2496 1267 2560 Vul-

164 2613 273 2686 gatum
299 2615 347 2664 est
369 2600 453 2688 apud
481 2599 579 2665 Clem.
604 2600 659 2664 Al.
685 2601 799 2664 Strom.
826 2602 857 2663 6.
885 2623 918 2686 p.
942 2617 1013 2683 751.
1044 2613 1076 2662 et
1106 2598 1267 2664 Stobaeum

167 2717 219 2785 95³
234 2721 266 2787 5·

206 2823 282 2889 557.
307 2806 384 2869 Post
406 2806 490 2871 hunc
513 2807 702 2892 sequebatur
720 2828 828 2869 versus
849 2804 976 2891 quidem
993 2803 1199 2891 Euripideus,
1214 2804 1268 2868 sed

164 2928 203 2970 ex
218 2906 279 2970 alia
294 2907 446 2992 tragoedia
461 2907 648 2995 adscriptus
663 2924 695 2972 et
711 2908 820 2971 merito
834 2930 854 2970 a
864 2904 1076 2971 Valckenaerio
1089 2906 1267 2984 damnatus,

162 3005 202 3073 Ὀ
222 3007 246 3072 δ’
265 3010 361 3088 ὄλβος
382 3011 416 3072 οὐ
437 3007 575 3090 βέβαιος,
599 3009 667 3074 ἀλλ’
688 3009 845 3092 ἐφήμερος.
891 3008 1028 3086 Citatur,
1051 3020 1179 3072 notante
1201 3007 1269 3072 viro

163 3132 297 3187 summo,
312 3133 332 3173 a
347 3109 518 3175 Plutarcho
534 3110 660 3176 Consul.
682 3111 722 3174 ad
738 3109 891 3197 Apollon.
908 3133 941 3197 p.
957 3130 1026 3191 104.
1043 3112 1087 3173 A.
1108 3125 1140 3174 et
1160 3111 1269 3175 Inonis

162 3211 340 3300 fragmento
354 3214 561 3300 praeponitur,
577 3213 661 3277 unde
676 3225 708 3277 et
723 3213 808 3277 bunc
825 3211 934 3276 eodem
957 3211 1112 3299 pertinere
1134 3213 1267 3299 conjicit

163 3314 286 3380 Eadem
308 3314 373 3379 fere
393 3316 489 3380 verba
513 3318 629 3381 Sextus
651 3315 831 3402 Empiricus
852 3316 898 3378 A.
915 3314 966 3376 M.
982 3334 1031 3376 11.
1055 3333 1109 3399 54.
1133 3314 1268 3380 Electrae

164 3417 267 3481 versui
285 3438 359 3503 949.
377 3417 544 3505 praeponit,
558 3441 629 3483 cum
648 3416 805 3481 debuisset
820 3416 964 3494 scribere,
980 3419 997 3479 6
1015 3414 1039 3480 δ’
1056 3418 1150 3497 ὄλβος
1170 3419 1269 3486 ἄδικος

163 3521 212 3584 καὶ
226 3524 301 3600 μετὰ
316 3527 428 3584 σκαιῶν
442 3523 546 3600 ξυνών.
586 3522 719 3584 Errores
734 3540 807 3583 vero
820 3517 976 3582 innumeri
991 3541 1030 3582 ex
1046 3519 1267 3605 permiscendis

162 3621 269 3686 similis
297 3623 459 3686 sententias
488 3621 643 3709 excerptis
673 3643 851 3708 provenere.
899 3621 989 3685 Idem
1022 3623 1137 3684 Sextus
1163 3623 1194 3684 6.
1217 3643 1230 3684 ι
1234 3644 1264 3706 5.

161 3722 282 3802 laudat,
300 3739 336 3787 ut
350 3747 388 3787 ex
405 3724 570 3811 Aristoph.
587 3723 675 3788 Nub.
693 3724 768 3807 958.
792 3720 877 3800 Λέξω
899 3725 999 3788 τοίνυν
1018 3725 1089 3804 βίον
1107 3726 1138 3803 ἐξ
1161 3726 1264 3807 ἀρχῆς,

161 3825 199 3889 ὃν
213 3827 272 3908 ἐγὼ
287 3831 421 3905 θνητοῖσι
435 3833 591 3910 παρεῖχον.
636 3826 753 3889 Verum
769 3823 795 3888 is
811 3824 980 3889 Teleclidae
994 3840 1041 3890 est
1057 3848 1163 3890 versus
1178 3826 1263 3914 apud

163 3928 283 3993 Athen.
299 3931 331 3993 6.
346 3952 378 4016 p.
398 3930 459 3995 268
476 3931 515 3992 B.
540 3928 643 3991 POR.

202 4031 279 4115 564.
295 4031 528 4114 αἰχμαλωτίδας]
548 4027 754 4093 Scribendum
771 4032 999 4113 αἰχμαλώτιδας.

203 4133 279 4216 566.
295 4132 449 4216 ὀδυνηρὸς]
464 4131 631 4213 δαπανηρὸς
646 4129 731 4194 varia
744 4129 836 4194 lectio
849 4131 935 4217 apud
951 4130 1158 4195 scholiastam.

201 4237 277 4320 567.
293 4236 339 4298 Et
353 4234 437 4298 bunc
454 4256 576 4298 versum
592 4232 733 4318 spurium
744 4232 868 4319 judicat
883 4232 1127 4310 Valckenaerius,
1143 4233 1261 4298 dissen-

160 4336 257 4401 tiente
280 4334 452 4401 Brunckio.
495 4334 653 4423 Equidem
681 4357 744 4399 non
770 4335 899 4410 inficior,
928 4335 1148 4423 languidulum
1174 4358 1259 4408 esse,

161 4438 227 4519 sed,
241 4462 279 4504 eo
299 4452 429 4518 resecto,
446 4438 538 4505 nimis
559 4438 694 4525 abrupta
715 4437 774 4502 erit
796 4437 957 4503 sententia.
1002 4436 1083 4503 Vide
1103 4435 1200 4524 igitur
1221 4458 1260 4500 an

683 4563 702 4604 1.
720 4559 739 4607 2
