2864 4914
530 294 597 357 'AD
621 292 907 357 PHOENISSAS.
1206 291 1270 359 149

208 465 312 549 χέρας]
331 472 433 548 χεῖρας
452 464 528 529 Ald.
543 479 574 529 et
589 487 661 550 pars
675 464 829 528 codicum.

208 569 280 631 600.
298 567 421 652 κομπὸς]
441 568 550 647 κόμπος
563 570 653 653 Aug.
670 590 753 631 unus
767 582 798 631 et
813 568 922 652 Etym.
940 566 988 628 Μ.
1005 587 1038 651 p.
1054 580 1130 648 527,
1145 581 1199 646 47.

208 671 283 754 603.
298 676 406 734 πλεῖον
419 669 548 734 codices.
571 677 716 735 πλεῖστον
731 669 811 733 Ald.

209 773 284 834 606.
300 777 377 836 θεῶν
391 779 450 837 τῶν
463 776 675 858 λευκοπώλων]
695 773 833 837 Zethum
849 770 993 857 intelligit
1008 785 1040 834 et
1055 771 1267 856 Amphionem

165 874 244 938 arcis
267 875 430 939 Thebanae
452 876 635 941 conditores».
662 878 758 940 Herc.
775 875 798 939 f.
817 894 867 959 29.
887 876 926 938 τὸ
940 877 1120 938 λευκοπώλω
1135 874 1205 955 πρὶν
1220 899 1270 937 τυ-

165 980 312 1057 ραννῆσαι
326 977 445 1060 χθονὸς,
466 976 471 1064 Ι
490 976 629 1060 Ἀμφίον’
644 978 695 1056 ἠδὲ
712 982 821 1056 Ζῆθον,
839 978 950 1058 ἐκγόνω
967 978 1048 1044 Διός.

210 1081 281 1160 607.
300 1081 555 1165 ἐξελαυνόμεσθα]
574 1079 795 1160 ἔξελαννόμεθα
810 1079 869 1143 ἀπὸ
885 1079 961 1142 ΑΙό.
978 1094 1009 1143 et
1024 1080 1144 1167 aliquot
1158 1077 1249 1142 codd.

210 1183 335 1270 ἐξελῶν]
355 1182 394 1245 Id
410 1199 456 1247 est
472 1183 633 1263 ἔξελόσων.
655 1184 767 1261 ἐξελών
780 1181 872 1246 αοόό.
887 1181 1015 1268 quidam
1031 1197 1063 1246 et
1077 1180 1157 1246 Ald.

210 1283 284 1346 608.
299 1282 338 1365 γ’,
355 1282 393 1371 ὦ]
411 1311 446 1366 γε
462 1291 501 1373 σῇ
517 1284 540 1348 ὦ
558 1285 633 1350 Ald.
650 1301 682 1349 et
696 1284 816 1371 aliquot
831 1284 923 1347 oodd.

210 1387 283 1448 610.
300 1394 465 1451 κατακτενῶ
481 1390 528 1451 Η.
545 1411 615 1452 cum
633 1388 758 1452 duobus
772 1387 848 1451 aliis.
872 1392 1043 1452 κατακτανῶ
1057 1385 1137 1450 Ald.

209 1487 259 1570 γε]
278 1512 315 1551 σε
327 1488 365 1551 Β.
381 1503 413 1552 et
425 1491 531 1577 Mosq.
548 1513 647 1554 unus:
674 1499 697 1530 “
707 1490 759 1554 sed
776 1489 970 1554 commodius
984 1488 1071 1552 abest
1086 1510 1268 1574 pronomen,

167 1603 276 1675 utpote
290 1613 327 1652 ex
343 1590 373 1671 μ’
390 1592 575 1678 repetitum3
602 1616 703 1681 neque
725 1593 824 1657 otiosa
845 1605 892 1656 est
913 1591 1079 1678 particula.
1126 1588 1268 1676 AEaclryl.

167 1692 273 1755 Prom.
291 1707 341 1778 73.
365 1695 383 1772 ἦ
405 1695 463 1775 μὴν
478 1698 610 1760 κελεύσω
631 1695 802 1775 κάπιθωόξω
817 1722 853 1778 γε
867 1697 950 1778 πρός.
997 1692 1147 1780 Euripid.
1164 1695 1267 1756 Hera-

165 1793 235 1857 clid.
251 1796 325 1874 642.
342 1797 485 1876 μάλιστα·
511 1801 558 1863 καὶ
572 1803 645 1881 πρός
659 1799 686 1882 γ’
704 1802 836 1882 εὐτυχεῖς
851 1802 887 1862 τὰ
902 1802 955 1862 νῦν
969 1795 1066 1861 τόδε.”
1083 1798 1188 1860 POR.

209 1899 281 1961 612.
298 1898 381 1977 θέμις
397 1899 537 1964 Grotius.
562 1904 680 1982 θεμιτόν
695 1901 773 1965 libri.

169 2052 172 2056 ⁴
209 2002 281 2079 614.
298 2001 384 2085 ἔξιθι]
404 2003 507 2081 ἔξελθε
523 2007 612 2090 Aug.
630 2027 719 2067 unus.

209 2104 282 2185 615.
300 2103 399 2182 ἔξιμεν
414 2105 629 2191 Musgravius.
654 2107 745 2185 ἔξειμι
761 2105 839 2169 libri.

209 2203 253 2288 δέ]
273 2204 306 2268 δέ
320 2230 358 2286 γε
372 2206 464 2269 οοόό.
482 2206 612 2295 aliquot.

209 2311 331 2372 εἰσιδεῖν
345 2308 466 2372 codices
481 2324 602 2374 tautum
621 2333 682 2374 non
697 2332 814 2373 omues.
832 2312 905 2374 ἰδεῖν
922 2309 1000 2373 Ald.

208 2413 280 2492 617.
297 2413 470 2496 ἀνακαλεῖς]
489 2412 516 2494 γ’
532 2413 655 2476 addunt
670 2410 790 2497 aliquot
803 2411 895 2475 codd.
910 2426 941 2474 et
958 2411 1034 2474 Ald.

208 2516 281 2595 619.
304 2513 391 2577 πόλλ’
408 2516 513 2600 ἀθλία]
531 2515 633 2579 πολλά
647 2515 676 2596 γ’
694 2516 785 2577 ἄθλια
801 2512 879 2576 Ald.
895 2529 926 2577 et
943 2536 1014 2598 pars
1028 2512 1181 2576 codicum.

208 2620 280 2700 623.
305 2617 376 2681 αὐτὸ
398 2626 528 2699 σημανεῖ
541 2617 662 2683 Eteocli
678 2617 788 2681 tribuit
804 2616 882 2681 Ald.
928 2620 1113 2682 Correeturn
1136 2638 1174 2678 ex
1198 2613 1268 2678 cod.

167 2719 314 2783 Leidensi
331 2742 403 2783 uno.

209 2825 281 2902 624.
296 2821 428 2906 Ἐρινῦς]
449 2822 651 2886 Scribebutur
665 2819 812 2902 Ἐριννῦς.

208 2927 282 2990 628.
298 2926 407 3009 γεγώς]
424 2926 527 3003 μολόν
544 2923 630 2988 Flor.
649 2923 722 2987 duo.
737 2930 839 3003 μολῶν
855 2926 954 2987 Taur.

208 3030 282 3111 629.
297 3027 337 3107 μὴ
350 3026 398 3107 ’μὲ
414 3027 584 3090 Porsonus.
607 3026 647 3106 μή
661 3051 698 3105 με
714 3024 794 3089 libri.

207 3132 293 3194 τόνδε
308 3129 332 3192 δ’
350 3131 393 3192 R.
410 3144 441 3193 et
454 3129 540 3194 Flor.
556 3143 718 3216 quattuor.
733 3127 811 3192 τόνδ’
825 3127 901 3191 Ald.
931 3126 1114 3190 Proximum
1132 3147 1267 3205 versum,

165 3232 220 3314 οὐχ
244 3233 319 3296 ἔκῶν
343 3236 401 3314 γὰρ
422 3233 529 3312 ἦλθον,
553 3235 633 3297 ἄκων
657 3231 681 3295 δ’
709 3234 904 3310 ἔξελαόνομαι
929 3231 1048 3313 χθονός,
1077 3245 1160 3293 recte
1185 3229 1268 3294 delet

166 3334 398 3399 Valckenarius.

207 3439 246 3520 63
249 3454 281 3521 5.
299 3438 452 3520 Θηβαίας]
471 3437 617 3516 Θηβαίων
633 3435 754 3500 codices
768 3435 872 3499 multi.

207 3542 281 3624 636.
305 3541 374 3618 ἔξιθ’
392 3539 521 3603 codices.
545 3540 640 3618 ἔξελθ’
657 3536 735 3601 Ald.
781 3538 925 3603 Eandem
947 3536 1155 3625 corruptelam
1178 3555 1265 3604 nota-

165 3640 266 3705 vimus
282 3664 312 3704 v.
330 3645 405 3720 614.

207 3744 391 3827 Πολυνείκη]
411 3741 613 3806 Scn'bebatur
627 3743 825 3822 Πολυνείκην.

206 3848 279 3926 640.
296 3844 461 3927 ἀδόματον]
480 3843 681 3907 Scribebatur
696 3843 875 3924 ἀδείμαντον.

205 3946 326 4028 πέσημα
347 3949 409 4010 δίκε
431 3945 509 4010 nihil
530 3944 617 4009 aliud
632 3960 678 4009 est
693 3945 751 4009 nisi
767 3947 868 4021 ἔπεσε,
885 3963 916 4012 et
931 3948 1017 4037 quod
1033 3948 1072 4011 ad
1089 3951 1203 4033 μόσχος
1218 3972 1265 4013 re·
1363 3957 1367 3963 ’

162 4050 328 4115 ferendum
345 4065 422 4129 erat,
438 4048 706 4114 accommodatum
727 4064 774 4113 est
789 4049 857 4115 voci
876 4049 1007 4131 πέσημα,
1022 4052 1194 4132 ὰδόμαστον
1209 4076 1267 4139 pro

162 4153 333 4234 ἀδάμαστος
346 4155 470 4237 μόσχος.
494 4153 687 4215 ΜΑΤΤΗ.

205 4257 279 4338 642.
302 4258 467 4320 κατοικίσαι
489 4253 661 4319 scholiasta.
685 4252 828 4340 κατῴκισε
845 4256 891 4320 vel
909 4255 1059 4342 κατῴκησε
1079 4254 1161 4319 libri.
1207 4255 1264 4318 Al.

163 4372 264 4423 terum
280 4358 373 4422 estin
390 4360 436 4421 H.
452 4371 483 4421 et
498 4356 577 4422 Ald.

207 4464 280 4549 ⁶43·
302 4463 372 4540 μὲν]
393 4459 597 4526 scribendum
622 4485 678 4534 νιν,
694 4459 781 4547 quod
797 4460 827 4523 in
844 4485 895 4539 μιν
911 4474 1094 4545 corruptum
1111 4475 1218 4545 postea
1233 4461 1263 4525 in

690 4583 741 4646 L3
