2864 4914
184 284 248 347 188
546 286 925 350 ANNOTATIONES

183 463 280 536 φασιν
295 452 439 532 εἶναιτὴν
453 455 612 535 Εὐριπίδου
627 456 773 536 Μήδειαν.
810 455 919 543 Pergit
933 455 1047 532 dicere,
1064 453 1285 540 Neophronem

183 555 389 636 παιδαγωγοὺς
412 556 458 619 καὶ
477 558 598 620 οἰκετῶν
615 558 756 637 βάσανον
775 557 910 645 primurn
933 558 965 621 in
988 579 1079 622 scena
1100 555 1288 620 exhibuisse.

185 657 278 736 Quod
295 679 404 721 verum
420 681 485 722 csse
500 680 560 721 non
576 672 689 745 potest,
703 659 760 723 nisi
775 658 931 746 Euripide
945 658 1104 745 antiquior
1115 657 1188 733 fuit,
1200 655 1286 742 apud

184 782 278 846 quem
302 759 386 823 haud
408 759 500 823 semel
518 759 678 824 inducitur
692 764 887 844 παιδαγωγός.
933 761 1027 840 Quod
1049 759 1138 823 addit
1162 757 1287 836 Suidas,

185 861 419 948 Neophronem,
434 861 520 946 quod
540 860 733 926 familiariter
750 886 822 927 cum
840 863 1030 928 Callisthene
1044 861 1174 940 viveret,
1189 860 1289 924 Alex-

184 961 275 1027 andri
292 963 383 1048 jusso
407 962 498 1026 simul
522 987 592 1028 cum
612 987 650 1028 eo
664 980 806 1029 necatum
823 989 899 1043 esse,
915 987 1017 1051 neque
1031 987 1104 1028 curn
1119 961 1288 1051 superiori-

184 1065 245 1130 bus
258 1065 327 1151 ejus
342 1064 444 1127 verbis
458 1065 611 1130 conciliari
626 1081 740 1153 potest,
755 1090 858 1154 neque
872 1067 972 1132 multa
986 1067 1050 1130 fide
1064 1066 1197 1154 dignum
1212 1064 1288 1129 mihi

184 1166 319 1231 videtur.
343 1167 424 1230 Nam
444 1169 495 1248 (ut
508 1167 549 1231 ad
566 1167 781 1255 Aristophanis
798 1169 880 1234 Ach.
893 1188 941 1234 10.
954 1182 988 1256 p.
1004 1189 1074 1250 114.
1083 1169 1151 1256 jam
1162 1166 1286 1249 monui)

184 1270 267 1335 idem
281 1269 503 1357 grammaticus
517 1271 734 1336 Pherecratem
751 1272 862 1336 veteris
883 1271 1045 1337 comoediae
1067 1285 1193 1359 poetam
1213 1292 1287 1334 curn

184 1372 371 1437 Alexandro
393 1372 538 1437 militasse
559 1372 612 1437 ait.
657 1373 806 1452 Quicum
822 1374 961 1439 fabulam
976 1373 1115 1457 Ἀγρίους
1128 1372 1218 1437 annis
1233 1375 1285 1456 65.

184 1490 257 1540 ante
281 1475 498 1541 Alexandrum
524 1491 633 1541 natum
660 1476 846 1555 docuisseta,
870 1500 933 1541 non
956 1476 1014 1540 nisi
1035 1492 1176 1540 extrema
1196 1489 1289 1539 aetate

184 1601 256 1643 enm
273 1577 421 1642 infantem
439 1601 572 1665 puerum
589 1577 705 1657 videre,
721 1579 838 1644 nedum
857 1595 983 1644 mortuo
998 1578 1147 1665 Philippo
1162 1576 1194 1641 in
1208 1577 1292 1641 Asia

184 1702 256 1745 cum
280 1703 317 1743 eo
340 1679 472 1745 militare
494 1679 609 1767 potuit.
654 1680 751 1745 Adde
770 1682 857 1766 quod
883 1682 914 1745 in
938 1706 967 1746 v.
991 1681 1203 1760 Καλλισθένης
1225 1701 1288 1743 non

185 1783 420 1869 Neophronem‚
439 1782 493 1846 sed
516 1781 707 1860 Nearchum,
730 1782 833 1870 ipsum
855 1807 983 1870 quoque
1005 1784 1170 1870 tragicum,
1187 1804 1290 1868 neque

184 1886 225 1950 ab
240 1884 301 1949 alio
315 1907 474 1970 quoquam
491 1901 709 1964 memoratum,
721 1908 792 1949 cum
806 1884 995 1950 Callisthene
1008 1885 1207 1949 interfectum
1223 1907 1289 1948 esse

185 2002 291 2052 narrat
314 1985 437 2051 Suidas.
482 1986 681 2074 Neophronis
696 1987 881 2074 fragmenta,
899 2011 972 2074 quae
989 1987 1048 2052 tria
1070 1987 1136 2051 sola
1157 2001 1241 2064 sunt,
1256 1984 1288 2050 in

185 2089 385 2154 annotatione
398 2090 438 2153 ad
454 2113 483 2153 v.
500 2091 573 2153 668.
590 2109 681 2170 1024.
696 2110 709 2152 1
714 2109 733 2174 3
736 2108 790 2174 54.
814 2089 925 2154 melius
943 2113 1038 2176 quam
1062 2089 1113 2155 hic
1135 2089 1288 2176 legentur.

186 2194 348 2271 Quantum
365 2216 403 2257 ex
418 2191 455 2256 iis
468 2192 620 2278 conjicere
634 2193 715 2268 licet,
732 2191 837 2279 potius
855 2192 973 2257 fabulae
991 2192 1194 2258 oeconomiam
1215 2213 1287 2279 per-

186 2318 395 2382 sonarumque
417 2317 517 2358 mores
543 2317 639 2380 quam
665 2294 760 2359 verba
785 2308 841 2359 aut
866 2294 1033 2359 sententias
1057 2293 1243 2380 Euripidem
1269 2316 1290 2358 a

186 2399 378 2486 Neophrone
404 2411 582 2461 mutuatum
609 2421 675 2461 esse
699 2396 913 2461 crediderim.”
969 2399 1067 2461 Recte
1094 2397 1160 2460 haec
1185 2394 1290 2461 omnia

186 2499 367 2578 Elmsleius,
384 2497 441 2562 nisi
456 2499 541 2585 quod
558 2515 742 2587 corruptum
757 2499 842 2563 istud
857 2501 1098 2582 γενοαιοφρόοος
1119 2499 1161 2563 sic
1183 2498 1289 2586 potius

186 2603 351 2668 emendare
373 2601 507 2665 debebat
531 2617 567 2665 ut
588 2623 607 2664 a
629 2624 679 2663 me
700 2601 817 2665 factum
841 2617 898 2681 est,
919 2605 957 2666 τδ
975 2605 1162 2684 Νεόφρονος,
1183 2624 1202 2664 a
1224 2623 1289 2686 quo

186 2728 285 2793 prope
306 2704 394 2768 abest
415 2701 483 2767 cod.
501 2704 593 2766 Rom.
612 2705 650 2767 C.
671 2702 826 2789 scriptura
846 2706 1078 2786 παναιόφροιιος.
1124 2705 1164 2767 In
1181 2705 1227 2768 H.
1243 2718 1291 2768 est

186 2807 264 2871 adar
279 2806 438 2887 εὐφρόνως.
479 2806 599 2868 Nomen
616 2820 718 2891 poetae
732 2806 894 2869 emendate
909 2805 1057 2892 scriptum
1074 2806 1105 2870 in
1123 2805 1207 2870 Flor.
1226 2829 1291 2871 uno

186 2920 266 2998 παρὰ
282 2904 452 2998 νέιδφρουος
465 2915 533 2997 (sic)
551 2916 780 2983 διασκιυάοεος.
811 2919 958 2981 Ceterum
974 2918 1171 3003 praetermisit
1185 2916 1290 2981 Elms-

186 3019 265 3083 leius
287 3019 403 3082 famam
429 3017 470 3081 ab
494 3018 652 3082 Athenaeo
680 3034 710 3101 7.
735 3042 767 3105 p.
794 3023 855 3102 276
872 3023 915 3083 A.
934 3037 966 3084 et
984 3041 1078 3106 10.p.
1093 3039 1156 3105 453
1179 3022 1221 3084 E.
1248 3043 1289 3084 ex

187 3120 330 3187 Clearchi
350 3119 430 3184 libro
449 3122 517 3202 περὶ
537 3123 652 3204 γρίφων
667 3136 879 3201 memoratam,
896 3122 1083 3210 Euripidem
1100 3122 1226 3187 Medeae
1241 3123 1288 3186 fa·

186 3222 271 3288 bulae
285 3227 321 3288 τὰ
335 3222 413 3305 μέλη
433 3223 482 3287 καὶ
504 3223 557 3302 τὴν
572 3224 705 3288 διάθεσιν
727 3247 765 3288 ex
782 3223 890 3288 Calliae
912 3224 1066 3311 tragoedia
1086 3226 1290 3311 grammatica

186 3326 345 3391 hausisse:
369 3326 460 3413 cujus
470 3326 634 3390 commenti
649 3327 813 3390 vanitatem
827 3326 905 3390 bene
916 3326 1086 3414 exagitavit
1102 3325 1290 3391 Welclrerus

186 3429 218 3492 in
234 3431 351 3493 Museo
372 3428 527 3494 Rhenano
541 3426 603 3492 vol.
617 3449 644 3491 1.
660 3451 693 3515 p.
709 3444 888 3512 150—155,
908 3427 979 3492 licet
1002 3451 1064 3492 non
1087 3428 1191 3493 omnia
1213 3451 1288 3515 pro-

186 3531 291 3602 banda
305 3531 470 3596 videantur
485 3555 558 3617 quae
573 3529 616 3592 ibi
632 3529 710 3594 dixit
727 3528 923 3594 Welclrerus.
969 3530 1116 3616 Denique
1136 3530 1210 3594 satis
1229 3531 1289 3595 erit

186 3634 284 3699 verbo
303 3633 519 3721 perstrinxisse
537 3632 650 3696 anilem
666 3630 809 3695 fabellam
832 3655 852 3695 a
872 3632 1071 3696 Parmenisco
1092 3633 1177 3719 apud
1202 3634 1290 3697 scho-

187 3739 305 3803 liastam
322 3738 362 3802 ad
378 3761 408 3801 v.
424 3758 473 3800 10.
489 3735 662 3821 eodemque
677 3757 715 3797 ex
730 3734 816 3798 fonte
830 3734 871 3798 ab
887 3734 1015 3798 AEliano
1030 3750 1184 3799 narratam
1201 3738 1288 3799 V.H.

185 3862 218 3928 5,
236 3861 288 3919 ιι,
304 3841 457 3928 accepisse
479 3838 666 3926 Euripidem
687 3860 706 3899 a
727 3835 897 3901 Corinthiis
919 3837 1059 3923 quinque
1081 3837 1231 3914 talenrab,
1254 3855 1290 3902 ut

187 3945 335 4010 Medeam
351 3945 449 4030 ipsam
465 3943 580 4007 faceret
595 3940 707 4004 liberos
721 3962 794 4003 suos
807 3938 1071 4017 interficientem,
1087 3964 1167 4026 quos
1182 3964 1291 4005 secun-

219 4170 234 4199 ·
252 4157 367 4207 Coruinus
379 4157 444 4205 Fast.
456 4161 512 4204 Art.
526 4155 556 4203 Τ.
568 4169 592 4216 3.
604 4171 627 4217 p.
642 4168 696 4214 243.
711 4154 741 4200 T.
755 4171 777 4213 ι.
789 4169 812 4216 p.
827 4166 864 4212 23.

219 4242 234 4279 b
246 4240 361 4302 Quinque
372 4238 463 4286 talenta
473 4249 502 4286 nt
513 4253 642 4286 numerum
655 4237 786 4283 rotundum
798 4233 881 4297 ponit:
898 4235 929 4282 de
940 4250 988 4296 quo
999 4249 1064 4282 more
1073 4233 1185 4296 loquendi
1195 4235 1245 4282 dixi
1258 4235 1288 4282 ad

187 4321 307 4385 Aristoph.
321 4319 429 4368 Acharn.
443 4317 466 4367 6.

218 4414 231 4444 τ
248 4403 287 4453 De
304 4402 392 4451 Medea
407 4401 535 4451 liberorum
552 4400 711 4449 interfectrice
722 4398 824 4447 Aristot.
839 4398 906 4447 Poet.
916 4414 937 4446 c.
952 4410 986 4456 ιι.
999 4414 1022 4460 p.
1033 4411 1103 4459 1453,
1119 4410 1156 4444 ιι.
1173 4396 1229 4446 τοὺς
1244 4395 1290 4456 μὲν

183 4484 225 4536 ab
239 4481 439 4549 παρειλημμένους
454 4481 539 4544 μύθους
555 4479 621 4531 λύειν
636 4481 678 4531 οὐκ
695 4479 756 4530 δστι·
768 4511 801 4524 -
811 4511 844 4525 -
854 4480 927 4530 αὑτὸν
943 4478 969 4529 li
986 4477 1101 4542 εὑρίσκειν
1118 4481 1160 4538 δεῖ,
1178 4478 1216 4527 eal
1233 4479 1283 4528 τοῖς
