2864 4914
166 274 230 338 las
526 272 910 339 ANNOTATIONES

165 449 259 511 πᾶσιν
281 447 445 528 ἀνθρώποις
467 445 571 520 σέλας,
593 445 679 513 state
700 443 754 510 τιν’
770 445 869 510 άλλον
887 441 998 509 πώποτ’
1016 445 1058 511 είς
1079 445 1154 507 οὕτω
1175 442 1273 526 μίμαν

164 548 302 613 Ἐλθόντ’
327 549 430 631 ἀγῶνα
456 549 504 613 καὶ
530 547 750 631 δνσέκφενκτον
773 547 888 629 κρίσιν,
913 545 1016 610 Vertit
1044 545 1163 610 Accius
1185 545 1272 633 apud

166 651 364 739 Appuleium
387 650 507 715 Florid.
526 674 559 738 p.
574 652 647 736 348.
663 649 713 714 ed.
730 648 946 713 Elmenhorst.
962 647 1111 712 Priscian.
1127 647 1167 712 de
1184 649 1271 715 Vers.

166 755 256 819 Com.
272 778 304 842 p.
324 772 417 841 1325.
439 756 507 834 Sol,
528 756 583 843 qui
604 756 770 818 micantem
792 753 927 818 candido
948 775 1048 817 curra
1069 762 1163 840 atque
1184 755 1273 841 σανίς

165 858 346 922 Flammam
367 860 472 923 citatis
480 858 618 944 fervido
639 857 754 920 ardore
775 855 926 943 replicas,
944 856 1103 930 Quianam
1123 864 1189 918 tam
1210 855 1271 919 ad·

165 981 256 1024 uerso
270 962 412 1048 augurio
426 970 456 1025 et
469 963 597 1024 inimico
609 961 713 1024 omina
731 959 848 1024 Theba
869 959 1031 1022 radiatam
1047 958 1153 1022 lamen
1167 968 1272 1023 ostem·

164 1062 216 1126 aa
238 1065 353 1127 tuum?
377 1062 461 1141 Quin
480 1079 511 1128 et
527 1063 685 1128 Miltonus
706 1077 839 1140 nostras,
854 1085 927 1126 cum
950 1061 1091 1126 nondum
1114 1085 1201 1149 epos,
1217 1061 1272 1126 sed

164 1163 273 1229 drama
288 1164 511 1243 meditabatur,
527 1165 667 1230 fabulam
688 1187 776 1230 suam
797 1188 816 1228 a
840 1166 954 1229 Satana
971 1163 1075 1229 Solem
1093 1162 1274 1252 alloquente

163 1268 260 1333 ordiri
275 1268 461 1335 instituerat.
485 1272 591 1336 POR.

206 1391 237 1457 3.
262 1374 396 1437 ἑλίσσων
411 1371 489 1436 Ald.
505 1389 614 1438 contra
628 1388 776 1452 metrum,
791 1372 878 1460 quod
900 1373 1008 1459 plures
1030 1385 1156 1435 servant
1170 1373 1271 1436 MSS.

164 1475 348 1562 Utrumque
370 1497 428 1562 pro
449 1474 541 1540 libitu
565 1491 721 1564 usurpant
745 1475 865 1564 tragici,
888 1475 942 1540 sed
966 1475 1102 1541 εἰναλίαν
1120 1496 1180 1561 pro
1204 1476 1272 1538 laa-

163 1581 235 1642 λίαν
256 1601 418 1666 nunquam
442 1594 532 1644 extra
546 1579 668 1656 choros,
691 1580 762 1645 licet
784 1579 864 1644 illud
887 1601 959 1644 mox
981 1579 1058 1643 dent
1079 1578 1179 1642 MSS.
1197 1577 1271 1664 qui-

162 1679 249 1759 dam,
263 1680 305 1744 ab
320 1680 408 1744 Aldo
422 1680 455 1745 in
471 1681 530 1747 hac
543 1697 633 1769 parte
648 1682 872 1747 dissentientes.
896 1683 1000 1746 POR.

206 1800 237 1868 5.
258 1785 297 1848 In
314 1784 376 1848 fine
391 1807 500 1849 versus
514 1789 591 1849 θεῶν
605 1785 729 1850 addunt
744 1787 791 1849 H.
808 1784 923 1871 aliique
938 1782 1079 1847 nonnulli
1095 1805 1168 1846 cum
1184 1782 1263 1848 Ald.

210 1906 259 1950 11.
281 1887 391 1969 μιμτρδς
413 1889 446 1951 ἐκ
467 1889 546 1973 μιᾶς]
575 1890 608 1952 ἐκ
628 1894 696 1969 μιᾶς
717 1888 848 1971 γαστμδς
870 1887 936 1951 duo
959 1885 1051 1950 codd.
1098 1885 1192 1964 Quod
1219 1884 1272 1950 vix

164 1986 295 2074 dignum
319 2003 505 2069 memoratu,
525 1990 642 2055 nedum
667 2005 701 2055 ut
724 1989 773 2054 his
794 1989 976 2054 auctoribus
998 1988 1129 2071 γαστρὸς
1149 1991 1183 2054 ἐκ
1205 1994 1273 2070 μιὸς

162 2089 319 2176 conjicias,
336 2091 565 2179 quodquidam
581 2093 733 2157 fecerunt.

211 2211 260 2256 12.
275 2199 362 2258 τοῦτο
377 2193 470 2274 dixit,
487 2197 582 2277 ὄνομα
597 2195 748 2282 cogitans,
764 2194 850 2282 quod
866 2194 940 2259 latet
956 2193 988 2258 in
1005 2199 1144 2259 καλοῦσι.

211 2299 258 2361 16.
276 2299 443 2373 κοινωνίαν,
454 2297 724 2375 consuetudinem,
740 2301 871 2379 ὁμιλίαν,
887 2297 931 2362 ait
947 2297 1163 2386 Musgravius,
1180 2297 1269 2362 male.

165 2401 283 2464 Sensus
303 2416 369 2466 est:
393 2411 431 2467 at
450 2404 518 2490 ipae
540 2411 570 2466 at
595 2422 654 2489 ago
675 2422 852 2466 communes
873 2401 985 2465 liberos
1008 2402 1209 2474 ίιαδετιιαωτς
1234 2410 1271 2466 at

162 2505 232 2589 ipse
252 2526 293 2567 aa
315 2526 362 2567 me
381 2505 494 2569 llberos
512 2514 707 2592 procrearet.
752 2504 866 2569 Bacch.
886 2521 978 2588 1277.
995 2504 1141 2578 Πενθεὺς,
1157 2506 1214 2592 ἐμῇ
1236 2530 1270 2568 τε

164 2606 212 2670 καὶ
225 2605 338 2688 πατρὸς
353 2608 499 2692 κοινωνία.
544 2609 642 2673 Herc.
661 2608 739 2671 Fur.
760 2610 851 2693 1365.
867 2607 942 2690 πρὸς
956 2605 1055 2689 στέρν’
1071 2609 1191 2689 ἐρείσας
1211 2633 1268 2688 μη·

163 2710 218 2791 τρὶ,
235 2711 304 2777 δούς
325 2707 350 2770 τ’
370 2711 401 2776 ἐς
422 2709 556 2792 ἀγκάλας
579 2713 746 2775 Κοινωνίαν
767 2712 924 2791 δύστηνον.
970 2709 1143 2797 Dionysius
1159 2710 1270 2797 junior

162 2811 248 2899 apud
266 2812 427 2876 Plutarch.
446 2814 487 2876 T.
505 2831 534 2877 2.
550 2836 583 2900 p.
598 2816 673 2898 338.
689 2814 726 2876 Β.
744 2814 877 2896 Δωρίδος
892 2816 925 2878 ἐκ
939 2813 1047 2894 μητρὸς
1069 2814 1188 2894 Φοίβου
1208 2839 1269 2878 και·

164 2916 280 2994 νάμασι
294 2921 448 2995 βλαστῶν.
474 2914 587 2980 Paullo
602 2915 907 2999 rddvppnpovlorepov
921 2914 1093 3002 Euripides
1108 2917 1177 2980 Ion.
1192 2916 1268 2998 418.

164 3018 287 3081 Παίδων
309 3020 388 3085 ὅπως
410 3022 470 3104 νῷν
489 3019 607 3101 σπέρμα
630 3017 877 3102 σνγκμοθήσεται.
914 3020 1032 3084 Versus
1053 3018 1142 3084 initio
1155 3018 1269 3084 τέκνων

162 3119 278 3185 habent
295 3121 387 3185 Cant.
406 3122 446 3184 D.
463 3123 496 3185 J.
514 3122 557 3185 K.
574 3122 622 3186 M.
641 3122 684 3184 R.
719 3122 838 3185 Contra
854 3144 926 3186 mox
953 3122 1001 3186 18.
1023 3124 1138 3187 παίδων
1151 3121 1269 3186 habent

162 3223 352 3304 scholiastes,
368 3226 519 3312 Origenes
533 3239 642 3289 contra
657 3223 738 3288 Cels.
757 3226 806 3289 Il.
829 3247 861 3312 p.
880 3241 931 3311 73.
946 3225 996 3290 ed.
1015 3227 1162 3312 Spencer.
1181 3241 1212 3290 et
1234 3226 1266 3290 in

163 3327 239 3392 MS.
254 3327 432 3393 scholiastes
444 3328 572 3391 Pindari
584 3327 634 3392 01.
647 3345 675 3390 2.
690 3330 741 3412 65.
765 3330 881 3391 Parum
897 3344 953 3393 aut
968 3328 1044 3392 nihil
1060 3330 1165 3393 refert.
1203 3329 1267 3394 Sed

162 3428 187 3493 si
202 3430 273 3516 quis
287 3431 354 3496 haec
369 3432 464 3495 verba
480 3445 671 3517 transponat,
687 3454 737 3493 me
752 3452 813 3495 non
828 3430 927 3496 invito
941 3431 1043 3496 faciet.
1067 3433 1170 3496 POR.

209 3547 257 3615 17.
282 3533 436 3613 Θήβαισιν
458 3532 544 3612 άναξ,
569 3547 603 3596 ut
627 3534 774 3598 ἀνάσσειν
798 3534 924 3615 Θήβαις.
965 3535 1071 3622 lphig.
1095 3536 1137 3598 Τ.
1153 3555 1208 3621 31.
1232 3537 1267 3601 οὗ

161 3639 216 3717 γῆς
238 3636 367 3701 ἀνάσσει
387 3637 572 3721 βαρβάροισι
594 3636 750 3719 βάρβαρος
770 3640 864 3705 Θόας.
902 3637 974 3701 Vid.
992 3639 1136 3703 Gramm.
1153 3641 1211 3704 Gr.
1235 3642 1266 3723 ξ.

160 3757 235 3823 392.
246 3757 278 3823 3.
305 3739 355 3804 Sic
370 3742 473 3804 Orest.
489 3757 563 3825 353.
579 3743 595 3803 δ
612 3740 778 3803 ναυτίλοισι
792 3739 904 3819 μάντις,
919 3740 995 3827 quia
1008 3739 1123 3805 dicitur
1137 3745 1266 3823 μαντεύ·

163 3846 249 3906 εσθαι
263 3844 331 3907 τινί.
356 3844 547 3908 ΜΑΤΤΗ.

209 3945 258 4022 18,
276 3966 324 4030 19.
341 3949 489 4027 δαιμόνων
503 3947 583 4028 άτεμ·
609 3949 635 4010 εί
648 3949 707 4029 γάρ
722 3947 881 4027 φυτεύσεις
896 3946 1058 4011 Maximus
1074 3946 1197 4036 Tyrius
1216 3967 1265 4033 19.

160 4061 192 4132 5.
209 4046 313 4133 (aliter
327 4050 374 4135 3.)
391 4048 422 4112 in
438 4049 510 4114 edd.
527 4049 613 4137 vulg.
642 4052 697 4134 βίᾳ
710 4071 748 4113 ex
767 4047 901 4135 vestigiis
924 4051 999 4114 MS.
1017 4064 1047 4114 et
1069 4048 1107 4129 ἢν
1128 4053 1187 4132 μδμ
1210 4059 1266 4133 φν-

160 4153 268 4239 τιάσῃς
282 4176 320 4217 ex
338 4154 438 4220 MSS.
452 4153 551 4218 edidit
567 4152 723 4218 Davisius.
747 4152 851 4216 POR.

206 4271 257 4320 20.
281 4256 411 4336 αἱμάτων
430 4256 557 4343 Origen.
578 4256 627 4320 ed.
649 4271 682 4320 et
702 4256 776 4318 MS.
797 4254 830 4319 in
851 4257 967 4321 Museo
988 4256 1155 4322 Helvetico
1175 4259 1264 4323 Part

165 4377 213 4442 19.
230 4380 261 4443 p.
276 4378 351 4444 341.
389 4358 499 4446 Hujus
513 4358 598 4423 vocis
618 4357 770 4446 pluralem
791 4357 960 4445 aliquando
975 4374 1128 4446 usurpant
1143 4359 1264 4447 tragici.

164 4461 266 4526 POR.
