2864 4914
195 282 260 350 178
559 278 937 347 ΑΝΝΟΤΑΤΙΟΝΕΞ

240 451 426 538 δακρύοισιν]
445 451 651 516 Scribendum
667 452 809 534 δάκρυσιν
822 474 861 515 ex
877 452 916 517 B.
932 447 1062 535 aliisque
1078 448 1232 537 pluribus.

245 571 336 638 1523.
351 551 406 617 τίν’
423 553 538 638 ῖοχήσω
554 576 592 617 ex
608 576 705 640 prava
721 553 898 640 Musgravii
912 551 1091 640 conjectura
1105 550 1229 637 legitur.
1260 551 1299 614 In

198 655 285 721 libris
299 655 400 720 solum
414 671 515 720 exstat
531 655 655 739 ἰαχήσω,
672 654 758 719 nulla
772 654 850 719 illud
872 654 1123 743 interpunctione
1136 679 1156 718 a
1170 655 1301 737 δακρύοι-

200 783 252 821 σιν
266 759 315 822 vel
330 757 470 840 δόκρνσιν
485 759 672 845 sejunctum.
714 756 893 822 Delendum
911 757 1037 841 ἰαχήσω,
1051 756 1138 844 quod
1154 757 1195 820 ab
1208 756 1302 820 inter-

197 859 336 946 polatore
352 859 495 924 additum
511 875 569 936 est,
584 859 640 946 qui
663 858 755 945 plena
769 859 966 924 distinctione
987 873 1058 947 post
1073 861 1224 942 προκλαίω
1245 882 1302 945 po-

198 960 258 1025 sita
277 961 308 1024 in
332 961 438 1025 codice
460 984 517 1025 auo
531 963 610 1042 μόνο
624 960 648 1024 δ’
664 984 723 1048 pro
736 960 838 1041 μονάδ’
854 962 1004 1049 scriptum
1020 962 1147 1027 videbat
1168 961 1302 1048 ideoque

198 1064 328 1128 verbum
345 1063 472 1151 aliquod
488 1064 684 1129 desiderabat
698 1063 738 1128 ad
754 1064 914 1129 sententiae
934 1064 1154 1152 integritatem.
1186 1065 1301 1148 ἰαχήσω

199 1167 302 1231 omisit
316 1167 409 1232 etiam
426 1168 598 1254 Burgesius
612 1168 652 1232 ad
670 1168 789 1232 Troad.
804 1191 837 1255 p.
856 1190 926 1249 144.

246 1288 336 1355 1524.
364 1287 455 1356 1525.
481 1273 562 1335 Haec
584 1270 615 1333 in
639 1292 739 1334 unum
765 1293 889 1334 versum
913 1270 1060 1335 creticum
1083 1268 1302 1356 conjungenda

199 1370 254 1435 πῖν’
271 1372 320 1436 ἐπὶ
334 1379 451 1454 πρῶτον
465 1374 524 1437 ὀπό
539 1375 645 1457 χαῖτας
661 1378 846 1454 σπαραγμοῖς
861 1374 997 1456 ὀπορχός
1009 1372 1097 1451 βάλω
1111 1402 1118 1446 ;

245 1496 336 1562 1525.
353 1482 576 1559 σπαραγμοῖσιν
589 1474 718 1539 codices.
756 1482 944 1558 σπαραγμοῖς
957 1474 1036 1541 Ald.
1051 1475 1137 1562 quod
1158 1496 1304 1549 revocan-

198 1579 287 1644 dum.
318 1584 541 1661 σπαραγμοῖσιν
555 1581 691 1662 ὀπορχᾶς
705 1600 766 1641 0111.
783 1579 822 1642 Β.

243 1681 333 1761 aaa
348 1680 586 1768 platonicum.
616 1662 705 1761 aaa
720 1679 797 1745 Ata.

250 1785 344 1868 1526.
359 1782 483 1870 ματρὸς]
500 1782 626 1864 ματέρος
639 1781 719 1847 Ald.
735 1799 766 1847 et
780 1781 900 1869 aliquot
914 1783 1006 1848 codd.

245 1887 330 1969 ἑμῖις]
350 1887 422 1965 ἐμᾶς
435 1883 513 1948 Ald.
529 1899 561 1948 et
575 1885 674 1972 major
689 1907 761 1972 pars
774 1884 928 1950 codicum.

244 1989 388 2068 διδύμοισι
410 1985 458 2050 vel
482 1988 645 2067 διδύμοισιν
668 1986 789 2051 codices
811 1986 995 2051 duodecim:
1019 1987 1074 2051 sed
1096 1985 1208 2074 optimi
1229 2008 1302 2050 curu

203 2087 280 2153 Ald.
296 2089 444 2153 videntur
457 2088 639 2167 consentire,
654 2089 710 2176 qui
731 2091 869 2172 διδύμοις.
914 2092 1022 2169 Quum
1043 2090 1138 2154 verba
1159 2090 1305 2170 διδύμοισι

206 2191 269 2273 (vel
284 2193 424 2275 διδύμοις)
441 2192 593 2275 γάλακτος
607 2191 773 2257 decursum
792 2193 987 2282 dactylorum
1010 2193 1115 2281 inepte
1136 2193 1303 2257 interrum-

201 2309 290 2380 pant,
305 2293 505 2359 scribendum
520 2316 630 2358 censeo

333 2396 444 2480 ματρὸς
460 2399 530 2476 ἐμᾶς
545 2397 672 2475 διδύμοις
687 2396 818 2478 γάλατος
831 2401 911 2480 πορδ
924 2404 1056 2479 μαστοῖς·

202 2498 255 2562 De
277 2497 378 2563 forma
400 2499 533 2582 χόλοτος
555 2497 595 2561 ab
616 2497 750 2562 librariis
772 2500 837 2565 fere
858 2500 975 2588 ubique
997 2500 1162 2565 obliterata
1183 2500 1249 2565 dixi
1271 2499 1303 2564 in

205 2600 372 2664 Thesauro
403 2599 563 2686 Stephani.
601 2597 747 2679 διδύμοισι
775 2601 830 2687 qui
862 2603 975 2667 servari
1006 2603 1122 2682 volent,
1151 2605 1304 2692 corrigere

204 2717 365 2788 poterunt,

333 2806 444 2887 ματρὸς
459 2808 529 2886 ἑμῖνς
544 2804 688 2887 διδύμοισι
702 2809 918 2891 γαλακτούχοις
930 2814 1012 2891 παρὰ
1020 2818 1154 2891 μαστοῖς.

206 2905 409 2992 Adjectivum
423 2912 630 2991 γαλακτούχος
643 2908 804 2972 annotavit
819 2909 933 2974 Pollux
950 2931 982 2996 3,
997 2929 1051 2998 50.

251 3025 343 3094 1527.
357 3016 482 3089 μαστοῖς
497 3009 589 3075 Leid.
604 3009 692 3075 alter.
738 3010 939 3077 scribebatur
952 3022 1122 3094 μαστοῖσιν.

252 3131 343 3195 1529.
359 3112 411 3175 De
425 3110 557 3175 catalexi
572 3113 760 3199 anapaestica
774 3137 804 3177 v.
818 3113 859 3177 ad
875 3137 904 3179 v.
919 3117 992 3180 800.

250 3218 363 3278 δισσῶν
377 3213 468 3278 codd.
484 3214 635 3302 plerique.
674 3221 785 3297 νεκρῶν
800 3217 838 3280 Β.
853 3233 886 3281 et
901 3218 928 3280 F
931 3216 987 3282 lor.
1004 3218 1068 3281 duo
1082 3240 1153 3283 curn
1170 3218 1247 3282 Ald.

254 3336 345 3403 1530.
362 3318 479 3381 ὀττοτοῖ
491 3316 584 3381 semel
601 3317 677 3381 Ald.
694 3320 823 3405 Mosqu.
839 3319 925 3384 Flor.
943 3339 972 3385 2.
987 3324 1018 3384 6.
1034 3323 1122 3406 Aug.
1137 3320 1168 3384 d.
1191 3323 1308 3384 ὀττοτοῖ

207 3418 255 3482 bis
268 3420 342 3483 MS.
359 3421 396 3484 C.
408 3420 446 3482 C.
457 3420 495 3483 C.
508 3419 573 3483 Gu.
590 3419 692 3483 Florr.
708 3420 859 3506 quinque,
874 3424 963 3509 Aug.
979 3422 1010 3486 b.
1037 3425 1203 3487 ὀττόττοτοι
1219 3421 1305 3486 Flor.

207 3523 250 3585 A.
273 3523 401 3585 ὀττοιτοῖ
413 3523 481 3586 ὀττο
495 3527 613 3585 ττοττοῖ
625 3520 711 3585 Flor.
725 3542 773 3586 10.
788 3522 875 3609 quod
889 3539 992 3588 ortum
1006 3523 1130 3588 videtur
1144 3548 1162 3588 e
1176 3524 1306 3588 lectione

208 3624 295 3688 Flor.
310 3644 363 3709 33.
378 3623 494 3687 ὀττοτοῖ
507 3623 621 3688 ὀττοτοῖ
635 3625 759 3688 ὀττοτοῖ.
783 3625 975 3689 ΜΑΤΤΗ.
1020 3624 1224 3690 Scribendum
1241 3629 1308 3692 ὀτο-

205 3733 254 3788 τοῖ
267 3728 373 3798 ὀτοτοῖ,
388 3724 474 3811 quod
491 3740 581 3789 extra
594 3748 717 3790 versum
732 3742 789 3790 est.

248 3828 320 3890 λίπε
340 3825 432 3890 codd.
455 3825 606 3913 plerique.
652 3826 876 3912 Revocandum
900 3833 987 3892 λεῖπε
1008 3851 1047 3892 ex
1067 3827 1145 3892 Ald.
1165 3844 1196 3892 et
1217 3831 1306 3916 Aug.

207 3951 281 3991 uno.

254 4046 346 4115 1533.
369 4031 514 4094 Οἰδιπόδα
530 4029 661 4094 codices.
699 4034 825 4097 Οῖδῖποο
841 4032 918 4097 Ald.
956 4035 1073 4099 Versus
1087 4051 1133 4098 est
1148 4032 1309 4098 dochmia-

206 4156 345 4320 ωε1534.
367 4249 458 4318 1535.
478 4235 516 4298 111
533 4257 632 4298 unum
649 4258 772 4300 versum
788 4237 1007 4324 conjungenda
1021 4242 1276 4319 rapacia-<tau

255 4352 346 4423 1535.
361 4336 566 4423 μακρόπνουν]
581 4342 752 4420 μακρόπονν
766 4338 860 4404 schol.
875 4356 907 4405 et
920 4341 1011 4406 codd.
1027 4341 1179 4408 nonnulli.

251 4439 338 4526 ζόαν]
363 4438 453 4503 Libri
475 4438 564 4516 ζωόν.
600 4443 716 4505 Versus
737 4441 909 4530 dactylicus
923 4443 954 4507 in
970 4444 1149 4521 dochmium
1164 4443 1240 4520 exit,
1254 4466 1308 4507 cu-
