2864 4914
212 277 256 341 tl
575 279 954 345 ANNOTATIONES

212 481 287 548 903.
311 473 435 533 πτανοίς
455 469 620 548 ἁρπασθεὶς
641 471 727 533 θοίνα
747 475 819 535 παῖς
839 493 889 549 μοι
910 468 973 534 σός.
1011 466 1086 549 908.
1110 467 1143 533 δς
1162 464 1189 548 γ’
1213 467 1315 548 ὀμφάν

214 572 334 648 κληροῖς
346 568 422 650 πρὸς
435 569 582 654 χρυσέους
596 571 713 637 θάκους.

254 675 324 736 παῖς
338 669 398 759 ἅδ’]
417 671 456 735 Id
471 685 518 737 est
534 675 603 756 lyd.

256 787 330 856 203.
346 775 464 838 δειλαία
478 776 613 860 δειλαίφ]
632 778 751 860 δειλαίῳ
767 777 883 840 δειλαία
900 774 977 839 Ald.
1010 775 1173 838 Mutatum
1189 796 1228 837 ex
1243 789 1314 837 octo

211 872 379 939 codicibus.

256 995 330 1058 204.
352 979 562 1065 ου’νριθρίπταν]
588 980 799 1063 οὐρειθρέπταν
823 979 889 1044 duo
914 980 1006 1045 codd.
1031 993 1138 1044 (cntra
1164 1001 1312 1043 canonem

211 1079 371 1144 Eustathii
387 1105 417 1168 p.
432 1084 510 1163 460,
525 1099 576 1168 25.

256 1184 330 1246 206.
348 1185 468 1267 είσόψει
484 1184 628 1272 Kingius
667 1185 758 1249 Libri
775 1186 892 1267 ἓσόψει.

256 1302 328 1366 207.
351 1289 409 1351 σίις
430 1287 499 1360 δπο,
514 1287 697 1367 λαιμάτομον
713 1286 804 1351 codd.
820 1300 988 1373 quattuor:
1013 1284 1124 1375 reliqui
1145 1308 1217 1349 cum
1233 1284 1313 1349 Ald.

211 1390 268 1455 σᾶς
282 1388 536 1469 άπολαιμδτομαν.
580 1391 620 1453 In
638 1391 678 1453 B.
695 1404 741 1454 est
755 1394 811 1456 σᾶς
825 1389 1111 1470 δπολαιμοτόμητον.

255 1487 389 1574 θ’Ἀιδιρ
411 1491 624 1556 Hermaunus.
662 1491 865 1557 Scribebatur
885 1489 909 1554 τ’
931 1489 1028 1576 Ἀίδα.
1065 1491 1105 1554 In
1130 1491 1173 1554 H.
1197 1487 1222 1552 τ’
1246 1487 1314 1553 atta

211 1591 421 1679 superscripto
435 1618 480 1657 ου.

256 1711 331 1778 209.
346 1694 612 1780 δπαπεμπομίναν]
630 1696 688 1760 ὑπὸ
704 1695 899 1778 πεμπομένου
913 1695 1018 1782 Mosq.
1035 1716 1126 1759 unus.
1171 1694 1248 1757 Duo
1260 1690 1313 1757 alii

210 1793 303 1861 codd.
319 1795 581 1877 ἀποπεμπομένου.
613 1798 730 1862 Versus
743 1796 775 1861 in
792 1797 867 1863 Ald.
883 1796 975 1862 divisi
989 1798 1198 1880 γᾶς-σκότον
1215 1793 1222 1881 Ι
1241 1794 1315 1860 ἔνθα

210 1900 401 1979 -κείσομαι,

255 2018 327 2066 210.
359 2000 542 2088 Legebatur
566 2005 585 2066 ά
613 2003 752 2068 τάλαινα.
791 2003 973 2068 Articulum
1002 1999 1118 2067 delevit
1144 1998 1311 2065 Seidlerus.

212 2101 368 2190 Tripodia
380 2101 514 2167 iambica
528 2119 599 2190 post
615 2119 844 2192 pentametrum
859 2104 1047 2192 dactylicum
1064 2117 1112 2168 est
1126 2124 1156 2164 v.
1174 2103 1243 2186 169.

253 2221 327 2270 211.
344 2206 381 2268 σδ
397 2206 610 2271 Hermsnuus.
641 2207 688 2271 καὶ
703 2209 740 2271 σδ
755 2205 836 2270 libri.

254 2304 278 2370 d
292 2305 414 2371 addidit
430 2307 578 2394 Kingius.

255 2410 384 2474 δάστανε
405 2411 476 2490 βίον
495 2411 663 2475 Porsonus.
690 2409 838 2475 δυστάνου
850 2410 920 2489 βίον
935 2406 1027 2471 codd.
1042 2429 1094 2471 sex
1118 2406 1313 2472 recentiores.

210 2513 349 2591 δύστανε,
363 2512 478 2576 omisso
498 2515 580 2592 βίον,
603 2511 673 2577 libri
696 2511 807 2599 optimi
828 2532 900 2574 cum
923 2507 1001 2573 Ald.
1041 2509 1135 2575 Conf.
1151 2533 1183 2573 v.
1202 2509 1312 2594 1798>

210 2614 358 2679 δυστάνου
373 2619 465 2695 μᾶτερ
478 2619 593 2694 βιοτᾶς.

256 2735 327 2782 212.
342 2718 518 2797 πανδίρτοις
533 2715 737 2782 Blomlieldus
751 2716 791 2782 ad
807 2715 918 2781 AEsch.
934 2716 1020 2779 Pers.
1035 2732 1075 2799 93
1078 2729 1109 2798 5.
1151 2713 1313 2778 Scribeba-

211 2831 265 2881 tur
278 2819 479 2900 πανοδίρτοις.
511 2821 585 2884 Non
598 2836 643 2886 est
659 2818 819 2908 probabile
833 2832 1026 2906 anapaestum
1042 2814 1182 2903 spondeo
1195 2830 1313 2901 praetu-

211 2918 281 2984 lisse
303 2936 426 3006 poetam
451 2944 508 2986 nec
529 2921 680 2987 librorum
704 2920 767 2986 ulla
789 2921 822 2985 in
844 2921 904 2985 hoc
928 2940 1041 3006 genere
1064 2916 1232 2982 auctoritas
1253 2934 1311 2998 est,

210 3045 310 3110 quum
335 3025 458 3105 δίρομαι
484 3037 515 3088 et
544 3023 707 3106 πάνδυρτος
734 3023 775 3088 ab
801 3021 935 3087 librariis
963 3019 1082 3106 ubique
1104 3042 1177 3083 cum
1203 3020 1313 3086 formis

210 3124 451 3213 quadrisyllabis
466 3140 694 3214 permutentur.

255 3247 326 3309 214.
348 3230 577 3308 μετακλαίομαι]
599 3230 843 3309 μετακλαίσομαι
868 3229 913 3290 Η.
941 3239 973 3289 et
998 3223 1068 3288 cod.
1095 3223 1201 3287 Loud.
1224 3225 1312 3312 apud

211 3331 399 3393 Porsonum.
436 3329 691 3414 Comparandum
706 3352 777 3393 cum
793 3327 1011 3410 μεταστίνομαι
1033 3326 1126 3392 Med.
1141 3329 1214 3412 996.
1252 3330 1313 3392 Ce-

210 3444 312 3496 terum
328 3429 473 3517 posthoc
487 3431 617 3495 verbum
632 3454 755 3496 comma
768 3429 948 3518 ponendum
963 3443 1039 3494 erat.

254 3548 326 3616 215.
343 3532 484 3614 ξυντηία
498 3534 646 3612 κρείσσων
661 3534 818 3617 ἑκίρησεν]
844 3532 970 3596 Finitus
988 3531 1048 3595 hoc
1070 3547 1205 3619 systema
1220 3555 1310 3596 versu

209 3632 415 3710 acatalectico,
432 3644 467 3696 ut
481 3632 566 3718 apud
578 3633 741 3721 Aristoph.
758 3637 840 3698 Rau.
854 3634 927 3719 376.
943 3634 1097 3714 ἠρίστηται
1111 3633 1136 3698 δ’
1153 3637 1310 3717 ἐξαρκούν-

209 3761 313 3803 mc:
319 3733 394 3819 381.
411 3733 466 3797 κάν
482 3737 642 3816 Θωρυκίων
656 3736 696 3816 μὴ
710 3738 867 3815 βούληται.

253 3855 326 3918 224.
342 3838 448 3918 tepente]
468 3838 545 3917 ἱρείς
560 3837 665 3923 Mosq.
683 3859 773 3901 unus.

251 3946 321 4007 παῖς
333 3936 514 4022 Ἀχιλλέως]
534 3937 768 4022 Neoptolemus.

253 4058 326 4127 225.
348 4045 461 4122 δρᾶσον
475 4039 520 4102 Η.
535 4037 651 4125 aliique
667 4063 738 4104 cum
756 4041 854 4126 Greg.
872 4042 947 4104 Cur.
970 4062 1003 4127 p.
1025 4041 1073 4104 18.
1110 4044 1218 4130 Major
1239 4067 1314 4131 pars

209 4143 350 4208 codicum
365 4158 396 4204 et
411 4137 488 4203 Ald.
504 4138 633 4219 δράσεις.

253 4246 323 4314 228.
347 4268 393 4307 τοι
412 4240 553 4327 quinque
573 4239 664 4304 codd.
687 4255 718 4305 et
738 4241 932 4307 Eumathius
953 4242 993 4308 de
1020 4268 1115 4310 amor.
1138 4248 1255 4312 Ismen.
1279 4270 1313 4329 4.

209 4371 240 4436 p.
259 4366 330 4429 144.
367 4340 496 4427 Reliqui
510 4352 540 4404 et
556 4340 633 4405 Ald.
649 4367 686 4405 τι.
826 4332 828 4337 ’

253 4468 325 4532 229.
347 4446 422 4531 αίαῖ]
448 4442 538 4508 Libri
554 4442 604 4507 hic
626 4456 657 4507 et
678 4441 752 4507 alibi
771 4457 950 4509 constanter
973 4447 1006 4513 αἳ
1023 4448 1064 4528 αἳ,
1079 4448 1167 4536 quod
1190 4449 1312 4539 ubique
