2864 4914
494 311 562 374 AD
585 302 924 374 HIPPOLYTUM.
1197 304 1264 370 288

206 500 278 563 240.
294 483 412 565 γνώμας
426 483 555 567 άγαθᾶς]
573 483 692 566 γνώμης
706 483 821 564 dyadis
835 478 920 545 Flor.
936 491 1000 544 tres
1013 491 1047 542 et
1060 478 1108 544 H.

203 603 277 666 241.
292 586 362 670 άτη]
380 586 435 672 άτῃ
451 586 523 651 Par.
539 587 583 650 A.
599 584 686 650 Flor.
702 599 774 661 tres,
791 583 899 647 Hcvn.
923 580 1116 647 ΜΑΤΤΗ.

205 707 277 769 242.
291 687 427 777 τλήμων]
446 688 652 753 Scribendum
666 685 799 766 τλάμων.

206 809 279 875 243.
297 790 448 875 κεφαλάν]
467 789 603 873 κεφαλήν
619 791 646 852 F
650 788 705 854 lor.
719 809 733 853 1
737 807 770 874 5.
785 801 816 853 et
832 789 879 852 H.
914 780 920 793 .

206 911 277 978 245.
295 892 400 977 δάκρυ]
418 893 528 974 δάκρυα
543 894 590 956 Η.
606 905 637 956 et
653 890 740 955 Flor.
756 891 800 957 A.
819 909 870 954 10.
893 913 944 968 μοι
958 909 1022 953 om.
1037 887 1123 954 Flor.
1139 890 1184 957 A.
1320 947 1329 965 ,

207 998 279 1078 246.
296 994 457 1082 αἰσχύνην]
476 993 681 1059 Scribendum
698 995 856 1078 αἰσχύναν.

209 1116 280 1182 247.
297 1097 434 1184 γνώμαν]
451 1098 571 1180 γνώμην
586 1099 660 1162 Par.
677 1099 719 1161 A.
737 1098 765 1160 F
767 1096 824 1161 lor.
840 1116 890 1161 10.
905 1109 956 1181 15.
971 1097 1019 1161 H.

206 1202 311 1285 ὀδννᾷ]
328 1206 428 1278 λοπεῖ,
444 1205 607 1265 κοταπονεῖ
625 1199 849 1287 interpretetus
872 1197 1065 1286 Hesychius,
1079 1198 1211 1264 fortasse
1225 1220 1264 1263 ex

163 1303 315 1370 hocloco.
341 1303 490 1366 MONK.

209 1424 334 1491 253-2
337 1424 390 1490 59.
414 1407 486 1470 Hos
500 1427 608 1469 versus
627 1404 735 1469 usibus
757 1405 821 1470 suis
841 1403 1087 1470 accommodavit
1102 1403 1212 1469 Cicero
1226 1402 1267 1469 de

164 1508 313 1575 Amicitia
334 1529 380 1594 13·
393 1523 445 1593 45.
462 1508 551 1571 Nam
566 1508 764 1595 quibusdum,
776 1529 853 1596 qnos
867 1507 964 1572 audio
977 1508 1135 1596 sopimus
1145 1506 1267 1573 tobim

163 1616 199 1677 in
216 1614 358 1691 (ἕνωσίν,
376 1613 535 1699 placuisse
550 1613 663 1699 opinor
674 1612 836 1676 mirabilia
857 1611 1021 1700 quodam:
1042 1609 1098 1675 sed
1118 1611 1201 1677 nibil
1221 1620 1268 1676 ost

163 1717 246 1805 quod
266 1717 315 1779 illi
337 1739 400 1779 non
416 1725 652 1803 persequantur
670 1717 843 1804 argutius:
861 1716 985 1803 partim
992 1713 1182 1802 figiendos
1202 1735 1268 1780 croc

164 1821 283 1884 nimios
297 1821 465 1898 amicitias,
481 1841 521 1884 ne
542 1841 662 1885 necesse
682 1822 726 1884 sit
746 1841 846 1883 unum
861 1818 1027 1883 sollicitum
1042 1837 1107 1881 eote
1118 1839 1178 1903 pro
1187 1816 1265 1904 pln-

164 1922 274 1985 m'bus:
304 1923 384 1986 ontis
414 1944 569 2010 superque
597 1944 663 1986 esse
690 1944 823 1987 suamcm
852 1923 962 2008 coique
990 1941 1120 1993 rerum3
1151 1918 1267 1985 olienis

164 2027 262 2088 oticsis
287 2025 448 2111 implicari
474 2027 635 2089 molestum
660 2045 743 2089 cccc.-
766 2024 1048 2089 commodissimum
1073 2043 1150 2102 esse,
1172 2045 1267 2111 quom

165 2128 349 2191 lenissimos
370 2127 507 2191 habenas
530 2128 643 2191 dobere
667 2129 826 2204 amicitie,
849 2147 929 2213 quos
951 2126 1001 2190 vel
1023 2125 1175 2207 αάώαναν,
1196 2149 1268 2195 mem

166 2230 254 2303 nelis,
270 2230 320 2293 vel
340 2231 503 2294 remittas:
525 2239 620 2317 capnt
642 2231 725 2294 enim
745 2250 811 2295 ecoe
824 2230 867 2292 nd
882 2229 967 2292 beato
982 2228 1161 2308 vivendum,
1176 2251 1266 2296 secu·

165 2333 317 2404 ritatem
341 2354 404 2418 quo
412 2333 496 2416 frui
518 2355 581 2395 otoo
601 2334 702 2419 possit
723 2333 862 2409 animus,
881 2333 910 2394 si
932 2340 1081 2417 tanquam
1098 2333 1269 2418 parturiat

167 2456 252 2498 unus
262 2457 325 2521 pro
337 2435 497 2522 pluribus.
543 2433 726 2521 Suspicatus
741 2435 768 2498 V
770 2432 971 2498 alckenaerins
987 2433 1169 2499 Ciceronem
1188 2432 1267 2513 baec,

168 2551 204 2600 ut
225 2535 381 2622 permulta
403 2535 473 2615 alia,
489 2536 657 2622 sumpsisse
679 2560 697 2601 e
717 2535 907 2623 Chrysippo,
923 2534 991 2622 qui,
1008 2557 1080 2599 cum
1103 2533 1268 2622 Euripidis

167 2638 410 2703 studiosissimus
426 2654 516 2716 esset,
532 2654 679 2728 potuerat
699 2653 819 2704 nostros
834 2661 942 2703 versus
962 2637 993 2702 in
1015 2637 1115 2703 Libro
1129 2661 1187 2704 suo
1201 2640 1269 2722 περὶ

168 2744 272 2824 φιλίας
286 2741 475 2806 adhibuisse.
499 2744 651 2807 MONK.

213 2863 286 2929 254.
304 2845 428 2914 θνατοὺς
443 2845 530 2910 Plut.
548 2848 634 2912 Mor.
652 2869 684 2932 p.
694 2864 734 2930 95
747 2847 787 2909 E.
812 2843 917 2932 Vulgo
932 2845 1063 2926 θνητοὺς,
1079 2844 1165 2930 quod
1181 2868 1268 2910 revo-

167 2945 313 3011 candum.

213 3066 285 3133 255.
302 3054 404 3132 ψυχᾶς
420 3049 505 3115 Flor.
527 3069 575 3135 15.
601 3050 706 3137 Vulgo
720 3055 831 3135 ψυχῆς,
847 3049 934 3137 quod
949 3050 1187 3117 restituendum.

213 3172 229 3214 2
232 3155 284 3237 56.
301 3151 483 3237 στέργηθρα]
501 3152 651 3235 θέλγητρα
666 3153 866 3218 Plutarchus.
889 3153 1011 3218 Eodem
1025 3154 1118 3218 modo
1130 3153 1268 3219 varietur

167 3254 199 3318 in
215 3253 301 3317 libris
316 3253 584 3341 AEschyliProm.
600 3274 673 3339 501.
699 3256 847 3319 MONK.

213 3377 285 3442 259.
301 3358 419 3442 ψυχὰν]
439 3356 644 3421 Scribendum
660 3356 764 3440 ψυχὴν
777 3381 816 3421 ex
832 3359 906 3421 Par.
923 3358 966 3423 A.
982 3370 1012 3422 et
1028 3358 1074 3425 H.

213 3463 285 3525 261.
309 3462 440 3543 ἀτρεκεΐς
462 3463 537 3524 ἐπιτ.
554 3481 631 3524 nera
645 3460 766 3539 stttdia,
782 3474 853 3524 sunt
869 3483 942 3545 quae
964 3459 1053 3541 serio,
1066 3459 1152 3524 omni
1172 3460 1267 3526 enimi

169 3563 378 3643 contentione,
394 3562 425 3626 in
442 3561 561 3649 aliquid
578 3563 793 3638 conferuntur,
809 3562 944 3649 ideoque
957 3578 1112 3642 accurato,
1123 3565 1266 3646 ἀκριβεῖς,

171 3680 206 3730 nt
220 3667 443 3753 interpretatur
457 3665 552 3730 schol.
569 3680 601 3731 et
617 3664 758 3750 Hesych.
781 3666 932 3730 MONK.

214 3770 287 3833 268.
303 3771 429 3854 ὁρῶμεν]
450 3767 655 3833 Scribendum
673 3770 731 3850 ὁρῶ
744 3769 802 3847 μὲν
815 3789 887 3832 cum
904 3767 1051 3832 Monkio.

215 3890 287 3956 273.
311 3872 406 3957 ἥκεις]
429 3875 493 3953 ἥκει
509 3871 595 3937 Flor.
613 3873 657 3935 A.
676 3892 726 3936 10.
743 3873 815 3935 Per.
832 3872 876 3936 D.
893 3871 978 3957 quod
995 3895 1053 3959 pro
1068 3896 1099 3937 v.
1117 3873 1138 3937 l.
1154 3895 1269 3938 memo·

169 3989 218 4038 rot
233 3973 324 4037 etiam
338 3974 433 4039 schol.
456 3976 577 4040 Eodem
591 3975 725 4039 recidis:
748 3973 768 4037 i.
779 3997 807 4038 e.
824 3995 886 4038 nou
902 3972 1001 4061 magis
1012 3974 1085 4053 scio,
1097 3999 1170 4061 quae
1180 3974 1269 4062 origo

171 4076 271 4140 morbi
287 4075 335 4153 sit,
352 4099 447 4162 quum
462 4077 534 4163 quis
549 4077 686 4141 morbus.
712 4077 905 4142 MATTH.

215 4199 287 4265 275.
302 4181 449 4265 τροπαίαν]
468 4179 541 4244 Vid.
557 4179 597 4243 ud
615 4181 695 4244 Heo.
710 4199 765 4264 32.

213 4283 240 4367 γ’
257 4307 319 4348 om.
336 4286 409 4347 Par.
427 4286 469 4346 A.
487 4281 573 4346 Flor.
588 4283 631 4345 A.
647 4300 696 4346 10.

172 4445 176 4451 .
216 4389 288 4472 283.
310 4386 444 4474 πλάνον]
457 4385 587 4465 πλάνην
607 4387 681 4450 Por.
697 4387 740 4452 A.
759 4387 807 4451 H.
845 4388 885 4451 In
909 4385 995 4451 Flor.
1013 4388 1057 4451 A.
1078 4406 1128 4451 10.
1150 4391 1270 4468 φρενῶν

171 4490 298 4555 πλάνον.
322 4489 469 4555 Eustatb.
486 4512 518 4578 p.
533 4508 573 4578 33
576 4509 609 4576 5,
623 4509 677 4573 44.
695 4490 744 4556 καὶ
756 4489 872 4558 πλάνος
886 4494 1013 4572 φρενῶν,
1028 4489 1048 4571 ἡ
1061 4487 1172 4568 πλάνη.
