2864 4914
161 256 224 318 lm
520 257 898 323 ANNOTATIONES

207 429 301 513 1376.
324 429 529 495 Scribendnm
546 451 611 493 uno
625 450 717 495 versu
733 428 930 502 πολιὸν-όν,
944 425 1000 514 qui
1015 448 1056 490 ex
1069 420 1215 490 dochmio
1229 432 1262 486 et

161 531 262 595 tribus
275 531 395 596 creticis
408 543 540 597 constat.

206 635 298 719 1378.
321 636 529 720 ταυρόκρανος]
559 633 728 723 Sophocles
748 633 789 698 de
810 633 953 698 Acheloo
976 631 1096 697 Trech.
1115 650 1165 716 13.
1187 631 1261 709 βοό-

160 762 278 818 κρονος.
313 736 454 801 Aufidus
467 739 669 824 tauriformis
683 737 768 825 apud
783 736 964 801 Horatium.
988 736 1011 800 J
1013 733 1176 801 ORTIN.

206 858 299 924 1379.
322 841 455 904 ἑλίσσων
477 847 581 905 κυκλοῖ
602 841 689 922 (nam
710 839 753 905 sic
774 839 887 905 codd:
909 845 1015 904 κυκλεῖ
1033 835 1130 920 Ald.)
1145 834 1258 920 χθόνα]

160 940 322 1007 Baccheus
336 957 367 1006 et
382 941 510 1028 dipodia
524 942 668 1021 iambico,
683 960 720 1008 ut
734 965 765 1005 r.
782 943 875 1028 1386.
891 941 984 1023 μέλος
997 939 1144 1024 βαρβάρῳ
1157 940 1231 1021 βοᾷ.

205 1047 299 1132 1380.
316 1045 400 1109 ἔστιν
414 1044 479 1108 duo
492 1043 586 1109 codd.
602 1061 634 1109 et
648 1044 818 1109 scholiasta.
847 1044 952 1109 Ceteri
966 1058 997 1108 et
1013 1041 1091 1107 Ald.
1108 1039 1182 1105 ἔσθ’.

206 1148 299 1234 1383.
317 1148 411 1233 1384.
426 1147 574 1211 Alterum
590 1170 713 1212 versum
730 1148 771 1212 ab
781 1146 864 1215 Ἴδας
877 1146 986 1233 incipit
1000 1145 1081 1210 Ald.
1116 1143 1260 1232 Conjun·

158 1250 263 1337 gendo
277 1250 397 1315 veroin
418 1272 517 1315 unum
534 1272 656 1314 versum
679 1249 962 1333 Φρύγιον-στένω,
978 1250 1035 1337 qui
1054 1263 1101 1314 est
1121 1247 1262 1314 trimeter

158 1352 370 1432 dochmiacus,
385 1354 500 1418 inserto
515 1368 587 1440 post
601 1353 737 1440 primum
753 1351 935 1417 dochmium
949 1353 1078 1441 dipodiu
1091 1351 1233 1417 iambica,

205 1458 299 1544 1385.
319 1457 478 1541 ἁρμάτειον
499 1458 603 1542 μέλος]
628 1458 760 1521 Certum
782 1454 952 1520 hermoniae
973 1478 1075 1543 genus
1095 1469 1153 1532 est,
1173 1453 1261 1541 quod

160 1559 318 1644 ἁρμάτειον
334 1564 427 1641 νόμον
439 1574 530 1624 vocat
546 1558 736 1624 Plutarchus
751 1561 815 1645 Op.
831 1559 919 1623 Mor.
932 1582 966 1647 p.
980 1560 1057 1644 596.
1072 1574 1105 1623 et
1118 1580 1151 1645 p.
1165 1572 1260 1641 2077.

160 1662 226 1728 Ed.
259 1661 370 1750 Steph.
416 1661 649 1752 Etymologinm
679 1661 764 1726 vocis
797 1661 983 1749 investigare
1013 1661 1067 1726 vix
1098 1661 1174 1726 tenti
1204 1674 1261 1726 est.

206 1868 300 1953 1387.
337 1872 443 1933 διᾶ-
465 1869 471 1954 Ι
494 1871 692 1951 κνκνόπτερον
705 1906 749 1918 -
771 1867 780 1957 Ι
800 1867 1148 1936 δυσελένας-Ἀπολ-
1171 1866 1177 1955 Ι
1199 1874 1260 1932 λιν-

160 1973 275 2036 νίων-
292 1970 299 2057 Ι
319 1970 492 2051 ίσλίμων-
510 1971 517 2057 Ι
536 1970 872 2051 Γανυμήδεος-εὐνέτα
885 1969 965 2036 Ald.

202 2073 238 2139 δι’
256 2075 425 2139 Porsonus.
450 2078 499 2140 διὰ
513 2075 547 2139 τὸ
561 2080 614 2142 τᾶς
627 2074 709 2140 libri.

206 2197 299 2263 1391.
316 2181 424 2261 ἐρινόν·
447 2179 561 2264 ὀτοτοῖ]
578 2181 706 2261 ἐριννῦν,
721 2180 839 2243 όττοτοί
851 2176 932 2241 libri.

207 2300 298 2367 1392.
316 2283 482 2348 ἱπποσύνας
497 2281 714 2368 Musgrarius.
751 2279 842 2345 Libri
859 2282 1021 2346 ἱπποσόνα.

207 2403 303 2470 1397.
316 2383 437 2450 Ἀσιάδι
451 2389 539 2469 φωνᾷ
553 2384 640 2464 dicit,
657 2400 806 2472 tanquam
821 2383 935 2449 exinde
946 2384 1059 2449 certior
1072 2384 1186 2464 factus,
1202 2384 1264 2450 ele·

160 2509 276 2552 morem
300 2511 319 2552 e
342 2487 493 2566 barbaris,
517 2510 578 2552 non
598 2513 616 2553 a
640 2488 773 2565 Graecis,
790 2487 910 2552 editum
928 2511 1004 2552 esse.
1049 2488 1100 2552 De
1117 2489 1265 2554 barbaro-

160 2612 232 2653 rum
254 2590 341 2655 luctu
363 2591 435 2655 ride
458 2590 614 2655 Herodot.
631 2592 662 2668 6,
677 2591 730 2676 58.
769 2592 900 2655 Certum
923 2588 1128 2654 lamentorum
1152 2614 1264 2678 genus,

161 2706 197 2757 ut
212 2693 359 2758 Asiaticis
375 2693 551 2782 proprium,
567 2705 827 2758 commemoratur
845 2692 949 2780 lphig.
965 2693 997 2757 in
1015 2694 1132 2759 Tauris
1146 2718 1177 2758 v.
1193 2712 1264 2781 179.

162 2796 392 2884 Mariandynus
421 2810 464 2861 ut
499 2796 531 2859 in
569 2795 713 2883 lugendis
745 2796 877 2861 mortuis
912 2797 1088 2886 precipuos
1122 2799 1265 2887 designat

162 2899 305 2986 AEschyl.
325 2901 410 2964 Pers.
427 2923 458 2963 v.
476 2919 547 2985 940.
574 2899 687 2964 Suidos
700 2899 732 2963 in
745 2899 877 2981 θρήνους·
897 2903 1085 2984 βαρβαρικὸν
1099 2905 1131 2967 δὲ
1146 2904 1180 2967 τὸ
1197 2909 1268 2986 θρη-

161 3008 225 3066 νεῖν
241 3003 289 3066 ἐπὶ
304 3005 469 3089 Πατρόκλῳ
485 3008 558 3085 γοῦν
573 3004 607 3066 οὐ
622 3006 744 3085 γίνεται.
769 3004 915 3069 MUSG.

208 3105 299 3190 1398.
315 3103 419 3187 ξίφεσι
434 3104 535 3169 versui
550 3104 695 3192 proximo
709 3105 798 3171 addit
813 3106 893 3171 Ald.

208 3228 301 3288 1400.
322 3208 418 3288 ἦλθον
439 3210 469 3274 ἐς
489 3210 605 3288 δόμους,
630 3209 666 3271 ἵν’
682 3207 745 3273 αὖθ’
766 3209 877 3274 ἕκαστά
897 3235 945 3274 σοι
964 3209 1061 3298 λέγω]
1088 3211 1203 3275 Versus
1221 3232 1260 3274 ex

162 3309 406 3397 penthemimere
426 3310 583 3374 trochaico
599 3325 631 3374 et
652 3310 786 3375 dimetro
808 3310 941 3376 iambico
960 3311 1160 3399 compositus.
1201 3316 1266 3378 Eo-

162 3409 233 3474 dem
250 3409 344 3473 modo
357 3409 533 3474 metiendus
547 3433 578 3474 v.
593 3429 685 3490 1402.

211 3533 304 3593 1401.
328 3515 378 3576 δόο
403 3514 442 3576 Β.
464 3526 496 3577 et
518 3514 624 3601 Mosq.
649 3537 741 3578 unus.
775 3517 832 3579 δύο
859 3514 935 3579 Ald.
955 3514 1043 3601 quod
1064 3527 1134 3602 post
1156 3517 1264 3597 διδύμω

162 3614 298 3700 positum
314 3615 346 3679 in
363 3617 410 3694 H,
425 3615 502 3678 mihi
515 3615 683 3680 delendum
699 3616 834 3682 videtur.

211 3737 303 3804 1403.
327 3717 491 3799 κακομήτας
505 3718 579 3800 ἀνὴρ
594 3718 672 3784 Ald.
706 3721 779 3802 ἀνὴρ
794 3742 856 3784 om.
874 3721 912 3783 Β.
927 3735 958 3784 et
973 3735 1090 3808 septem
1106 3720 1167 3785 alii.
1212 3723 1265 3787 Eo

164 3835 285 3884 servato
299 3822 458 3884 Porsonus
473 3821 628 3902 κακόμητις
644 3822 717 3904 ἀνὴρ
732 3822 905 3910 scripserat.

211 3937 303 4007 1407.
321 3924 443 4006 ἔρροι-
461 3923 468 4010 Ι
487 3925 516 3987 οἱ
530 3925 606 3986 ii-
624 3924 629 4011 Ι
649 3925 825 4008 ἆς-Πόρις
838 3925 917 3990 Ald.

210 4045 302 4107 1412.
318 4024 455 4102 ἱζονό-
474 4024 479 4113 Ι
498 4029 726 4111 ἄλλος-πεφρ.
743 4027 820 4093 Ald.

209 4148 301 4213 1413.
317 4129 537 4214 πεφραγμένοι]
551 4129 758 4195 Scribendum
769 4132 986 4215 πεφαργμίνοι.
1011 4132 1083 4198 Vid.
1095 4131 1134 4196 nd
1149 4156 1178 4195 1.
1190 4133 1263 4214 761.

211 4253 304 4312 1414.
318 4232 409 4315 χέρας
425 4231 572 4318 Kingius.
599 4238 702 4315 χεῖρας
715 4232 798 4298 libri.

209 4335 350 4418 ἱκεσίους]
368 4336 480 4402 ἱκεσίας
495 4336 543 4398 H.
