2864 4914
548 295 617 357 AD
641 292 864 357 MEDEAM.
1189 286 1254 356 229

153 452 267 544 ρινθίας
283 464 372 529 metri
387 487 494 528 caussa
508 464 540 528 in
559 464 640 544 τῆσδ’
662 463 719 544 ἔξω
733 463 843 548 χθονὸς
863 472 1036 538 mutarunt,
1052 457 1139 545 quod
1155 456 1253 522 edidit

155 564 269 628 Aldus.
295 567 410 631 ELM.

197 670 271 749 708.
295 676 447 750 καρτερεῖν
470 671 546 735 Ald.
570 672 673 756 καρδία
695 693 752 756 pro
767 690 832 732 var.
850 669 920 730 lect.
937 668 1033 729 Rom.
1049 666 1096 728 A.
1118 665 1190 727 Par.
1206 663 1252 725 D.

156 769 258 834 Schol.
275 777 458 854 Καρτερεῖντ
481 774 547 837 ἀντὶ
561 777 614 837 τοῦ
629 777 746 854 κρατεῖν
761 772 809 834 καὶ
824 766 973 852 ἀντέχειν.
997 767 1113 832 καὶτὸν
1127 767 1253 848 έγκρατῆ

153 870 280 954 λέγουσι
296 876 446 956 καρτερόν.
483 873 675 958 Ἀρχίλοχος·
699 876 717 937 ὁ
739 871 762 937 δ’
784 871 873 951 Ἀσίη
895 897 928 937 τε
950 869 1089 952 καρτερὸς
1109 869 1254 949 μηλοτρό-

154 983 222 1057 φος.
245 977 340 1058 φησὶν
362 979 407 1040 ὅτι
426 982 467 1063 τῷ
488 979 570 1063 λόγῳ
589 979 646 1057 μὲν
664 982 880 1059 προσποιεῖται,
905 979 945 1060 τῷ
966 977 999 1038 δὲ
1019 975 1095 1057 ἔργῳ
1115 972 1150 1035 οὐ
1171 969 1254 1034 θέλει

156 1084 273 1158 κρατεῖν
289 1081 337 1142 καὶ
352 1078 500 1163 ἀντέχειν.
525 1079 757 1143 Grammaticus
771 1077 868 1165 igitur
878 1076 987 1163 legisse
998 1075 1139 1139 videtur:
1164 1076 1253 1157 Λόγῳ

153 1182 221 1259 μὲν,
238 1181 305 1263 οὐχὶ
321 1188 472 1263 καρτερεῖν
484 1184 516 1245 δὲ
527 1184 681 1262 βούλεται.
707 1181 844 1268 Vulgata
858 1179 1016 1245 sanissima
1028 1177 1102 1241 mihi
1119 1175 1251 1240 videtur.

155 1285 318 1361 Καρτερεῖν
340 1284 473 1347 tolerare
490 1283 655 1371 significat,
679 1283 711 1346 id
734 1300 792 1361 est,
808 1284 963 1368 injuriam
983 1280 1062 1344 mitt
1082 1300 1104 1342 α
1121 1280 1254 1344 Creonte

154 1382 274 1446 illatum
293 1407 378 1471 anuo
392 1388 499 1450 animo
512 1389 677 1450 sustinere.
715 1388 831 1450 Noster
845 1384 916 1449 Alc.
934 1403 1026 1462 1074.
1042 1382 1101 1466 χρὴ
1119 1380 1155 1460 δ’,
1171 1382 1254 1449 ὅστις

155 1483 184 1548 εἶ
203 1485 251 1558 σὺ,
270 1493 421 1568 καρτερεῖν
436 1493 505 1552 θεοῦ
520 1489 616 1552 δόσιν.
651 1488 736 1553 Ibid.
757 1490 850 1553 1081.
869 1486 959 1571 Ῥᾷον
980 1492 1137 1568 παραινεῖν
1158 1482 1175 1563 ἢ
1197 1509 1254 1547 πα-

154 1588 245 1651 θόντα
261 1597 421 1670 καρτερεῖν.
438 1591 552 1654 ELM.
579 1593 660 1669 Quae
674 1614 711 1654 ex
730 1606 818 1677 parte
833 1601 955 1653 tantum
972 1610 1044 1651 vera
1059 1602 1142 1650 sunt.
1169 1587 1251 1649 Nam

154 1697 306 1773 καρτερεῖν
320 1706 366 1755 est
381 1692 508 1779 quidem
524 1713 611 1780 <equo
632 1695 739 1757 αιιῖπιο
761 1692 884 1779 aliquid
904 1692 1071 1764 distinere,
1090 1688 1156 1766 sed,
1171 1689 1254 1776 quod

153 1791 217 1878 ipsi
236 1798 276 1880 τῷ
299 1800 496 1876 καρτεροῦντι,
513 1819 574 1860 uon
597 1795 659 1874 alii,
675 1796 895 1881 injucundum,
906 1815 1023 1881 graue,
1036 1793 1177 1856 odiosum
1196 1800 1253 1856 est.

155 1893 188 1957 Si
202 1894 261 1959 hoc
278 1895 345 1960 loco
356 1920 464 1960 verum
480 1913 560 1962 esset
572 1905 733 1981 καρτερεῖν,
744 1898 979 1984 significaretur,
990 1895 1048 1982 ipsi
1057 1895 1081 1958 J
1082 1895 1168 1959 asoni
1178 1897 1252 1960 Me-

153 1994 221 2060 deae
234 1997 378 2063 exsilium
391 2023 487 2085 grove
502 2000 659 2078 accidisse,
671 2000 758 2086 quod
774 1999 865 2088 longe
877 2023 965 2063 secus
975 2015 1032 2062 est.
1049 2001 1238 2063 ΜΑΤΤΗ.

197 2118 269 2181 710.
286 2109 345 2166 τῶν
359 2126 420 2167 orn.
437 2103 529 2168 codd.
546 2104 648 2167 multi.

195 2228 226 2266 τε
249 2206 334 2267 ΑΒ.
358 2205 483 2292 aliique.
518 2207 553 2287 δὴ
575 2205 651 2270 Ald.
675 2229 713 2269 ex
737 2206 915 2292 conjectura
937 2203 1251 2281 correctorisAldini‚

152 2303 206 2390 qui
221 2305 327 2370 codice
343 2308 490 2373 utebatur
505 2308 536 2373 in
551 2332 617 2395 quo
638 2307 839 2395 particulare
860 2308 973 2372 omissa
987 2323 1064 2382 erat,
1080 2307 1166 2393 quod
1187 2307 1251 2371 fac-

153 2421 220 2470 tum
241 2409 272 2471 in
296 2411 391 2475 Rom.
417 2413 456 2491 C,
477 2433 614 2498 quocum
640 2410 716 2475 Ald.
741 2411 807 2474 fere
829 2409 992 2487 consentit,
1019 2408 1148 2496 aliisque
1174 2432 1250 2473 non-

151 2509 253 2575 nullis.

107 2661 125 2686 ε
195 2631 269 2695 721.
283 2617 338 2699 ὧν]
355 2614 384 2696 μ’
399 2616 522 2680 addunt
538 2619 622 2681 Α.Β.
637 2617 763 2703 aliique.

195 2734 212 2798 7
218 2735 268 2782 22.
287 2720 317 2785 ές
332 2724 417 2781 τοῦτο
432 2723 490 2800 γὰρ
505 2719 540 2799 δὴ
557 2723 684 2801 φροῦδός
700 2722 758 2799 είμι
772 2724 830 2785 πῖις
845 2720 918 2802 ἐγώ]
945 2720 1044 2782 Recte
1062 2717 1250 2797 scholiastes,

151 2821 193 2885 είς
211 2821 246 2881 τὸ
261 2824 367 2886 παῖδας
389 2825 512 2900 ποιῆσαι
533 2821 611 2885 πάνυ
629 2823 798 2886 ἐσπούδακα
817 2822 865 2885 καὶ
878 2822 1028 2901 πρόθυμός
1042 2823 1112 2901 είμι.
1134 2821 1249 2884 ELM.

152 2921 269 2985 Vellem
286 2926 430 3010 exempla
445 2924 540 3011 hujus
562 2948 638 2988 usus
659 2924 840 2988 addidisset.
884 2926 994 2987 Donec
1016 2924 1250 3000 caederentur,

150 3022 395 3110 interpretabor:
419 3028 503 3113 quod
516 3029 600 3090 enim
614 3027 657 3090 ad
678 3027 733 3089 doc
747 3029 860 3090 attinet
877 3029 935 3110 (είς
949 3026 1062 3106 τοῦτο),
1078 3035 1161 3090 totns
1175 3047 1249 3090 ινα-

149 3129 218 3204 nui,
235 3130 320 3191 vires
335 3151 382 3192 me
396 3131 585 3215 defecerunt.
611 3130 804 3192 MATTH.

194 3245 266 3312 723.
285 3231 349 3313 ἔχει
363 3232 427 3315 μοι]
446 3232 543 3314 ἔχοιμι
558 3231 636 3296 Ald.
652 3251 682 3295 et
700 3254 771 3317 pars
785 3230 939 3294 culicum.
971 3230 1092 3295 Eodem
1110 3229 1203 3295 modo
1217 3229 1248 3293 in

148 3328 235 3394 libris
249 3332 435 3417 quibusdam
453 3349 615 3420 peccatum
633 3358 661 3398 v.
678 3348 753 3418 307.

192 3450 266 3518 725.
282 3437 420 3519 τοσόνδε]
438 3437 565 3518 τοσόνγε
580 3435 657 3499 Ald.
671 3451 702 3499 et
719 3457 790 3522 pars
804 3433 957 3498 codicum.

192 3539 266 3619 728.
283 3541 353 3623 τινι]
371 3566 444 3603 ποτε
459 3538 536 3602 Ald.

192 3644 262 3724 736.
285 3641 382 3720 μεθεῖ’
407 3642 445 3705 ἂν
468 3643 557 3705 Lasc.
581 3656 613 3705 et
632 3641 697 3705 duo
717 3656 818 3704 tresve
840 3640 961 3704 codices
983 3663 1055 3704 cum
1076 3640 1247 3707 scholiasta.

149 3742 332 3806 Ceterorum
356 3744 541 3830 corruptelae
563 3758 638 3807 sunt
658 3749 812 3824 μεθεῖσαν,
828 3744 914 3830 quod
928 3757 974 3806 est
994 3742 1025 3806 in
1041 3742 1132 3821 Ald.‚
1147 3749 1248 3824 μεθεῖς

148 3842 195 3917 ἂν,
211 3848 304 3933 μεθῇς
319 3847 367 3910 ἂν.

191 3947 258 4034 ἐμὲ]
276 3950 351 4012 Hoc
365 3949 405 4012 ab
421 3950 547 4030 ἄγουσιν
561 3947 686 4035 pendet.

190 4052 289 4134 γαίας]
308 4053 393 4132 γαίης
410 4050 486 4114 Ald.

190 4167 261 4235 737,
286 4154 403 4237 λόγοις]
430 4152 469 4215 Id
495 4166 539 4216 est
566 4154 669 4235 λόγοις
690 4153 794 4231 μόνον,
819 4151 1012 4215 sermonibus
1036 4165 1157 4216 tantum
1180 4152 1246 4216 sine

141 4254 360 4341 jurejurando,
377 4272 412 4318 ut
427 4269 557 4341 eriperet
572 4277 610 4317 ex
626 4253 771 4340 opposito
786 4256 919 4335 ὁρκίοισι.

189 4357 352 4435 ἀνώμοτος,
369 4356 628 4442 suprascriptum
651 4356 682 4418 in
706 4354 804 4418 Paris.
821 4353 957 4430 duobus,
971 4353 1003 4415 in
1020 4368 1108 4416 textu
1129 4353 1245 4419 habent

147 4456 232 4522 Flor.
250 4478 278 4527 2.
299 4474 348 4542 15.
383 4457 514 4522 Codices
528 4456 640 4544 reliqui
655 4479 727 4521 cum
744 4457 834 4520 Lasc.
850 4470 882 4521 et
897 4453 976 4519 Ald.
992 4456 1147 4536 ἑνώμοτος.

669 4576 723 4642 Q3
