2864 4914
456 301 523 364 AD
546 301 944 366 ANDROMACHAM.
1183 302 1247 364 θδθ

197 467 265 530 108.
282 469 415 558 ἀγόμαν]
432 473 542 554 άγομαι
557 475 629 537 Par.
646 476 686 538 B.
704 473 789 537 Flor.
809 494 857 537 10.
878 482 927 558 15.
944 475 990 539 H.

193 570 350 638 θαλάσσας
365 574 439 636 Par.
455 575 495 637 B.
510 576 557 638 H.
589 573 693 662 Vulgo
708 575 873 656 θαλάσσης.

194 693 263 738 110.
280 675 354 760 κάρα
369 677 408 740 L.
426 677 620 742 Diodorfius.
659 679 861 745 scribebatur
876 680 959 761 κάρα.

197 796 267 860 113.
281 776 310 858 μ’
328 781 431 863 ἐχρῆν]
450 806 488 860 με
502 785 578 863 χρῆν
593 783 683 845 Lasc.

198 899 269 958 114.
285 882 342 944 θτο
356 881 526 966 τειρομένα]
542 883 755 965 ι’κιιοτειρομένα
771 887 842 949 Par.
859 889 901 948 A.
919 886 1018 948 Taur.
1037 884 1101 947 Gu.
1135 886 1249 948 ὑποτει-

150 980 280 1061 ρομέναν
296 984 340 1046 Η.
365 985 580 1066 άτιοτειρομένα
596 986 682 1051 Flor.
700 1007 746 1051 10.

202 1104 267 1168 115.
284 1087 381 1174 χεῖρε]
397 1093 486 1169 χεῖρα
501 1088 529 1150 F
531 1086 586 1150 lor.
604 1102 676 1151 tres.

194 1189 351 1272 βαλοῦσα]
368 1195 510 1268 λαβοῦσα
526 1192 599 1253 Par.
615 1192 658 1253 A.

200 1310 270 1371 119.
293 1291 361 1354 ποτὶ
376 1295 436 1354 σδν
448 1291 603 1370 Ἀσιήτιδα
620 1292 732 1374 γένναν
747 1309 793 1357 est
815 1293 888 1375 πρὸς
910 1295 956 1367 σδ,
972 1293 1084 1375 γένναν
1098 1291 1253 1372 Ἀσιήτιδα

153 1392 259 1454 οὖσαν.
277 1393 466 1456 ΜΑΤῖΓΗ.
494 1393 699 1457 scribendum
715 1393 872 1459 Ἀσιάτιδα
885 1417 956 1459 cum
974 1396 1046 1458 Par.
1063 1396 1102 1458 E.
1122 1393 1207 1459 Flor.
1221 1414 1251 1459 2.

153 1508 185 1555 et
202 1495 294 1557 Lasc.
488 1521 490 1524 ’

201 1614 272 1660 120.
288 1600 445 1683 δυναίμαν]
464 1602 607 1679 δυναίμην
623 1601 669 1664 Η.

201 1717 271 1762 121.
287 1703 400 1786 τεμεῖν]
419 1705 516 1782 εὑρεῖν
530 1701 609 1766 Ald.
624 1726 662 1766 ex
677 1705 872 1787 glossemate.
896 1704 949 1765 De
964 1727 1023 1767 usu
1037 1703 1120 1767 verbi
1138 1703 1255 1784 τέμνειν

155 1800 219 1863 vid.
239 1802 350 1866 Monk.
366 1803 405 1867 ad
423 1804 541 1869 Alcest.
558 1822 631 1889 972.

202 1923 272 1970 122.
296 1906 368 1986 ἔριδι
395 1911 524 1988 στυγερῆ
548 1906 753 1991 συνέκλησαν]
783 1909 917 1972 Homer.
945 1907 1037 1971 Iliad.
1064 1916 1101 1984 Α,
1126 1908 1156 1972 8.
1184 1909 1256 1990 ἔριδι

155 2005 285 2086 ξυνέηκε.
322 2010 466 2073 MUSG.
514 2008 604 2073 Libri
633 2009 776 2097 plerique
803 2011 1014 2091 συνεκλήϊσαν,
1045 2011 1137 2097 pauci
1167 2011 1254 2076 συνέ·

157 2118 290 2174 κλεισαν.
457 2116 460 2120 ’

205 2230 274 2295 123.
297 2217 411 2292 τλᾶμον
432 2211 510 2276 Ald.
543 2216 657 2292 τλῆμον
680 2214 779 2276 Taur.
814 2214 934 2294 τλάμων
958 2217 1032 2279 Par.
1055 2219 1097 2281 Ε.
1120 2217 1207 2281 Flor.
1224 2237 1254 2282 2.

158 2314 249 2377 Lasc.
282 2313 416 2392 τλάμονα
439 2317 512 2378 Par.
534 2317 622 2380 Α.Β.
646 2315 730 2379 Flor.
755 2318 797 2379 A.
818 2336 867 2379 10.
888 2337 936 2402 15.
953 2320 999 2383 H.
1032 2319 1166 2399 τλήμονα
1189 2320 1255 2384 Gu.

156 2414 279 2495 τλάμον’
296 2415 484 2480 Brunckius.
530 2418 666 2482 Praestat
685 2418 857 2497 vocativus,
873 2435 908 2483 ut
932 2421 1047 2485 vitetur
1068 2421 1257 2507 ambiguitas

157 2541 251 2604 quam
275 2519 469 2582 accusativus
490 2518 626 2598 τλάμονα
644 2518 784 2597 haberet,
799 2519 855 2606 qui
876 2537 907 2584 et
927 2521 966 2584 ad
983 2525 1019 2585 σὲ
1040 2523 1124 2586 etad
1139 2522 1256 2604 Ἐρμιό-

159 2648 215 2685 ναν
230 2620 335 2684 referri
352 2637 464 2706 posset.

206 2742 275 2807 125.
292 2727 403 2788 ἐοῦσαν
418 2725 520 2788 versui
535 2724 724 2812 proecedenti
738 2725 917 2789 addendum
936 2726 1112 2812 pariterque
1127 2726 1158 2790 in
1174 2728 1255 2793 anti-

158 2826 286 2913 stropbo
305 2847 375 2911 134.
391 2829 422 2890 τί
432 2829 558 2909 μόχθον.

197 2926 379 3010 Ἀχιλλέως]
397 2925 561 3009 Ἀχιλλῆος
576 2929 647 2990 Par.
664 2929 748 2990 Α.Β.
767 2927 851 2992 Flor.
868 2931 911 2994 A.
932 2949 979 2993 10.
1000 2950 1046 3013 15.
1064 2930 1110 2993 H.

205 3031 276 3095 128.
300 3030 499 3114 ἓιιγενέταισι]
525 3030 697 3115 ἐκγενέτῃσι
720 3030 804 3094 Flor.
824 3051 853 3098 2.
867 3046 899 3096 et
919 3035 1009 3097 Lasc.
1026 3033 1116 3118 cujus
1138 3033 1168 3097 in
1189 3034 1256 3099 edi-

159 3133 243 3197 tione
259 3133 424 3220 typotheta
440 3135 472 3196 ἐκ
487 3132 626 3215 γεντέησι
641 3132 754 3219 posuit.
783 3135 970 3216 ἐγγενέταισι
986 3135 1058 3198 Par.
1075 3137 1118 3197 A.
1136 3138 1182 3200 H.
1207 3140 1254 3201 ἐν·

159 3235 299 3320 γενέτῃσι
316 3236 389 3298 Par.
406 3236 445 3297 B.

207 3357 276 3421 130.
291 3340 414 3403 ποντίας
428 3335 513 3422 θεοῦ]
529 3339 650 3400 ποντίου
665 3341 734 3403 θεᾶς
750 3338 821 3400 Par.
839 3339 877 3400 E.
895 3337 981 3401 Flor.
999 3357 1027 3402 2.
1046 3340 1137 3404 Lasc.

202 3442 232 3503 τί
246 3441 317 3503 Par.
335 3440 375 3502 E.
391 3455 422 3502 et
437 3437 600 3502 scholiasta
614 3438 645 3501 in
664 3441 733 3503 Par.
751 3441 791 3504 Β.
814 3440 918 3526 Vulgo
933 3442 965 3504 τί
978 3489 985 3502 .

207 3562 277 3626 131.
294 3541 426 3605 αῑκέλιον
443 3539 640 3604 Gaisfordus.
681 3541 770 3605 Libri
786 3541 945 3606 ἀεικέλιον.

207 3662 275 3730 132.
295 3643 452 3726 ἀνάγκαις]
470 3642 583 3724 ἀνάγκη
600 3644 645 3706 Η.
661 3643 746 3729 quod
762 3659 809 3708 est
823 3643 948 3731 ἀνάγκη.

208 3765 276 3830 133.
294 3746 431 3830 κρατοῦν]
450 3743 554 3826 κράτος
570 3745 655 3808 Flor.
673 3748 716 3809 A.
736 3766 786 3809 10.
807 3766 855 3829 15.
872 3748 972 3810 Taur.
989 3747 1057 3811 Gu.

204 3847 237 3909 δέ
252 3873 288 3910 σε
303 3848 416 3933 πείσει]
442 3848 600 3910 Memorat
622 3846 702 3910 hanc
724 3847 909 3934 scripturam
924 3848 1099 3924 scholiasta,
1115 3849 1170 3936 qui
1193 3849 1258 3936 ipse

161 3949 192 4011 in
223 3948 302 4011 libro
333 3972 389 4011 suo
419 3949 452 4012 δέ
481 3974 517 4012 σε
549 3949 646 4012 ἔπεισι
676 3948 761 4036 legit,
788 3950 875 4035 quod
912 3951 1001 4015 metri
1034 3951 1148 4016 indicio
1173 3953 1259 4016 resti·

161 4051 324 4114 tuendum.

208 4171 276 4232 140.
293 4151 316 4216 δ
331 4175 392 4216 om.
410 4151 495 4216 Flor.
511 4155 555 4216 A.
576 4173 622 4216 10.
645 4166 691 4237 15.
709 4154 753 4217 H.

208 4275 279 4338 143.
295 4256 438 4343 ἡσυχίαν]
457 4255 661 4319 scribendum
678 4259 817 4340 άσυχίαν.

210 4379 277 4442 145.
293 4359 347 4442 μὴ]
368 4360 439 4421 Ηοα
456 4357 570 4444 pendet
584 4357 624 4421 ab
640 4361 737 4443 φόβῳ.

205 4465 255 4527 τᾶς
271 4461 344 4527 Διὸς
360 4461 460 4544 κόρας]
480 4458 621 4524 Helena.

683 4584 706 4624 a
722 4584 740 4624 a
