2864 4914
445 309 512 372 AD
534 305 931 371 ANDROMACHAM.
1170 313 1234 378 881

185 498 278 564 1130.
293 479 497 562 romulae&
513 478 670 544 Reisktus.
713 476 802 542 Libri
819 479 867 543 καὶ
880 477 1060 560 φυλάσσετ’,
1076 479 1134 544 nisi
1148 482 1236 568 quod

140 583 187 646 καὶ
200 581 376 664 ’φυλάσσετ’
392 604 463 645 cum
479 583 626 647 coronide
641 584 705 648 Gn.

187 703 276 769 1131.
294 686 366 765 ἦυεν
382 685 466 748 Flor.
482 704 509 750 2.
525 700 557 749 et
571 688 642 751 Par.
659 687 702 749 Ι).
726 685 909 771 Legebatur
923 685 1023 764 ἤνυεν.
1047 684 1087 747 111
1105 685 1179 748 Par.
1192 685 1235 748 D.

139 787 329 874 adscriptum
356 789 398 873 gl.
426 788 492 852 ἀντὶ
515 794 568 852 τοῦ
592 789 692 870 ἤνυεν.
737 790 788 853 De
815 788 913 852 verbo
941 790 1024 853 ἀνειν
1046 786 1165 852 dictum
1195 787 1236 851 ad

140 889 302 976 Aristoph.
322 891 413 975 Vesp.
429 892 505 974 369.

186 1007 277 1076 1133.
291 989 468 1077 μεσάγκυλ’]
485 991 671 1073 μεσάγκυλοι
686 993 761 1056 Par.
777 993 863 1057 AE.
880 991 968 1055 Flor.
986 1009 1016 1055 2.
1032 992 1080 1054 Η.

183 1093 378 1179 ἀμφάθολοι]
395 1093 444 1157 Ut
461 1095 664 1174 πεμπώβολον
685 1093 771 1181 antid
795 1095 971 1158 Homerum
993 1093 1235 1158 instrumentum

140 1194 282 1282 designet
296 1196 438 1281 quinque
452 1195 615 1261 manubria
630 1195 685 1259 uni
700 1218 775 1260 veru
791 1195 888 1260 infixa
908 1195 1042 1260 habena:
1066 1195 1111 1260 ita
1132 1197 1237 1278 ἀμφό-

139 1307 238 1378 βολον
261 1311 338 1384 puto
360 1321 427 1362 ease
451 1296 705 1375 instrumentum,
726 1322 764 1364 ex
790 1299 882 1386 cujus
903 1298 1068 1363 manubrio
1090 1297 1238 1384 utrinque

140 1401 281 1465 exarabat
306 1423 394 1464 veru.
440 1399 519 1464 Ideo
544 1417 649 1465 autem
675 1401 825 1465 dicuntur
850 1402 978 1478 ἔκλυτοι,
1004 1402 1080 1488 quie
1107 1402 1196 1488 prius
1220 1425 1237 1464 e

141 1504 306 1569 manubrio
320 1527 417 1568 verua
431 1503 586 1568 eximebat
604 1504 698 1568 turha
711 1503 765 1567 illa
779 1502 945 1591 Delphica,
961 1526 1056 1590 quam
1074 1528 1112 1568 aa
1130 1518 1239 1569 contra

142 1606 383 1693 Neoptolemum
395 1606 596 1692 jacularetur.
614 1608 799 1672 ΗΕΑΤΗ.

188 1730 280 1795 ¹135·
294 1711 320 1774 δ’
333 1732 396 1775 orn.
412 1711 487 1774 Par.
502 1711 546 1774 A.

184 1812 420 1898 φρουρουμένου]
437 1813 624 1895 φορουμένου
642 1814 713 1877 Par.
730 1815 773 1876 E.
789 1815 881 1878 Lato.
927 1814 1110 1879 Notandum
1131 1828 1238 1880 autem

141 1921 335 1998 φρουρεῖσθαι
349 1938 407 2001 pro
421 1915 635 1995 φυλάσσεσθαι
648 1915 777 1981 dictum.

188 2020 280 2102 1136.
295 2019 412 2101 παιδός]
429 2021 520 2084 ποδός
535 2019 563 2081 F
566 2018 622 2082 lor.
638 2020 681 2081 A.
699 2037 727 2082 ν.
742 2038 790 2081 10.
808 2021 854 2082 H.
873 2021 964 2084 Laac.
979 2025 1079 2085 ποδῶν
1093 2020 1166 2083 Per.
1183 2021 1223 2083 E.

187 2146 233 2184 υιυ
256 2122 330 2183 Par.
352 2120 436 2183 D.E.
459 2118 543 2183 Flor.
562 2138 591 2185 2.
614 2121 704 2184 Lasc.
753 2121 842 2185 Libri
864 2123 975 2208 reliqui
998 2149 1058 2204 μιν.
1104 2123 1174 2188 Vid.
1198 2121 1238 2185 ad

81 2239 83 2242 ’
144 2224 257 2287 Phoen.
274 2226 349 2308 643.

185 2326 380 2412 περισταδὸν]
396 2325 576 2407 περιστάδηυ
591 2328 692 2390 Taur.
709 2330 774 2392 Gu.

191 2443 282 2514 1137.
298 2426 446 2512 ἀμπνοὰς]
463 2428 616 2494 ἀναπνοὰς
630 2429 658 2491 F
660 2429 715 2492 lor.
732 2447 763 2492 2.

194 2533 282 2615 1138.
318 2527 466 2614 κενώσας]
497 2529 538 2593 Id
570 2546 617 2594 est
648 2533 828 2596 καταλιπόν.
873 2532 924 2597 Sic
957 2535 1078 2617 λόχμην
1109 2535 1242 2602 κενώσας

144 2633 260 2699 Bacch.
276 2650 349 2718 730.

192 2755 280 2821 1139.
303 2734 337 2798 rh
352 2734 487 2815 Τρωϊκὸν
501 2733 632 2820 πήδημα]
650 2734 832 2813 Scholiasta,
848 2739 952 2800 ὁποῖον
967 2740 1001 2802 ἐν
1014 2741 1049 2818 τῇ
1063 2741 1157 2824 Τροίη
1173 2738 1242 2819 ἐπή-

144 2844 234 2919 δησεν
250 2837 419 2920 Ἀχιλλεύς.
443 2839 472 2900 ol
494 2839 550 2918 γὰρ
573 2840 787 2921 συντεταχότες
808 2841 846 2902 τὰ
859 2839 977 2920 Τροῖκά
991 2848 1087 2922 φασιν
1102 2843 1141 2909 ὥς
1153 2844 1243 2909 τόπος

145 2942 229 3004 ἐστὶν
244 2941 278 3003 ἓν
290 2939 384 3023 Τροίη
399 2940 579 3019 καλούμενος
591 2937 759 3022 Ἀχιλλέος
776 2942 904 3021 πήδημα,
920 2943 993 3023 ὅπερ
1015 2943 1074 3007 ἀπὸ
1095 2948 1147 3024 τῆς
1169 2945 1243 3010 νεδς

145 3043 305 3124 ἐπήδησεν.
327 3044 418 3109 οὕτως
431 3043 475 3119 δὲ,
490 3043 593 3123 φησὶν,
608 3042 702 3120 ἥλατο
723 3044 763 3109 ὥς
782 3045 830 3107 καὶ
847 3046 933 3124 ὕδωρ,
949 3046 1137 3124 ἀναδοθῆναι.
1183 3048 1243 3111 Ce-

147 3146 260 3210 lebrem
277 3144 364 3207 illum
381 3142 493 3207 saltum
509 3142 672 3227 significat,
687 3166 753 3229 quo
768 3144 908 3208 Achilles
923 3168 955 3209 se
969 3169 987 3209 e
1002 3147 1073 3210 navi
1084 3147 1116 3210 in
1128 3161 1242 3212 terram

147 3249 317 3333 Trojanam
340 3245 481 3331 conjecit.
526 3244 667 3309 Historia
688 3256 735 3310 eat
755 3245 787 3308 in
812 3246 940 3311 Taetzia
964 3249 1186 3313 commentario
1210 3249 1242 3313 in

147 3349 388 3437 Lycophronem
402 3367 473 3430 245.
519 3349 627 3411 Potest
641 3347 734 3411 etiam
754 3347 818 3412 huc
838 3349 1005 3434 pertinere,
1020 3351 1105 3436 quod
1129 3350 1242 3438 passim

147 3457 185 3519 de
203 3451 326 3518 Achille
348 3450 442 3515 tradit
462 3451 634 3525 Homerus,
652 3472 724 3514 eum
747 3450 778 3514 iu
802 3451 922 3516 hostem
944 3475 1165 3540 quemcunque
1185 3453 1242 3517 ob-

147 3556 230 3620 vium
247 3553 327 3619 saltu
343 3577 376 3618 ae
390 3552 569 3640 projeciase:
595 3551 659 3616 ἀλτ’
676 3555 728 3617 ἐπί
739 3556 769 3617 ol
781 3556 909 3634 μεμοάς.
926 3555 1071 3620 MUSG.

194 3676 285 3738 1140.
300 3655 345 3741 οἱ]
361 3657 409 3720 rol
422 3657 495 3719 Par.
511 3656 556 3717 A.

194 3779 285 3843 1143.
300 3757 347 3823 ὑπ’
364 3756 475 3843 αὐτῶν]
490 3755 540 3837 ὑφ’
557 3758 653 3821 αὐτῶν
669 3758 712 3820 Is,
725 3758 863 3821 Vossius.

191 3861 251 3925 κατ’
268 3862 396 3945 ἐξόδους]
414 3862 612 3943 προσεξόδονς
629 3860 699 3922 Par.
716 3861 758 3924 D.

194 3982 287 4042 1144.
318 3962 442 4049 κραυγὴ]
471 3962 564 4044 κρογη
592 3961 678 4025 Flor.
703 3982 751 4025 ιο.
783 3964 900 4046 κλαγγὴ
926 3966 999 4029 Par.
1026 3967 1069 4030 D.
1096 3984 1246 4032 annotato

147 4081 250 4129 tumen
265 4065 299 4127 τὸ
316 4067 381 4142 ἑξῆς
396 4067 549 4145 δύσφημος
564 4062 685 4144 κραυγή.

194 4183 286 4250 1145.
312 4165 513 4246 ἀπέκλαγξεν
535 4166 607 4227 Par.
632 4167 673 4227 A.
699 4167 805 4229 Havn.
829 4167 1010 4245 ἀντέκλαζεν
1032 4171 1118 4235 Flor.
1143 4192 1243 4239 2.10.

151 4271 222 4333 Par.
238 4270 278 4331 E.
296 4269 385 4331 Laoc.
403 4266 584 4345 ἀντέκλαξεν
599 4267 664 4330 Gu.
681 4266 758 4330 Ald.

191 4370 287 4456 εὐδία]
305 4371 386 4454 εὐδίᾳ
400 4369 491 4432 Lasc.
