2864 4914
495 333 564 397 AD
586 333 927 400 HIPPOLYTUM.
1197 339 1263 410 309

208 516 301 584 1007.
319 505 412 567 καίτοι
427 525 466 567 ex
482 504 521 568 L.
538 504 694 569 Diodorlii
709 505 845 571 editione
859 503 1016 569 remansit.
1054 506 1260 575 Scribendum

161 605 209 668 rol
224 605 259 685 δὴ
273 629 311 670 ex
329 608 402 671 Par.
420 608 459 670 Β.
476 606 561 672 Flor.
578 609 620 671 A.
640 626 688 672 10.
706 609 750 673 H.
782 609 826 672 rel
839 607 879 688 μὴ
895 609 969 672 Par.
984 608 1029 672 A.
1046 608 1132 674 Flor.
1152 627 1201 697 15.
1234 615 1262 677 el

160 707 196 786 δὴ
212 704 296 770 Flor.
315 728 343 774 2.
359 709 451 773 Lasc.
467 708 544 773 Ald.

204 810 281 872 Post
296 813 369 877 ἴσως
383 833 445 874 nou
461 824 589 900 puncto,
606 812 658 877 sed
674 811 743 877 colo
757 826 803 877 eet
817 810 1085 898 distinguendum.

207 930 298 975 1010.
316 913 462 1001 οἰκήσειν]
480 916 597 993 οἰκῆσαι
613 914 690 979 Ald.

206 1032 300 1078 1012.
315 1015 367 1098 ἦν]
384 1016 403 1095 φ
418 1016 504 1080 Flor.
522 1032 568 1101 15.

203 1117 344 1200 οὐδαμοῦ]
363 1118 509 1197 κούδαμοῦ
523 1118 608 1181 Flor.
626 1137 654 1181 2.
678 1117 789 1196 οὐδαμῆ
806 1116 891 1181 Flor.
908 1132 955 1202 15.

202 1224 321 1298 φρενῶν
336 1217 557 1296 Marklandus‚
573 1235 733 1306 prseeunte
755 1217 928 1296 scholiasta,
943 1220 998 1306 qui
1014 1221 1149 1308 explicat
1170 1222 1255 1287 οὖδα-

158 1324 215 1398 μοθ
230 1320 380 1388 συνέσεως
393 1322 470 1401 ἥμην
487 1323 556 1403 ἐγώ.
588 1321 770 1408 Legebutur
784 1327 912 1403 φρονῶν.

207 1442 297 1508 1013.
321 1425 427 1501 Quum
451 1430 606 1506 τυραννεῖν
626 1424 659 1488 in
681 1422 833 1511 principio
846 1422 983 1510 positum
1004 1424 1055 1504 sit,
1069 1425 1100 1489 in
1117 1424 1180 1504 illo,
1195 1447 1258 1490 non

157 1522 191 1586 in
213 1530 273 1591 τοῖς
287 1526 454 1607 σώφροσιν,
470 1526 533 1588 vim
548 1547 671 1590 omnem
695 1538 825 1612 apparet
841 1523 930 1588 sitam
946 1547 1022 1602 esse,
1037 1539 1068 1588 et
1087 1525 1129 1589 sic
1151 1548 1258 1614 prooe-

158 1624 232 1688 dere
254 1644 508 1711 argumentorum
528 1627 679 1691 ordinem.
725 1629 839 1692 Castus
861 1648 929 1690 sum
941 1650 951 1705 3
975 1627 1030 1714 qui
1053 1628 1173 1691 etinmsi
1195 1650 1257 1693 non

157 1749 266 1804 essem,
282 1751 344 1791 non
358 1744 444 1793 tanta
460 1728 606 1793 Phaedrae
621 1727 823 1816 pulchritudo
836 1727 898 1791 fuit
912 1751 985 1814 quae
1000 1750 1258 1816 unumquemque

157 1843 281 1913 caperet
296 1844 327 1893 et
341 1830 531 1917 percelleret.
570 1834 617 1895 At
633 1830 728 1908 enirn,
744 1829 876 1916 inquies,
892 1845 959 1894 esto
971 1844 1008 1893 ut
1022 1830 1119 1894 fueris
1133 1848 1254 1897 custus:

157 1930 268 2016 quidni
283 1954 413 2018 regnare
427 1947 530 1997 castus
544 1932 669 2020 cupiat;
695 1945 730 1995 ut
745 1954 804 2018 ego
818 1930 876 1994 nisi
899 1930 1036 1995 mulieris
1049 1931 1137 2019 regni
1153 1946 1256 1998 tamen

156 2055 261 2097 amore
278 2032 445 2098 Phaedram
459 2034 540 2100 forte
555 2033 757 2121 corruperim.
780 2034 854 2119 Ego
865 2056 938 2097 vero
950 2055 1111 2120 nunquam
1123 2056 1255 2122 regnum

156 2133 289 2199 civitatis
303 2135 452 2200 affectavi.
478 2137 520 2199 L.
537 2136 762 2200 DINDORF.

202 2257 293 2319 1014.
311 2238 464 2322 διέφθορε]
482 2238 649 2320 διέφθειρεν
664 2240 692 2302 F
694 2238 752 2301 lor.
769 2239 812 2300 A.
831 2256 879 2300 10.

202 2359 295 2423 1019.
311 2339 460 2420 πράσσειν
474 2366 507 2404 τε
521 2343 592 2426 γὰρ]
612 2339 794 2426 Legebatur
808 2338 958 2420 πράσσειν
972 2342 1029 2421 γὰρ
1046 2340 1078 2403 εὖ
1093 2339 1124 2403 in
1140 2339 1256 2426 quibus

156 2443 305 2524 πράσσειν
320 2444 352 2506 εδ
367 2441 444 2507 nihil
457 2442 543 2506 aliud
559 2457 617 2518 est,
633 2441 701 2519 nisi,
717 2440 803 2527 quod
819 2439 986 2527 praecessit,
1001 2442 1144 2524 εὐτυχεῖν.
1181 2443 1256 2507 Hoc

157 2545 280 2609 nomine
302 2559 430 2631 praestat
452 2544 543 2609 lectio
567 2545 652 2610 Flor.
679 2545 723 2609 A.
742 2563 792 2607 10.
818 2542 966 2623 πράσσειν
990 2568 1023 2607 τε
1042 2545 1100 2624 γδρ
1118 2543 1255 2624 πάρεστι,

158 2649 291 2713 κίνδυνός
306 2647 331 2710 τ’
347 2649 440 2711 ἆπῶν.
463 2645 572 2712 Valck.
589 2645 700 2711 vertit:
725 2647 845 2709 Facere
860 2666 995 2732 numque
1007 2645 1078 2709 licet
1091 2665 1163 2732 (μισ
1177 2646 1255 2710 ποθι

156 2750 270 2836 absque
289 2750 440 2837 periculo.
486 2749 570 2813 Mihi
592 2748 742 2831 πράσσειν
755 2770 793 2811 eo
806 2746 911 2833 potius
933 2768 1024 2811 sensu
1039 2746 1253 2833 accipiendum

158 2849 293 2926 videtur,
309 2874 374 2936 quo
395 2850 560 2937 scriptores
575 2849 675 2915 Attici
695 2849 805 2914 dicunt
819 2849 913 2930 ἄνδρα
927 2849 1025 2913 δεινὸν
1038 2849 1187 2931 πράττειν,
1202 2871 1255 2913 τοι

155 2953 263 3016 civiles
278 2962 426 3031 tractare,
439 2956 474 3016 in
488 2954 648 3040 republica
663 2954 796 3016 versari.
821 2951 873 3016 Cf.
887 2950 1004 3014 Heind.
1016 2950 1056 3015 ad
1069 2950 1152 3015 Plat.
1166 2951 1252 3015 Prot.

158 3057 188 3138 δ.
205 3075 255 3121 21.
280 3057 472 3119 ΜΑΤΤΗ.

202 3178 295 3239 1024.
312 3158 402 3246 εἶδες]
419 3160 493 3222 Νοο
508 3181 588 3244 opus
604 3156 725 3221 Reiskii
738 3156 917 3243 conjectura
931 3157 1019 3222 εἷλες.

201 3280 260 3323 102
262 3277 293 3343 5.
310 3260 402 3324 πέδον
416 3260 539 3344 χθονὸς]
557 3260 666 3343 χθονὸς
680 3258 772 3323 πέδον
787 3256 873 3321 Flor.
892 3276 937 3320 ιο.

200 3378 293 3442 1027.
309 3361 347 3425 ἂν
362 3362 497 3450 ἔννοιαν]
515 3364 556 3428 εἰς
571 3363 690 3426 ἔννοιαν
705 3359 783 3423 Ald.

203 3467 292 3529 1028.
316 3465 334 3544 ἦ
359 3464 435 3549 τᾶρ’]
464 3464 596 3529 Codices
614 3464 665 3527 alii
692 3465 735 3544 ἦτ’
758 3462 814 3545 ἄρ’,
838 3462 926 3549 quod
947 3480 994 3526 est
1013 3461 1044 3524 in
1068 3463 1143 3526 Par.
1162 3465 1205 3527 A.
1220 3474 1252 3527 et

156 3568 258 3645 Lasn,
274 3567 325 3631 alii
340 3567 359 3645 ἦ
373 3565 398 3629 τ’
415 3565 472 3648 ἂρ’,
487 3567 505 3647 ἦ
521 3564 548 3647 γ’
564 3564 619 3647 ἄρ’,
635 3566 654 3645 ri
669 3564 734 3646 γάρ.
760 3566 799 3628 In
816 3563 892 3628 Ald.
908 3564 928 3644 ἦ
942 3564 968 3626 τ’
982 3564 1020 3626 tn
1034 3561 1072 3644 γ’.

202 3688 294 3754 1029.
310 3671 417 3736 άπολις
430 3671 530 3735 ἄοικος
544 3672 642 3750 φυγὰς
657 3668 808 3746 ἀλητεύων
822 3668 933 3750 χθόνα]
948 3666 1065 3751 Versus
1075 3665 1201 3751 spurius
1212 3689 1251 3730 ex

154 3795 184 3834 v.
208 3774 296 3850 1048.
312 3772 473 3834 confictus.
508 3769 638 3835 Notavit
655 3767 886 3832 Valckenarius.
912 3769 1009 3832 Deest
1023 3766 1108 3853 apud
1124 3766 1253 3853 scripto-

155 3896 218 3936 rem
237 3873 312 3936 Chr.
332 3875 402 3936 Pnt.
419 3877 495 3956 526.

200 3995 291 4060 1033.
307 3975 384 4056 πέρα
399 3975 482 4054 θέμις
495 3978 599 4056 λέγειν
615 3976 687 4037 Pur.
704 3974 747 4036 A.
759 3986 790 4036 et
805 3970 880 4036 Chr.
897 3972 967 4033 Par.
982 3986 1057 4054 531.
1081 3967 1163 4048 θέμις
1176 3969 1253 4052 πέρα

155 4076 248 4159 (πάρα
271 4076 357 4140 Flor.
377 4079 439 4159 15.)
460 4075 564 4158 λέγειν
587 4075 673 4139 Flor.
690 4075 733 4138 A.
754 4092 869 4157 10.15.
893 4073 965 4135 Par.
990 4073 1075 4135 B.D.
1093 4073 1139 4135 H.
1172 4073 1254 4151 θέμις

152 4178 256 4259 λέγειν
271 4178 347 4259 πέρα
362 4177 447 4241 Flor.
466 4196 494 4241 2.
512 4177 605 4240 Lasc.
624 4175 699 4240 Ald.

200 4300 293 4364 1034.
318 4279 514 4359 ἐσωφρόνησε
535 4276 559 4341 δ’
576 4279 628 4341 οὐκ
651 4279 723 4341 Par.
747 4279 790 4340 A.
816 4275 970 4339 Flor.10.
1010 4273 1063 4336 Ad
1086 4274 1201 4356 ἔχουσα
1221 4273 1253 4336 in

154 4384 227 4445 Par.
240 4384 282 4443 D.
300 4380 491 4466 adscriptum
504 4405 550 4460 γρ.
564 4382 681 4442 ἑκοῦσα.
704 4378 933 4461 Ἐσωφρόνησε,
946 4376 1098 4462 pudorem
1113 4376 1256 4440 servavit

155 4483 292 4546 Pltoedra
313 4491 442 4547 mortem
463 4483 524 4545 sihi
546 4481 770 4557 οοτιιοὶοοοτιάο,
786 4479 828 4543 ob
842 4500 936 4565 quarn
952 4477 1128 4541 existimata
1145 4476 1254 4544 saltem

675 4601 730 4665 13
