2864 4914
221 282 288 351 398
583 280 964 345 ANNOTATIONES

216 474 250 516 v.
266 451 340 536 588.
357 451 485 516 Heracl.
501 474 531 515 v.
554 470 622 536 177.
660 452 716 515 Ad
731 452 862 516 eandem
874 451 1060 516 calumniam
1078 449 1214 537 pertinet
1231 449 1332 529 ἄβου-

220 561 276 622 λος
297 553 337 620 ὣς
362 556 604 635 κεκερτομημένη,
628 554 714 641 quod
736 556 859 618 inverso
881 554 990 618 ordine
1011 551 1260 617 construendum
1281 577 1333 615 κε-

223 654 421 736 κερτομημένη
437 657 476 722 ὣς
490 658 631 736 ἄβουλος.
677 657 857 743 Sequentia,
874 673 911 722 ut
931 678 1014 719 nunc
1029 654 1156 741 quidem
1180 652 1331 718 scribun-

221 769 286 832 tur,
301 755 484 821 difficultate
499 766 561 821 non
577 776 701 834 carent3
727 759 780 823 sed
803 759 970 846 legendum
986 757 1100 839 γοργὸν
1113 757 1154 821 ab
1168 755 1331 842 adjectivo

221 859 342 940 γοργὸς,
355 859 509 924 terribilis.
533 864 604 946 ὁρᾷς
618 862 721 948 inquit
735 861 806 926 illa:

437 1000 481 1012 —
495 964 608 1046 γοργὸν
622 966 662 1031 ὡς
676 965 846 1039 ἀναβλέπει

395 1066 434 1144 σὴ
448 1069 572 1147 πατρίςς
598 1069 631 1129 ἐν
646 1070 704 1147 γὰρ
719 1074 780 1134 τοῖς
795 1069 934 1130 πόνοισιν
949 1063 1078 1144 αὔξεται.

223 1165 330 1242 Vides,
346 1166 447 1254 patria
466 1181 522 1231 tua
536 1190 630 1253 quarn
655 1168 823 1232 terribilem
846 1167 1029 1254 adspectum
1054 1165 1188 1229 habeat?
1211 1186 1332 1248 nempe

221 1267 253 1333 in
270 1268 345 1355 ipsis
360 1267 520 1334 laboribus
534 1271 683 1356 augescit.
730 1269 989 1334 Hemsterhusius
1004 1281 1191 1333 structuram
1216 1265 1260 1330 sic
1279 1265 1332 1331 in-

223 1370 343 1436 stituit:
369 1374 450 1456 ὁρᾷς,
476 1375 515 1440 ὡς
537 1373 649 1455 γοργὸν
674 1373 844 1454 ἀναβλέπει
866 1381 929 1440 τοῖς
953 1375 1136 1454 κερτομοῦσι.
1154 1384 1186 1433 et
1208 1368 1329 1432 vertit:

221 1475 426 1562 pluraquam
442 1485 547 1539 toruos
561 1477 684 1540 attollat
697 1476 800 1539 ocalm
814 1477 984 1540 adversum
998 1477 1159 1538 irrisores.
1175 1473 1329 1536 MUSG.

222 1578 274 1641 De
297 1577 537 1641 Atheniensium
563 1581 730 1664 δυσβουλίη
752 1579 818 1643 vid.
845 1581 975 1643 Kuster.
1001 1577 1041 1642 ad
1064 1577 1233 1663 Aristoph.
1257 1578 1327 1664 Eq.

224 1696 319 1764 1055.

264 1800 340 1866 323.
370 1784 404 1847 ἓν
430 1787 488 1865 γὰρ
517 1790 580 1850 τοῖς
608 1786 747 1848 πόνοισιν
772 1785 905 1868 αὔξεται]
935 1781 1086 1870 Thucyd.
1115 1803 1142 1860 1,
1170 1800 1242 1866 123.
1269 1782 1332 1845 trd-

220 1908 302 1964 τριον
324 1886 382 1965 γὰρ
402 1887 471 1966 ἡμῖν
495 1885 697 1970 (Corinthiis)
723 1889 756 1950 ἐκ
777 1893 837 1950 τῶν
858 1890 959 1951 πόνων
982 1890 1035 1954 τὰς
1057 1888 1164 1967 ἀρετὰς
1184 1890 1328 1950 κτᾶσθαι.

222 1985 414 2049 ΜΑΤΤΗ.

263 2106 338 2173 324.
353 2092 385 2153 ol
399 2089 660 2172 λύ’-πράσσουσαι
674 2092 804 2157 codices.
830 2092 1120 2172 αἵδ’-πράσσουσιν
1135 2091 1212 2155 Ald.

264 2209 340 2274 330.
355 2191 435 2255 ἄλλα
451 2192 580 2273 βλήματ’
597 2196 631 2257 ἐν
648 2197 748 2274 κύβοις
761 2196 887 2279 βαλεῖν]
913 2195 952 2256 ln
968 2217 1002 2257 re
1016 2192 1140 2257 militari
1163 2192 1331 2258 notissima

221 2292 414 2378 metaphora.
439 2293 581 2381 AEschyl.
600 2297 685 2382 Sept.
701 2315 777 2375 420.
794 2296 883 2387 ἔργον
898 2294 921 2358 δ’
938 2297 973 2358 ἐν
988 2297 1089 2374 κύβοις
1103 2293 1197 2376 Ἀρης
1220 2301 1329 2375 κρινεῖ

223 2397 347 2459 Auctor
369 2396 468 2460 Rhesi
490 2421 519 2460 v.
541 2401 610 2482 183.
624 2399 729 2481 Ψυχὴν
748 2395 952 2479 προβάλλοντ’
975 2400 1010 2461 ἓν
1029 2399 1147 2476 κύβοισι
1171 2399 1328 2476 δαίμονος·

221 2514 299 2563 etv.
316 2502 390 2579 446.
415 2503 549 2579 κυβεύων
562 2500 615 2566 τὸν
629 2503 703 2583 πρὸς
723 2500 878 2583 Ἀργείους
895 2499 1001 2581 Ἀρην,
1049 2499 1134 2562 Hinc
1157 2500 1332 2581 ἆναρρίψαι

221 2601 275 2680 τὴν
289 2602 398 2684 μάχην,
416 2601 575 2666 Plutarch.
594 2606 674 2667 Caes.
698 2628 729 2689 p.
746 2622 806 2686 727
825 2605 867 2668 D.
884 2602 956 2666 vide
971 2618 1001 2666 et
1019 2603 1110 2665 Brut.
1128 2626 1158 2686 p.
1178 2619 1262 2665 1002
1280 2603 1329 2665 D.

221 2719 253 2767 et
276 2706 368 2766 Amt.
393 2725 426 2790 p.
447 2723 528 2783 1040
545 2707 582 2768 F.
624 2708 741 2769 Notum
766 2705 850 2769 istud
875 2705 1021 2783 Caesaris,
1036 2708 1132 2790 jacta-
1154 2713 1218 2768 esto
1241 2705 1328 2768 olea.

223 2807 376 2870 MARK.

264 2925 339 2992 337.
356 2907 477 2988 ἐσφάλη
493 2909 623 2972 codices.
650 2909 788 2989 ἓσφύλην
804 2908 883 2971 Ald.

263 3037 339 3101 341.
356 3018 550 3104 ἐξελεξάμην]
570 3019 774 3083 Scribendum
792 3019 979 3097 ἐξεδειξύμην
993 3041 1063 3081 cnm
1082 3019 1280 3081 Hermanno.

263 3142 337 3207 344.
353 3128 481 3186 τεκοῦσα
497 3123 695 3187 Gaisfordus.
718 3128 845 3187 τεκοῦσα
861 3123 899 3186 σὺ
913 3122 994 3186 libri.

264 3240 327 3310 347
333 3281 339 3291 .
356 3228 463 3292 πείσας
478 3225 657 3290 Elmsleius.
698 3226 880 3312 Legebatur
894 3229 1015 3288 πείσων.

264 3350 340 3414 349.
356 3328 441 3416 τάδε]
459 3335 525 3394 τόδε
541 3329 627 3393 Flor.
649 3351 677 3391 1.
696 3351 724 3394 2.

264 3452 338 3517 351.
354 3433 501 3514 προσδοὺς
518 3432 665 3517 Scaliger.
688 3434 812 3514 προδοὺς
827 3431 908 3496 libri.

263 3552 283 3617 3
285 3551 338 3616 54.
361 3536 468 3613 λαβὼν
488 3533 511 3597 δ’
524 3532 695 3614 Ἀδραστον
709 3539 814 3616 δεῖγμα
828 3542 887 3598 τῶν
903 3539 980 3615 ἐμῶν
994 3532 1112 3618 λόγων]
1137 3533 1274 3618 Nempe,
1294 3535 1328 3598 in

221 3634 515 3700 demonstrationem
531 3636 668 3700 veritatis
682 3659 789 3700 eorum
805 3661 878 3724 quae
895 3639 1013 3724 populo
1028 3636 1169 3701 dicturus
1183 3657 1266 3711 sum,
1285 3638 1330 3700 de

221 3736 448 3803 inhumanitate
463 3739 701 3816 Thebanorum,
717 3756 748 3804 et
763 3739 803 3804 de
819 3741 997 3805 necessitate
1012 3737 1213 3803 succurrendi
1228 3739 1326 3803 mise-

222 3840 263 3904 ris
278 3841 480 3929 supplicibus
506 3844 660 3905 MARK.

264 3964 283 4028 3
285 3964 338 4028 55.
354 3945 464 4032 αύτῶν]
482 3948 581 4009 ἆστῶν
597 3944 775 4009 Elmsleius.
815 3947 864 4008 De
877 3935 944 4030 'quo
954 3946 1020 4031 jam
1037 3942 1250 4008 Marklandus
1268 3968 1327 4009 co-

220 4046 384 4134 gitaverat,
400 4047 452 4111 sed
471 4047 514 4111 ita
530 4064 565 4111 ut
581 4048 729 4133 rejiceret.

264 4169 338 4235 557.
361 4151 428 4233 παρ’
449 4154 555 4219 ὅπλοις
577 4150 602 4214 θ’
622 4153 743 4236 ἥμενος]
767 4152 887 4237 Tangit
911 4152 994 4216 hunc
1014 4152 1128 4228 locum,
1148 4166 1179 4215 et
1202 4175 1328 4218 morem

220 4254 356 4341 explicat
370 4278 407 4319 ex
424 4279 454 4319 v.
471 4259 543 4338 674.
560 4256 633 4331 684.
651 4266 682 4319 et
701 4253 768 4317 aliis
782 4254 975 4331 auctoribus,
993 4254 1232 4340 Wesselingius‚
1249 4256 1329 4321 Dis-

221 4371 292 4423 sert.
309 4359 465 4423 Herodot.
481 4382 549 4442 cap.
566 4379 598 4439 9.
614 4381 646 4444 p.
663 4360 730 4420 126.
757 4358 912 4422 MARK.

263 4461 374 4544 πέμψω
391 4463 463 4525 Par.
479 4463 522 4523 A.
555 4459 738 4545 Legebatur
752 4459 839 4538 λέξω.
