2864 4914
163 256 229 321 200
528 255 907 321 ANNOTATIONES

213 429 285 494 126.
310 428 466 492 Herodot.
482 447 515 512 3,
529 427 582 491 80.
597 431 711 508 πλῆθος
725 429 758 491 δὲ
773 428 869 512 άρχον
883 433 983 510 πρῶτα
997 429 1054 508 μὶν
1068 427 1182 508 οὔνομα
1196 425 1273 492 πάν·

166 555 227 595 τιιν
242 530 405 594 κάλλιστον
421 529 495 613 ἔχει,
513 531 677 610 ἰσονομίην.
694 532 799 594 POR.

215 631 286 695 128.
302 630 410 695 οὐδένα
423 632 525 713 καιρὸν
540 632 675 720 δύναται]
692 633 789 698 Nihil
802 635 1017 720 tempestivum
1033 635 1150 719 afferre
1159 646 1275 718 potest.

169 735 314 799 δύνασθαι
335 757 406 799 cum
432 736 607 800 accusativo
627 736 801 800 construxit
821 750 856 799 ut
873 735 966 800 Plato
981 734 1105 800 Phileb.
1123 756 1153 821 p.
1172 753 1211 819 23
1227 735 1273 801 D.

168 843 232 916 μῦν
247 837 300 900 οὖν
317 863 368 902 σοι
390 839 438 905 καὶ
459 839 593 920 πέμπτου
614 839 794 921 προσδεήσει
816 837 963 921 διάκρισίν
983 864 1065 905 τινος
1087 838 1271 917 δυνομένου;

170 937 314 1024 Gregorii
339 941 418 1004 Naz.
441 940 543 1006 locum
566 942 672 1007 attulit
695 942 874 1029 Stephanus
895 941 927 1005 in
952 941 1128 1020 Thesauro,
1148 941 1219 1021 ἡμῖν
1240 942 1274 1007 δὲ

167 1040 221 1120 κήν
236 1041 440 1124 ουννέκρινσιν
455 1051 507 1108 τοῦ
529 1049 662 1126 Χριστοῦ
676 1046 807 1109 δύναται.

213 1147 345 1230 θνατοῖς]
365 1145 570 1213 Scribendum
587 1152 703 1226 θνητοῖς
717 1169 756 1210 ex
773 1147 813 1212 Β.
834 1159 865 1214 et
889 1161 1006 1233 septem
1029 1145 1096 1211 aliis
1116 1144 1276 1210 codicibus

168 1260 199 1314 et
216 1247 308 1317 Lasc.

217 1367 286 1434 129.
310 1349 453 1414 Delenda
475 1363 629 1414 commata
650 1366 721 1438 post
744 1353 815 1419 ἀτας
836 1366 868 1416 et
891 1354 1013 1431 δαίμων.
1057 1351 1140 1415 Nam
1162 1349 1275 1430 δαίμων

169 1450 335 1538 utriusque
351 1452 449 1530 verbi,
466 1455 592 1539 ἀργιοθῇ
607 1468 638 1517 et
653 1452 816 1531 ἀπέδωκεν,
832 1454 1008 1541 subjectum
1024 1468 1080 1519 eat.

217 1557 396 1640 131—136.
423 1556 579 1619 έκλυου-
603 1554 608 1642 Ι
627 1561 722 1624 τᾶς-
740 1555 748 1643 Ι
765 1556 833 1620 οὐδέ
847 1595 891 1607 -
909 1554 915 1644 Ι
933 1556 1024 1636 λέξον
1037 1594 1082 1605 -
1099 1555 1105 1643 Ι
1123 1555 1277 1637 μελάθρου

170 1694 215 1713 -·
233 1656 239 1745 Ι
258 1659 370 1721 outt-
388 1655 393 1743 Ι
413 1659 523 1739 ἄλγεσι
537 1658 669 1737 δώματος
683 1657 762 1721 Ald.

221 1779 289 1843 134.
306 1760 398 1832 ἀλλά,
414 1762 521 1841 γεραιὰ
536 1760 750 1822 Hermannus
795 1760 978 1847 Legebatur
993 1759 1062 1826 ἀλλ’
1079 1758 1103 1824 ἀ
1117 1759 1232 1842 γεραιά.

219 1879 290 1946 135.
314 1859 357 1924 ἐπ’
381 1860 765 1947 άμφιπύλου-μελάθρου]
789 1862 891 1927 Schol.
914 1863 1117 1947 Ἀμφίπυλου.
1147 1863 1180 1927 τδ
1203 1863 1278 1946 ἔχον

172 1966 224 2029 δύο
243 1964 340 2030 πάλας
363 1964 411 2026 καὶ
434 1964 575 2036 εἰσόδους,
597 1964 669 2042 μίαν
694 1965 751 2043 μέν
770 1965 823 2043 τὴν
847 1966 1029 2045 αὐθεντικῆν,
1053 1968 1158 2047 ἑτέραν
1183 1967 1216 2029 δέ
1238 1963 1277 2043 ἣν

167 2064 301 2149 Ὅμηρος
322 2066 407 2148 λέγει
429 2069 594 2148 ὀρσοθύρην
610 2067 687 2150 (Od.
704 2074 743 2131 X.
759 2071 857 2152 126.).
878 2070 937 2150 ἐγὼ
952 2069 1015 2142 οὖν,
1031 2069 1135 2150 φησὶυρ
1153 2069 1201 2130 ἐπὶ
1222 2072 1278 2129 τοῦ

172 2170 346 2252 ἀμφιπάλου
362 2168 448 2241 οὖσα,
464 2168 578 2246 ἥκουσα
599 2174 700 2251 φωνῆς
722 2171 783 2234 έσιο
805 2175 856 2234 τοῦ
877 2171 1038 2252 μελάθρου.
1083 2167 1210 2246 Malim,
1225 2168 1276 2231 έπὶ

173 2277 225 2336 τοῦ
248 2271 419 2352 άμφιπύλου
440 2271 590 2351 μελάθρου
612 2272 699 2345 οὖσα,
716 2272 831 2351 ἤκουσα
852 2277 953 2355 φωνῆς
975 2273 1046 2336 έσοι.
1092 2273 1165 2335 Νοι]
1187 2291 1275 2334 suam

174 2375 225 2438 sed
240 2372 366 2439 Medeae
381 2372 509 2436 domum
526 2373 699 2454 ἀμφίπολον
708 2373 860 2456 μέλαθρον
873 2373 1010 2462 appellat
1024 2374 1147 2437 chorus.
1172 2375 1276 2451 Quam

173 2474 238 2543 duo
265 2475 342 2540 ostia
368 2475 482 2539 habere
508 2475 599 2560 fingit
621 2491 725 2561 poeta,
746 2499 811 2561 quo
833 2476 954 2541 facilius
975 2476 1123 2541 clamores
1144 2475 1212 2561 ejus
1234 2476 1275 2538 ad

172 2577 342 2643 vicinarum
358 2600 450 2641 aures
464 2577 655 2663 perveniant.
688 2578 814 2643 Dicitur
829 2579 873 2643 ἐπ’
890 2581 1062 2661 ἀμφιπύλου
1076 2576 1183 2641 eadeui
1199 2599 1273 2640 con-

173 2677 343 2745 structione
358 2702 422 2763 qua
438 2681 579 2745 ἑστεῶτες
595 2680 644 2743 έπὶ
658 2686 717 2743 τῶν
732 2685 844 2761 θυρέων
857 2680 942 2767 apud
960 2679 1158 2744 Herodotum
1173 2698 1204 2763 5.
1221 2697 1275 2761 92,

173 2799 203 2864 3.
251 2779 454 2866 Adjcctivunr
478 2781 649 2861 ἀμφίπολος
671 2803 732 2845 nou
756 2781 814 2845 nisi
836 2806 875 2845 ex
892 2783 951 2846 hoc
970 2781 1039 2847 loco
1052 2784 1149 2847 citant
1163 2781 1277 2846 lexico-

173 2882 295 2970 graphi.
342 2881 403 2946 Sed
420 2882 502 2951 οἶκον
517 2884 683 2964 ἀμφίθυρον
698 2883 779 2949 dixit
795 2884 963 2972 Sophocles
978 2885 1060 2951 Phil.
1073 2906 1143 2971 159.
1159 2885 1276 2949 ELM.

217 2986 291 3068 γόον
306 2983 485 3050 ΕΙιηεΙείιις.
531 2986 712 3073 Legebatur
725 2989 817 3066 βοάν.

221 3091 293 3174 136.
310 3086 486 3172 συνήδομαι]
503 3090 584 3151 Cum
601 3088 732 3152 inimicis
747 3089 884 3155 Medeae.
903 3091 1079 3156 SCHAEF.

219 3189 242 3254 ὦ
257 3189 360 3275 γύναι]
378 3189 401 3253 ἀι
416 3214 478 3253 om.
495 3189 573 3254 Ald.
592 3206 622 3253 et
637 3213 709 3277 pars
724 3191 874 3256 codicum.

223 3296 292 3379 138.
315 3320 366 3374 μοι
388 3298 480 3375 φίλον
503 3293 672 3380 κέκρανται]
699 3295 788 3359 Libri
809 3295 900 3383 pauci
922 3323 962 3377 μη
984 3309 1013 3360 et
1035 3295 1181 3378 κέκραται,
1196 3318 1277 3362 nun-

176 3396 253 3460 nulli
269 3397 360 3460 etiam
378 3400 466 3478 φίλα.

222 3520 293 3579 140.
309 3501 363 3563 τὸν
379 3500 594 3585 Musgravius.
618 3503 634 3563 ἀ
649 3500 731 3564 libri.

218 3601 344 3686 λέκτρα]
362 3607 443 3681 δῶμα
459 3601 535 3665 Ald.
552 3619 583 3666 et
598 3602 717 3688 aliquot
732 3605 825 3668 codd.

136 3749 140 3755 ⁴
223 3724 293 3784 141.
308 3703 390 3766 τάκει
404 3702 529 3787 βιοτὰν]
546 3704 750 3769 Scribendum
768 3706 847 3785 πιΙκει
861 3708 968 3785 βίοτον
981 3726 1052 3767 curn
1071 3701 1229 3766 Elmslei0.

222 3823 293 3888 143.
308 3806 579 3890 παραθαλπομέναΙ
599 3808 805 3871 scribendum
819 3806 1084 3888 παραθαλπομένη.

224 3926 293 3987 144.
318 3908 467 3992 κεφαλᾶς]
485 3914 617 3990 κεφαλῆς
632 3910 751 3995 aliquot
772 3909 893 3973 codices
912 3924 943 3971 et
959 3906 1121 3970 Hierocles
1136 3906 1167 3969 in
1184 3929 1279 3970 aurea

176 4008 314 4074 carmina
327 4032 357 4095 p.
375 4013 444 4073 126.
461 4034 480 4073 a
496 4011 676 4074 Gaissordio
690 4011 854 4075 indicatus

225 4112 295 4191 146.
317 4110 468 4175 Deleatur
490 4135 611 4176 comma
630 4128 700 4200 post
715 4115 948 4194 καταλυσαίμου.
995 4113 1075 4175 Nam
1092 4115 1200 4191 βιοτάν
1215 4127 1279 4174 taur

178 4238 197 4278 a
224 4216 449 4293 κατολυσοίμον
473 4237 567 4301 quam
593 4238 612 4277 a
637 4221 826 4295 προλιποῦσα
851 4217 980 4303 regitur,
1006 4231 1041 4279 ut
1068 4228 1150 4279 recte
1174 4226 1279 4276 monet

180 4315 358 4382 Elmsleius
