2864 4914
203 284 271 352 852
566 287 946 354 ANNOTATIONES

202 457 339 545 ᾐσθόμην
359 459 419 542 ίγὸ
440 456 535 524 rdbe?
558 461 630 525 Aut
652 460 726 548 quis
749 459 899 525 famulam
926 457 1011 525 unde
1034 456 1102 548 ipsa
1127 481 1192 525 rern
1219 458 1312 526 illam

201 559 400 646 comperisset
422 576 623 648 percontatus
643 567 733 628 erar?
756 563 860 627 Nemo
881 584 966 640 sane,
980 575 1018 627 ut
1032 584 1117 626 nunc
1136 575 1196 627 est.
1241 563 1311 628 Sed

202 684 263 748 ego
276 661 426 728 continuo
441 678 477 729 ut
490 663 559 729 haec
573 664 634 751 legi
649 664 692 730 sic
706 664 809 730 locum
824 687 844 730 a
857 678 951 752 poeta
961 664 1112 752 scriptum
1121 664 1195 730 clim
1209 665 1313 732 luisse

201 761 358 828 intellexi:
381 767 470 846 οἶμοι·
492 765 629 832 adnuntio
649 766 703 831 τὸν
724 767 798 848 ἐμὸν
819 767 941 831 ἔκθετον
957 768 1051 849 γόνον
1063 768 1157 833 πόθεν
1171 767 1236 832 ποτ’
1247 796 1256 843 ;
1283 767 1311 834 1⁹.

202 868 355 948 δίο-ιηνοι,
372 870 411 936 ὣς
426 871 695 952 ἀπωλόμην-οὔκ
715 869 780 935 οἶδ’·
805 871 927 935 ἐκείνων
945 867 969 934 δ’
984 867 1119 950 ᾐσθόμην
1141 871 1200 952 ἐγω
1222 870 1309 936 τάδε.

202 968 327 1048 Quibus
348 970 440 1036 simul
455 985 486 1037 et
501 995 560 1059 pro
573 996 606 1037 se
625 988 657 1038 et
679 995 737 1060 pro
756 971 891 1037 dominia
912 973 976 1037 suis
997 971 1176 1057 respondet.
1222 974 1312 1038 Pru-

201 1070 312 1137 denter
326 1087 431 1138 autem
447 1073 672 1140 Andromacha
688 1074 850 1140 consilium
874 1097 966 1138 suum
988 1097 1029 1139 ue
1050 1097 1121 1139 cum
1144 1073 1311 1162 populari-

201 1172 262 1238 bus
275 1174 403 1262 quidem
426 1176 490 1241 suia
511 1177 805 1254 communicaverat,
822 1177 941 1265 quippe
955 1176 1072 1265 quibua
1088 1176 1155 1264 jam
1172 1177 1309 1241 Graeco-

201 1299 272 1341 rum
303 1277 452 1343 servabus
476 1278 566 1344 factis
594 1279 745 1344 confessio
767 1280 818 1344 vel
845 1278 952 1344 invitis
979 1279 1160 1368 extorqueri
1188 1293 1308 1368 posset.

202 1379 243 1444 L.
259 1380 487 1446 DINDORF.
533 1381 739 1446 scribendum
754 1381 900 1447 πέπυσθε.

246 1500 298 1564 72.
314 1484 449 1568 ἐκείνων]
468 1484 583 1548 ἐκεῖνον
600 1483 685 1549 Flor.
702 1503 732 1551 2.
894 1517 896 1519 ·

246 1600 297 1668 79.
310 1582 390 1671 ἥξοι]
406 1587 470 1665 ἥξει
485 1588 532 1649 Η.

245 1687 295 1750 80.
311 1687 341 1769 γ’
354 1686 481 1752 accessit
494 1710 534 1752 ex
550 1688 625 1750 Par.
642 1689 681 1752 Ε.
698 1686 784 1752 Flor.
801 1706 829 1753 2.
844 1688 945 1753 Taur.
962 1688 1027 1752 Gu.

243 1787 477 1873 γέρων-ὥστε]
497 1787 537 1853 ld
553 1803 601 1853 est
614 1792 785 1873 γεραίτερος
798 1787 816 1870 ἢ
831 1791 963 1854 ὥοτε-.
1000 1792 1051 1854 De
1065 1813 1129 1878 qua
1143 1805 1309 1856 construc-

200 1889 285 1954 tione
300 1889 371 1955 vide
387 1891 530 1957 Gramm.
546 1892 605 1957 Gr.
622 1894 651 1975 ξ.
666 1894 740 1974 448.
764 1894 955 1958 ΜΑΤΤΗ.

244 1993 297 2056 82.
313 1992 381 2081 οὖν]
398 1993 433 2057 οὐ
447 1992 528 2058 Ald.

243 2099 337 2162 δοκεῖς
353 2095 399 2159 Η.
416 2095 509 2162 solus.
547 2095 730 2182 Legebatur
744 2102 835 2162 δοκεῖ.

242 2201 299 2260 σοῦ
312 2198 358 2262 Η.
374 2212 405 2262 et
421 2199 511 2263 Lase.
550 2197 641 2262 Libri
655 2197 768 2285 reliqui
783 2224 843 2265 σοι.

243 2299 295 2386 83.
310 2298 418 2386 πόθεν]
437 2302 490 2366 Gl.
506 2301 538 2366 in
555 2303 629 2366 Par.
648 2302 690 2364 D.
706 2303 774 2366 duri
787 2305 840 2366 τοῦ
853 2301 994 2382 οὐδαμοῖς.

241 2404 281 2467 σύ
294 2429 345 2483 μοι
357 2410 464 2484 μολεῖν
480 2405 552 2469 Par.
565 2406 654 2469 Α.Ε.
671 2403 756 2468 Flor.
768 2422 797 2468 2.
814 2404 860 2468 H.
877 2405 969 2468 Lace.
993 2411 1100 2484 μολεῖν
1112 2406 1149 2469 σύ
1158 2432 1208 2485 μοι
1222 2406 1304 2474 Ald.

242 2505 293 2570 88.
315 2509 407 2588 μηδὲν
426 2506 503 2572 τοῦτ’
527 2510 675 2595 ὀνειδίοῃς
700 2505 781 2591 ἐμοι]
809 2508 902 2586 μηδὲν
926 2508 1073 2593 ductilem
1096 2508 1207 2571 τούτων
1234 2512 1308 2590 ἐμοί

197 2607 298 2672 Taur.
315 2609 383 2673 Gu.
406 2609 582 2673 Haerebant
597 2609 628 2672 in
643 2611 746 2689 μηδὲν,
762 2608 848 2694 qnod
863 2622 910 2672 est
925 2630 982 2695 pro
996 2613 1144 2689 μηδαμῶς,
1159 2623 1193 2672 nt
1206 2613 1304 2691 μηδὲν

198 2707 267 2774 τόδε
282 2710 394 2774 hicnon
410 2709 501 2774 Med.
518 2725 589 2795 155.
614 2711 806 2774 ΜΑΤΤΗ.

244 2833 296 2896 90.
319 2812 403 2877 addc
427 2812 530 2896 κακὸν]
557 2812 649 2876 κακὸν
663 2811 747 2876 πάθω
763 2811 850 2877 Flor.
869 2831 919 2896 15.
946 2813 1023 2876 Duo
1037 2810 1089 2875 alii
1105 2812 1189 2879 Flor.
1207 2815 1303 2880 κακὸν

198 2916 287 3001 πάθῃ.

246 3037 314 3098 104
329 3016 552 3104 ἠγάγετ’-είς]
570 3015 775 3082 Scribendum
789 3015 995 3099 ἀνάγετ’-ἒς.

245 3135 314 3204 105.
331 3121 510 3208 ὃηιόλωτον]
527 3120 709 3203 δοριάλωτον
724 3121 825 3184 Taur.
842 3121 907 3185 Gu.

245 3224 316 3287 106.
332 3223 421 3310 ὠκὺς]
440 3223 527 3287 Huic
542 3222 610 3287 loco
625 3221 723 3309 magis
736 3223 901 3287 convenire
916 3223 1042 3288 videtur
1056 3225 1132 3302 ὀξύς.

242 3326 307 3390 ent
321 3325 349 3390 c’
366 3328 382 3389 ὁ
397 3328 550 3409 χιλιόναυν
563 3324 714 3393 Ἑλλάδος
729 3325 802 3393 ὠκὺς
812 3324 921 3413 Ἀρηι]
945 3328 1105 3390 Numerus
1122 3338 1225 3389 certus
1240 3349 1301 3413 pro

197 3427 332 3501 incerto,
361 3429 523 3491 Homerus
548 3428 629 3491 enim
654 3427 748 3505 mille,
775 3442 912 3504 centnm,
938 3428 1097 3514 octoginta
1123 3450 1176 3490 sex
1203 3450 1300 3494 naves

199 3528 385 3593 Graecorum
400 3529 522 3607 statuit,
539 3529 728 3593 Plutarchus
750 3528 832 3593 mille
853 3529 1014 3607 ducentas,
1031 3529 1183 3594 scholiast.
1203 3551 1298 3614 1170.

196 3629 247 3693 alii
265 3629 362 3694 aliter.
408 3632 457 3694 At
478 3645 578 3717 poetae
596 3631 661 3694 fere
677 3629 717 3694 de
732 3630 903 3695 millenario
925 3654 1056 3695 numero
1077 3633 1296 3709 consentiunt;

196 3732 241 3797 ita
255 3733 425 3820 Euripides
435 3733 522 3809 alias,
539 3732 635 3796 Rhea.
653 3755 683 3796 v.
702 3734 775 3799 262.
787 3732 905 3797 Electa.
923 3751 953 3796 2.
970 3734 1175 3821 Lycophron,
1191 3736 1298 3823 Virgi-

197 3831 269 3909 lius,
282 3833 426 3911 Ovidius,
444 3833 638 3920 Propertius,
656 3835 782 3898 Seneca.
805 3833 902 3900 Unde
919 3835 1092 3923 AEschylus
1107 3840 1224 3924 Agam.
1242 3854 1298 3922 45.

198 3937 310 4000 οτόλον
322 3935 469 4019 Ἀργείων
482 3937 686 4020 χιλιοναύτον.
712 3937 910 4001 BARNES.

244 4056 314 4118 107.
341 4040 408 4121 περὶ
430 4040 527 4124 τείχη]
554 4037 642 4102 Nihil
670 4038 731 4102 tale
754 4036 849 4101 tradit
873 4040 1043 4106 Homerus.
1082 4045 1165 4107 Cum
1191 4057 1298 4108 nostro

197 4156 300 4206 tamen
315 4140 390 4205 facit
405 4141 554 4228 Virgilius
569 4139 698 4205 AEneid.
720 4161 746 4204 1.
763 4164 793 4203 v.
809 4141 884 4224 487.
909 4144 1015 4208 Acute
1032 4149 1200 4211 Barnesius
1213 4172 1298 4213 erro-

196 4265 261 4308 rem
289 4241 362 4307 inde
383 4257 485 4306 ortum
509 4243 695 4329 suspicatur,
717 4241 804 4328 quod
827 4245 959 4324 Hector,
980 4247 1136 4313 Achillem
1158 4250 1295 4337 fugiens,

197 4361 245 4410 ter
270 4344 380 4432 'srcjoe
408 4344 522 4408 moenia
545 4344 732 4422 circuirent,
772 4346 913 4413 Homero
938 4365 1016 4416 teate
1043 4350 1083 4417 ll.
1107 4379 1139 4436 χ.
1164 4376 1194 4418 v.
1222 4356 1296 4438 165.

199 4448 344 4514 Musa.
380 4448 475 4531 τειχει
490 4448 562 4512 nar.
580 4449 624 4513 A.
660 4418 755 4532 ..cxl
769 4449 817 4513 H.
