2864 4914
508 741 881 826 MEDEA.

586 966 864 1014 ψ.

146 1142 376 1227 ΜΕΠΕΑΜ
400 1161 547 1228 archonte
567 1164 762 1252 Pythodoro,
785 1162 840 1252 qui
861 1186 1037 1253 eponymus
1050 1163 1113 1228 fuit
1127 1161 1247 1252 olymp.

147 1267 252 1348 87,1,
278 1265 391 1330 editam
419 1290 484 1331 esse
509 1267 625 1332 diserto
651 1283 771 1333 constat
796 1268 1034 1332 didascaliarum
1059 1266 1247 1348 testimonio,

145 1366 231 1454 quod
253 1368 429 1454 argumenti
451 1370 556 1434 Graeci
579 1370 711 1458 scriptor
731 1369 889 1458 apposuit,
907 1378 929 1409 “
943 1368 1103 1452 Ἐδιδόχθη
1120 1371 1168 1434 ἐπὶ
1183 1376 1246 1435 Πυ-

145 1471 274 1551 θοδώρου
289 1472 434 1554 ἄρχοντος
449 1476 523 1536 κατὰ
538 1472 592 1552 τὴν
606 1472 808 1556 ὀγδοηκοστὴν
820 1474 952 1553 ἑβδόμην
967 1472 1145 1552 ὀλυμπιάδα.
1171 1477 1248 1553 πρῶ-

35 1603 38 1607 ·
145 1597 195 1639 τος
217 1573 385 1654 Εὐφορίων,
409 1575 544 1656 δεύτερος
563 1575 733 1656 Σοφοκλῆς,
748 1577 844 1658 τρίτος
859 1576 1027 1658 Εὐριπίδης.
1052 1573 1178 1653 Μήδεια,
1194 1579 1248 1638 Φι-

144 1674 296 1755 norwit-ns,
310 1677 426 1749 Δίκτυς,
444 1676 589 1757 Θερισταὶ
603 1677 735 1759 σότυροι·
760 1679 794 1740 οὐ
810 1678 943 1753 σώζεται.
968 1674 1135 1763 Dupllcem
1152 1674 1248 1761 hujus

145 1775 307 1862 tragoediae
329 1776 494 1840 editionem
519 1777 671 1843 exstitisse
696 1778 859 1844 doctorum
887 1777 1084 1865 quorundam
1108 1775 1247 1839 virorum

145 1877 250 1965 opinio
272 1877 344 1954 luit,
370 1878 562 1943 futilioribus
584 1879 657 1944 nixa
680 1880 872 1967 argumentis
895 1902 990 1967 quam
1021 1901 1094 1966 quae
1118 1877 1247 1943 refutati

144 2003 248 2067 operae
263 1980 397 2066 pretium
413 1997 479 2044 erat
494 1981 533 2046 ab
548 1981 699 2046 Elmsleio
713 2006 744 2070 p.
761 2003 812 2067 73.
843 1980 1007 2068 Euripidis
1020 1980 1161 2046 fabulam
1177 1979 1247 2044 imi·

145 2097 229 2146 tatus
242 2097 289 2146 est
305 2084 438 2160 Ennius,
454 2084 545 2168 cujus
559 2107 598 2147 ex
614 2084 733 2149 Medea
746 2084 922 2172 fragmenta
936 2083 1082 2171 quaedam
1093 2107 1164 2149 cum
1178 2107 1247 2147 ver-

144 2185 230 2249 sibus
245 2185 425 2274 Euripideis
440 2186 504 2249 suis
518 2209 654 2274 quaeque
669 2186 742 2251 locis
756 2186 1013 2274 comparabimus.
1059 2185 1247 2272 Euripidem

144 2304 248 2352 autem
266 2289 427 2376 tragoediae
442 2313 507 2353 suae
524 2305 744 2376 argumentum
768 2290 899 2377 ejusque
921 2287 1073 2353 tractandi
1096 2287 1247 2352 rationem

145 2412 206 2453 non
231 2390 333 2478 ipsum
358 2391 521 2470 invenisse,
547 2392 600 2456 sed
626 2392 667 2457 ab
690 2392 882 2480 Neophrone
905 2389 1083 2477 sumpsisse,
1106 2406 1247 2455 veterum

145 2494 343 2583 quorundam
367 2493 473 2580 opinio
495 2494 569 2574 fuit,
594 2518 689 2583 quam
714 2494 890 2583 argumenti
914 2493 1017 2559 Graeci
1042 2491 1174 2580 scriptor
1200 2492 1248 2558 his

146 2597 247 2661 verbis
267 2611 418 2661 memorat
437 2598 550 2684 partim
570 2598 734 2685 corruptis,
752 2599 796 2662 Τδ
819 2603 914 2681 δρᾶμα
936 2601 1018 2661 δοκεῖ
1037 2596 1248 2676 ὑποβαλέσθαι

145 2701 385 2781 γενναιοφρόνως
407 2700 614 2775 διασκευάσας,
632 2703 671 2769 ὥς
687 2703 868 2785 Δικαίαρχός
889 2725 921 2764 τε
943 2700 1011 2781 περὶ
1028 2703 1081 2763 τοῦ
1097 2697 1249 2768 Ἑλλόδος

144 2804 214 2880 βίον
244 2804 291 2865 καὶ
319 2800 531 2882 Ἀριστοτέλης
561 2805 595 2867 ἐν
622 2804 830 2884 δπομνήμασιι
869 2803 909 2866 de
938 2801 1054 2888 quibus
1079 2800 1248 2866 Elmsleius

146 2911 168 2942 ‘⁸
184 2903 370 2990 Legendum
388 2903 523 2982 videtur,
542 2906 576 2968 τὸ
596 2910 691 2987 δρᾶμα
713 2911 796 2970 δοκεῖ
814 2906 1022 2984 ὑποβαλέσθαι
1043 2906 1075 2985 (ὁ
1091 2905 1249 2985 Εὐριπίδης

145 3004 286 3090 scilicet),
302 3010 382 3087 παρὰ
397 3010 573 3088 Νεόφρονος
587 3007 797 3074 διασκευάσας.
843 3008 987 3070 Fuerunt
1001 3005 1057 3092 qui
1074 3004 1246 3082 crederent,

147 3108 344 3193 Neophronis
360 3108 520 3186 Medeam,
535 3111 626 3196 cujus
640 3124 777 3196 quatuor
789 3123 820 3173 et
835 3107 945 3195 viginti
965 3105 1021 3172 soli
1040 3121 1162 3171 exstant
1179 3129 1248 3170 ver-

146 3232 207 3287 sus,
223 3233 261 3273 ex
278 3210 442 3296 Euripidis
458 3210 575 3275 Medea
589 3234 765 3297 expressam
780 3209 965 3276 esse-Sed
982 3208 1035 3272 vix
1051 3231 1155 3296 operte
1174 3232 1246 3296 pre·

147 3312 224 3376 tium
241 3313 301 3377 fnit
315 3329 438 3400 poetam
456 3337 544 3402 paene
559 3314 701 3401 ignotum
717 3315 794 3380 furti
809 3312 935 3378 literarii
950 3310 1137 3376 insimulare.
1168 3310 1248 3389 Quis

145 3415 226 3479 enim
243 3415 366 3479 dubitat
377 3416 518 3503 juniores
533 3417 666 3505 tragicos
681 3417 781 3483 multa
795 3441 814 3482 a
828 3416 985 3482 veteribus
999 3413 1060 3478 illis
1073 3414 1148 3479 artis
1162 3415 1249 3503 prin-

145 3517 267 3606 cipibus
282 3533 385 3582 sumta
397 3520 428 3581 in
445 3543 517 3583 suos
533 3543 608 3584 usus
618 3521 827 3585 convertisse?
851 3518 1046 3584 Contrariam
1063 3517 1245 3582 sententiam

145 3620 353 3707 proculdubio
376 3622 531 3685 declarare
544 3621 642 3686 voluit
663 3622 838 3709 argumenti
861 3621 1002 3708 scriptor,
1019 3619 1169 3706 tragicum
1187 3620 1246 3684 sci-

145 3720 215 3786 licet
230 3723 369 3786 onmium
385 3722 482 3786 ferme
498 3722 722 3787 nobilissimum
743 3722 872 3788 alienam
889 3722 1027 3787 fabulam
1051 3721 1108 3786 sibi
1132 3745 1248 3810 suppo-

145 3824 250 3888 suisse.
297 3823 348 3888 Sic
370 3848 426 3888 nos
449 3825 546 3911 Angli
570 3848 631 3889 non
653 3825 708 3913 qui
733 3824 954 3913 Shaltsperium
975 3824 1085 3888 imitati
1104 3824 1176 3903 sint,
1193 3824 1246 3888 sed

146 3950 226 4013 qnos
249 3927 388 3991 imitatus
413 3926 452 3991 sit
481 3927 697 4015 Shaltsperius,
721 3927 841 3992 curiose
868 3927 1077 4015 pervestigare
1102 3926 1246 3992 solemus.

146 4030 200 4093 Ita
220 4028 398 4115 accipienda
420 4028 494 4093 mibi
514 4030 660 4094 videntur
681 4054 753 4117 quae
776 4030 816 4094 de
838 4030 896 4094 hoc
919 4052 1044 4094 rumore
1065 4028 1146 4094 dixit
1167 4028 1247 4093 Dio-

144 4155 240 4218 genes
263 4133 408 4196 Laertius
431 4133 622 4198 Menedemo
641 4153 755 4219 2,134.
779 4135 857 4197 ὥστε
879 4134 1035 4197 πταίουσιν
1056 4133 1086 4195 ol
1106 4132 1249 4213 λέγοντες

144 4239 237 4316 μηδὲν
253 4236 343 4300 αὐτὸν
358 4237 559 4317 ἀνεγνωκέναι
573 4237 653 4316 πλὴν
668 4237 719 4316 τῆς
732 4238 864 4314 Μηδείας
877 4235 928 4315 τῆς
944 4236 1112 4316 Εὐριπίδου,
1122 4231 1159 4310 ἣν
1174 4232 1249 4297 έυιοι

146 4340 321 4419 Νεόφρονος
338 4338 413 4402 εἶναι
428 4345 480 4401 τοῦ
495 4340 654 4403 Σικυωνίου
669 4341 756 4420 φασί.
801 4337 922 4402 Eadem
941 4335 1035 4400 tradit
1052 4334 1176 4412 Suidas,
1191 4357 1247 4398 cu·

141 4441 197 4528 jus
220 4441 314 4504 verba
335 4457 425 4504 sunt:
460 4443 619 4523 Νεόφρον,
642 4438 661 4519 ἢ
684 4446 824 4522 Νεοφῶν,
846 4440 1014 4513 Σικυώνιος,
1041 4436 1188 4520 τραγικὸς,
1213 4437 1249 4502 οὓ
