2864 4914
470 679 959 765 PHOENISSAE.

587 937 851 972 ...Φ-

168 1114 245 1199 DE
270 1145 410 1218 ternpore
431 1132 528 1221 hujus
551 1133 668 1199 fabulae
686 1133 808 1198 nullum
832 1146 973 1219 superest
994 1131 1144 1197 disertum
1167 1153 1272 1219 gram·

167 1234 271 1299 mauci
287 1235 398 1299 veteris
413 1236 635 1301 testimonium.
681 1237 758 1302 Post
772 1238 861 1302 Aves
875 1236 1109 1323 Aristophanis,
1124 1234 1144 1298 i.
1157 1258 1185 1299 e.
1201 1249 1272 1321 post

165 1335 284 1425 olymp.
301 1358 355 1424 91,
372 1355 404 1414 2,
418 1352 519 1402 actam
534 1360 600 1403 esse
621 1351 706 1403 certa
724 1338 843 1403 ratione
863 1361 902 1403 ex
922 1361 960 1402 eo
982 1337 1168 1425 colligimus,
1183 1335 1272 1424 quod

166 1461 292 1503 versum
312 1439 396 1504 illius
408 1440 569 1505 comoediae
589 1460 665 1522 424.
680 1444 713 1508 ἐκ
727 1447 787 1506 τῶν
800 1441 919 1522 μηδέπω
935 1445 1132 1523 διδοχόεισῶν
1146 1444 1271 1503 Φοινισ-

166 1549 231 1609 σῶν
246 1547 291 1625 (v.
309 1546 398 1628 266.)
413 1567 593 1631 expressum
617 1568 683 1609 esse
705 1545 814 1609 statuit
829 1543 1044 1630 Asclepiades,
1060 1557 1095 1606 ut
1111 1565 1150 1606 ex
1172 1564 1271 1605 anno·

166 1646 283 1711 tatione
298 1646 471 1712 scholiastae
485 1647 525 1712 ad
542 1671 570 1713 v.
586 1666 661 1734 347.
676 1648 817 1737 ejusdem
833 1647 949 1712 fabuloe
965 1644 1172 1734 cognoscitur.
1217 1646 1271 1709 Ex

166 1748 217 1813 his
231 1772 292 1814 non
308 1749 555 1837 improbabiliter
569 1751 722 1839 conjicere
737 1751 881 1815 videmur
899 1749 985 1815 brevi
1007 1762 1079 1837 post
1093 1750 1181 1813 Aves
1195 1761 1272 1812 tem-

165 1875 244 1940 pore
264 1851 297 1916 in
319 1876 442 1918 scenam
465 1853 651 1941 productam
670 1876 736 1919 esse
758 1853 838 1918 hauc
861 1851 1057 1939 tragoediam,
1073 1851 1093 1914 i.
1109 1874 1137 1914 e.
1152 1849 1270 1939 olymp.

166 1975 206 2041 91
212 2001 222 2034 ,
237 1975 270 2041 3.
314 1956 397 2019 Nam
413 1956 621 2042 antiquiorem
636 1979 730 2044 quam
745 1958 888 2021 Orestem
903 1978 979 2034 esse,
994 1977 1066 2041 quae
1080 1952 1200 2042 olymp.
1217 1971 1272 2039 92,

164 2078 197 2139 4.
212 2072 283 2122 acta
298 2070 356 2136 est,
372 2058 493 2123 numeri
515 2059 620 2123 minus
633 2082 730 2147 quam
752 2059 784 2123 in
807 2058 859 2123 illa
873 2057 982 2123 fabula
999 2055 1142 2122 dissoluti
1160 2054 1272 2121 docere

166 2159 323 2225 videntur.
369 2161 483 2226 Paullo
496 2160 557 2227 alia
571 2162 611 2227 de
627 2176 767 2249 tempore
788 2162 885 2249 hujus
904 2160 1022 2227 fabulae
1043 2160 1196 2225 sententia
1209 2160 1272 2224 fuit

166 2261 374 2341 Valckenarii,
389 2263 444 2351 qui
459 2264 491 2328 in
508 2266 628 2350 praet‘at.
645 2289 677 2354 p.
689 2267 769 2330 VII.
791 2264 859 2330 haec
877 2263 1000 2352 scripsit
1015 2263 1115 2328 “Ubi
1130 2262 1271 2328 meminit

166 2366 331 2453 Euripidis
354 2367 569 2434 Andromedae
591 2369 728 2434 comicus
753 2370 785 2433 in
812 2368 913 2434 Ranis
939 2391 968 2433 v.
990 2386 1044 2452 53.
1071 2365 1130 2430 hoc
1154 2365 1271 2452 legitur

166 2468 322 2534 scholion:
347 2475 395 2536 διδ
409 2473 439 2536 τί
450 2472 490 2552 μὴ
504 2475 583 2537 ἄλλο
603 2499 632 2537 τι
650 2478 709 2537 τῶν
727 2473 785 2554 πρδ
805 2473 911 2554 ὀλίγον
933 2468 1132 2553 διδοχθέντων
1152 2470 1201 2533 καὶ
1221 2494 1271 2533 κα-

166 2578 239 2650 aas,
254 2571 436 2656 Ὑψιπύλης,
453 2580 635 2650 Φοινισσῶν,
649 2575 827 2656 Ἀντιότιης;
854 2576 885 2657 (ἡ
899 2577 957 2657 γδρ
971 2571 1157 2654 Ἀνδρομέδα
1173 2572 1270 2656 ὀγδόῳ

167 2675 227 2739 ἔτει
240 2679 405 2758 προῆκται·)
423 2678 524 2758 ἐπειδὴ
543 2680 578 2743 οὐ
594 2678 821 2761 συκοφαντητέα
845 2677 972 2763 [corrig.
990 2671 1211 2755 σνκοφαντητά.
1228 2674 1269 2739 G.

166 2778 226 2867 D.]
242 2778 280 2857 ἦν
294 2781 331 2843 τὰ
345 2784 475 2843 τοιαῦτα.
517 2779 754 2845 Andromedam
770 2778 878 2844 docuit
896 2777 1067 2866 Euripides
1080 2799 1164 2841 anno
1179 2774 1271 2842 tertio

167 2877 247 2966 [imo
261 2894 386 2968 quarto.
404 2883 448 2946 G.
465 2882 525 2970 D.]
547 2882 665 2972 olymp.
685 2903 737 2968 91.
759 2899 831 2947 octo
851 2881 941 2946 annis
961 2896 1033 2945 ante
1050 2903 1146 2968 quam
1169 2881 1271 2945 Ranae

164 2983 303 3070 primum
319 3000 486 3071 agerentur
501 2984 736 3072 Aristophanis,
751 3008 834 3049 auno
849 3008 960 3072 nempe
979 2983 1071 3049 tertio
1084 2982 1200 3071 olymp.
1216 3003 1269 3069 93.

166 3089 261 3151 Actae
274 3085 381 3173 itaque
397 3086 570 3152 Phoenissae
584 3087 702 3152 fuerint
716 3086 798 3151 intra
812 3110 929 3152 annum
947 3086 1073 3152 tertium
1086 3084 1205 3173 olymp.
1218 3106 1270 3171 91.

165 3203 197 3254 et
217 3211 335 3253 annum
359 3190 486 3254 tertium
509 3190 626 3278 olymp.
652 3210 705 3276 93,
725 3190 829 3254 forsan
853 3212 936 3253 anno
958 3188 1051 3253 tertio
1075 3187 1193 3275 olymp.
1216 3207 1270 3273 92.

165 3314 231 3378 quo
245 3292 306 3356 sub
319 3293 468 3358 archonte
491 3293 670 3380 Glaucippo
690 3292 765 3358 vicit
787 3292 883 3372 edita,
906 3306 1021 3380 praeter
1041 3306 1169 3368 ceteras,
1193 3289 1270 3354 Phi·

166 3392 278 3460 loctete
294 3394 493 3481 Sophocles.''

639 3552 789 3570 ψ

213 3727 241 3770 r.
259 3709 293 3771 ἐν
307 3708 436 3791 ἄστροις.
475 3709 575 3773 Recte
590 3708 795 3796 Musgravius
809 3730 880 3772 cum
901 3705 1063 3772 scholiaste
1084 3705 1267 3795 interpreta-

166 3823 229 3887 tur,
237 3831 302 3896 per
315 3811 415 3897 sigua
428 3812 559 3875 zodiaci.
583 3810 732 3875 Eustath.
747 3834 780 3899 p.
794 3813 869 3891 446.
881 3809 939 3875 ult.
953 3811 1110 3892 Εὐριπίδης
1121 3812 1175 3875 τὸν
1185 3812 1274 3890 ἥλιον

164 3910 222 3990 τὴν
235 3913 276 3975 ἐν
297 3913 417 3994 ἄστροις
439 3914 566 3996 οὐρανοῦ
588 3913 707 3993 τέμνειν
729 3914 788 3996 ἔφη
810 3914 891 3992 ὁδὸν,
915 3915 963 3976 διδ
986 3919 1045 3977 τῶν
1067 3914 1177 3991 ζωδίινν
1197 3916 1272 3978 οὕτω

167 4012 286 4095 κίνησιν
300 4014 431 4097 φράζων.
478 4017 578 4080 Hunc
599 4015 701 4079 locum
725 4014 865 4079 imitatur
882 4015 949 4103 ipse
971 4014 1143 4102 Euripides
1157 4015 1189 4079 in
1204 4016 1271 4103 epi-

163 4131 337 4202 grammate
351 4117 438 4205 apud
454 4117 647 4182 Athenaeum
663 4136 693 4184 2.
710 4141 744 4206 p.
754 4120 804 4181 61.
818 4118 858 4181 B.
870 4115 914 4182 Ὤ
928 4117 984 4183 τὸν
994 4117 1163 4200 ἆγήραντον
1175 4121 1273 4185 πόλον

156 4218 283 4301 αἰθέρος
304 4217 399 4284 Ἥλιε
425 4219 550 4300 τέμνων,
570 4216 636 4301 'Ap'
661 4219 737 4287 εἶδες
758 4218 864 4285 τοιόνδ’
888 4222 996 4302 ὄμματι
1021 4223 1136 4304 πρόσθε
1158 4221 1272 4296 addon

165 4321 365 4388 Theodectes
394 4321 637 4410 Bellerophonte
664 4322 751 4410 apud
783 4322 944 4388 Stobaeum
974 4341 1022 4386 10.
1051 4346 1082 4410 p.
1108 4325 1179 4390 126.
1207 4326 1272 4408 (67.

168 4426 273 4513 Grot.)
286 4423 332 4490 Ὠ
347 4430 539 4509 καλλιφεγγῆ
561 4425 690 4507 λαμπάδ’
709 4427 855 4492 εἱλίσσων
876 4427 995 4509 φλογὸς
1010 4424 1116 4500 Ἥλιε,
1133 4427 1275 4492 ποθεινὸν
