2864 4914
508 287 576 350 AD
600 288 886 352 PHOENISSAS.
1186 288 1251 356 trs

150 457 347 522 ὀλισθάνουσι
370 455 547 522 scholiastes
561 459 601 523 ad
617 459 784 547 Aristoph.
800 462 884 525 Ran.
900 477 953 546 55.
1001 459 1123 523 Mirum
1144 458 1252 546 igitur,

150 560 348 624 ἀπολισθάνοι
369 559 561 647 displicuisse
584 562 825 627 Hemsterhusio
846 563 878 626 in
902 561 1045 626 Luciano
1063 561 1147 628 Dial.
1165 563 1255 626 Mar.

143 655 202 746 15.
220 681 248 726 2.
272 685 303 748 p.
320 666 395 747 326.
441 665 481 726 ln
500 663 723 750 Aristophanis
745 667 820 730 Pac.
840 667 933 750 1165.
957 679 1092 729 metrum
1113 665 1255 752 postulat

150 765 307 829 οἰδάνοντα
323 788 380 851 pro
395 768 572 831 οἰδαίνοντα.
599 768 702 831 POR..

196 868 289 952 1386.
311 871 518 951 κερχνιάμασιν
534 868 724 956 Hesychius,
741 869 893 956 probante
911 868 1142 942 Valckenaerio;
1166 869 1255 934 etsie

149 969 248 1034 edidit
264 969 463 1043 Brunckius3
489 971 542 1035 sed
557 971 684 1035 alteram
701 995 829 1058 quoque
843 971 975 1035 formam
995 971 1135 1058 agnoscit
1150 974 1256 1060 Hesy-

149 1071 248 1137 chius.
272 1074 377 1137 POR.

197 1175 288 1260 1388.
304 1175 484 1260 έστάλασσ’]
504 1175 643 1254 {ordlaf
661 1176 707 1238 H.
724 1190 754 1239 et
771 1191 832 1238 tres
846 1175 897 1239 alii
913 1198 985 1240 cum
1001 1176 1080 1240 Ald.

199 1278 292 1362 1389.
316 1281 364 1341 διὰ
383 1280 483 1359 φίλων
505 1280 649 1359 ὀρρωδίαν
671 1277 692 1340 i.
709 1301 736 1340 e.
760 1281 808 1341 διὰ
824 1279 857 1341 τδ
873 1279 1106 1360 ὑπεραρρωδέειν
1121 1285 1182 1346 τοῖς
1203 1281 1254 1361 φί-

150 1387 226 1455 λοις,
244 1393 280 1443 ut
297 1380 437 1466 loquitur
452 1380 609 1443 Herodot.
626 1381 658 1455 8,
675 1395 726 1461 72.
773 1380 823 1443 Sic
840 1382 894 1444 Or.
910 1399 987 1465 415.
1002 1381 1113 1462 πατρὸς
1133 1384 1256 1463 τιμωρία

151 1482 170 1545 i.
187 1507 214 1546 e.
230 1483 264 1545 τὸ
280 1487 441 1564 τιμωρῆσαι
455 1484 495 1567 τῷ
511 1486 608 1564 πατρί.
634 1485 825 1546 ΜΑΤΤΗ.

197 1605 290 1670 1394.
308 1586 433 1670 κνήμην]
452 1586 562 1666 κνήμης
575 1585 695 1672 aliquot
709 1585 802 1650 codd.

199 1706 291 1771 1395.
316 1687 501 1773 ἀνηλάλαξε]
528 1688 697 1767 ἀνηλάλαξε
721 1689 767 1751 Η.
783 1703 814 1752 et
836 1691 927 1753 Harl.
944 1712 1015 1753 cum
1033 1689 1110 1753 Ald.
1144 1689 1255 1769 ἐπηλά-

153 1796 226 1868 λαξε
249 1792 337 1875 Aug.
357 1812 440 1852 unus
462 1803 493 1853 et
516 1790 690 1853 scholiasta.
730 1792 951 1856 “Exercitum
967 1791 1174 1878 Argivorum,
1192 1800 1256 1855 Δα-

154 1897 262 1955 ναϊδῶν
277 1891 417 1972 στρατὸν,
440 1914 498 1978 par
520 1906 586 1955 erat
604 1893 789 1971 acclamare,
806 1894 1017 1970 ἐπαλαλάζων,
1034 1894 1175 1981 Polynici
1192 1893 1255 1957 vic·

149 1996 229 2067 tori;
254 1993 361 2079 itaque
386 1995 557 2073 ἐπηλάλαξε
582 1994 689 2058 saltem
716 2019 777 2058 non
804 1995 952 2060 alienum.
1000 1996 1061 2060 Sed
1086 1997 1258 2076 ἀνηλάλαξε

152 2120 214 2162 non
238 2099 341 2161 minus
363 2098 522 2176 idoneum,
538 2098 744 2161 conclamauit
760 2100 896 2186 guadio,
913 2115 948 2162 ut
970 2097 1110 2184 loquitur
1133 2098 1208 2162 Liv.
1228 2119 1256 2175 1,

153 2220 205 2286 25.
251 2203 364 2288 Neque
379 2200 459 2263 enim
477 2223 598 2264 necesse
617 2216 682 2264 erat
697 2200 824 2278 addere,
840 2201 880 2265 ad
896 2224 991 2287 quem
1013 2200 1185 2287 pertineret
1199 2199 1258 2263 iste

152 2305 287 2368 clamore
303 2304 495 2388 significatus
509 2304 606 2367 favor.
631 2304 824 2366 MATTH.

200 2411 292 2493 1396.
310 2408 439 2495 γυμνὸν]
457 2407 587 2490 στυγνὸν
603 2408 648 2470 Η.

200 2511 291 2594 1398.
326 2514 406 2589 διήκε
433 2512 550 2593 λόγχην
577 2509 688 2590 στέρνα
710 2507 841 2585 dictum,
866 2523 903 2572 ut
931 2527 1023 2591 1394.
1058 2508 1170 2588 κνήμην
1202 2512 1259 2572 διε-

156 2612 289 2694 πέρασεν
319 2615 397 2694 δόρν.
437 2612 557 2676 Herod.
582 2627 613 2693 7,
639 2629 690 2692 24.
720 2611 772 2675 τὸν
798 2612 905 2692 ἰσθμὸν
929 2615 982 2677 τάς
1010 2611 1080 2677 νέας
1105 2612 1258 2692 διειρύσαι.

155 2716 348 2780 ΜΑΤΤΗ.

201 2839 293 2898 1400.
318 2822 360 2886 εἰς
380 2817 429 2882 vel
453 2821 485 2886 ἐς
503 2817 593 2882 codd.
616 2817 765 2905 plerique.
805 2818 844 2884 ὡς
868 2818 912 2881 Η.
936 2830 968 2880 et
991 2816 1082 2903 pauci
1108 2814 1159 2879 alii
1186 2837 1257 2879 cum

203 3044 295 3105 1404.
313 3024 434 3088 ἐνθένδε
450 3023 557 3088 Guell‘.
596 3025 683 3088 ἔνθεν
698 3026 730 3087 δὲ
746 3022 825 3087 Ald.

200 3128 386 3213 ἁρπάσαντε]
405 3128 593 3209 ὁρτάσαντες
608 3128 697 3191 Β.Η.
715 3143 746 3190 et
761 3141 824 3190 tres
838 3124 888 3189 alii
904 3146 975 3188 cum
992 3121 1071 3187 Ald.

202 3248 295 3313 1407.
320 3232 371 3294 καί
382 3232 457 3315 τως]
476 3231 526 3295 κεῦ
541 3256 603 3296 τως
617 3226 860 3304 Valckenarius,
877 3225 930 3289 sed
954 3226 1002 3289 καὶ
1023 3246 1178 3308 nusquam
1194 3247 1261 3288 ora-

157 3329 203 3393 sin
226 3331 299 3395 facit
315 3354 387 3396 oum
404 3334 448 3410 εδ,
464 3331 521 3395 nisi
536 3332 566 3394 in
583 3329 769 3417 compositis.
816 3327 938 3392 Eodem
962 3349 1065 3390 errore
1086 3323 1193 3412 lapsus
1214 3341 1261 3390 est

158 3433 419 3497 Hemsterhusius
433 3434 473 3498 ad
493 3434 624 3497 Lucian.
642 3435 685 3496 T.
705 3453 733 3496 1.
750 3456 780 3520 p.
795 3432 870 3512 486.
888 3429 941 3493 ubi
956 3429 988 3492 in
1006 3426 1168 3514 Sophoclis
1181 3426 1260 3506 loco,

158 3535 297 3618 στέργειν
311 3539 344 3600 δὲ
358 3538 549 3616 τάμπεσθντα
565 3537 613 3600 καὶ
632 3536 739 3600 θέσθαι
760 3535 866 3616 πρέπει
888 3532 992 3614 Σοφδν
1007 3530 1163 3610 κυβευτήν,
1180 3532 1262 3595 ἀλλά

157 3637 198 3717 μή
212 3638 331 3702 στένειν
345 3641 447 3722 τύχην·
472 3639 525 3702 ubi
541 3655 723 3726 corruptum
740 3637 870 3700 verbum
885 3635 1036 3698 intactum
1059 3632 1196 3720 reliquit,
1212 3655 1260 3697 sa-

159 3762 234 3803 num
264 3742 312 3804 καὶ
340 3741 371 3803 in
403 3742 453 3804 κεῦ
481 3741 631 3826 corrupit.
677 3741 860 3824 Utrumque
889 3758 1023 3800 errorem
1061 3751 1187 3799 secutus
1215 3750 1262 3800 est

160 3842 339 3906 Brunckius
360 3842 471 3929 fragm.
487 3843 546 3907 inc.
564 3845 614 3907 28.
661 3841 848 3928 Legendum
869 3842 1058 3904 τάκτεσθντα
1072 3862 1110 3902 ex
1128 3838 1261 3902 Trinca-

159 3943 250 4010 vello.
297 3945 358 4008 Sed
382 3944 500 4031 optime
525 3944 626 4008 locum
654 3942 805 4031 Hesychii
828 3942 974 4007 mutilum
1002 3943 1033 4004 in
1063 3964 1091 4004 v.
1117 3941 1263 4020 κυβευτήν

159 4047 294 4112 restituit
310 4047 580 4125 Hemsterhusius,
597 4046 651 4110 ubi
668 4047 777 4110 misere
797 4068 829 4109 se
845 4059 970 4130 torquet
987 4042 1159 4122 Schowius‚
1176 4045 1264 4107 Auo-

159 4148 272 4213 tarium
289 4151 450 4214 consulere
464 4148 589 4213 oblitus.
633 4150 720 4213 Dum
736 4148 777 4211 de
791 4147 930 4211 crasibus
945 4146 1114 4234 loquimur,
1129 4167 1191 4208 non
1207 4144 1264 4208 aba

159 4253 344 4317 resonasse
366 4253 425 4317 erit
446 4274 584 4329 monere,
608 4252 656 4315 καὶ
677 4273 840 4337 nunquam
862 4272 935 4313 oum
961 4250 1007 4314 ἀεὶ
1028 4248 1128 4314 crasin
1150 4247 1262 4324 facere,

159 4355 332 4441 quodcum
355 4355 520 4442 ignorabat
543 4353 723 4430 Piersonus,
738 4352 778 4416 ad
803 4351 921 4415 Moerin
944 4375 1016 4438 pag.
1036 4368 1105 4434 105.
1126 4349 1156 4412 in
1180 4348 1264 4413 Phe-

163 4458 289 4523 recretis
314 4480 403 4521 versu
427 4457 513 4544 apud
540 4459 730 4544 Harpocrat.
755 4479 786 4518 v.
808 4457 998 4538 βωμολόχος·
1017 4451 1146 4532 Ἔπειθ’,
1160 4449 1264 4530 ἵναμή
