2864 4914
539 300 607 364 AD
630 300 898 368 SUPPLICES.
1201 305 1267 373 428

170 465 255 530 AB.
277 468 435 549 περισσὸν,
449 491 515 555 quo
528 470 681 537 vocabulo
700 472 818 538 metrici
840 472 976 536 indicare
996 472 1096 537 solent
1116 494 1179 538 non
1201 497 1266 540 esse

168 567 201 630 in
217 568 411 655 antistropho
425 571 512 658 quod
527 573 723 661 respondeat.
754 574 877 639 Eadem
892 573 933 638 de
947 596 1056 639 caussa
1070 574 1174 640 versui
1188 591 1266 640 stro-

169 668 263 756 phioo
278 671 351 735 806.
366 671 398 735 in
414 672 521 738 iisdem
538 675 625 740 libn's
645 675 837 764 adscriptum
854 678 963 742 λείπει.
1000 677 1147 742 Ceterum
1163 689 1264 742 toturn

169 793 293 834 versum
316 771 411 838 choro
436 775 581 842 tribuunt
605 777 686 843 libri.
734 778 796 843 Sed
823 781 889 844 οόοῖ
911 778 1042 844 Adrasti
1067 801 1133 844 esse
1157 800 1265 845 versus

168 873 345 961 strophicns
359 875 450 942 docet
464 878 649 967 monuitque
664 882 877 945 Hermannus.

213 977 285 1040 820.
301 978 429 1063 στένεις]
449 979 565 1048 στόνοις
578 981 665 1045 Flor.
685 1002 711 1045 ι.

212 1079 286 1162 823.
301 1077 329 1160 γ’
345 1078 488 1144 additum
504 1104 544 1145 ex
559 1082 631 1147 Par.
648 1085 693 1146 A.

212 1177 267 1259 εἵς]
286 1177 384 1242 Scrib.
401 1179 440 1244 ἔς.

211 1278 284 1343 828.
300 1279 445 1344 Fortasse
459 1279 628 1346 delendum
642 1282 775 1348 alterum
791 1287 834 1348 td.

160 1408 174 1424 ν
203 1379 251 1463 '83
255 1399 288 1464 5.
311 1380 404 1461 ἔρημό
420 1379 448 1445 σ’
466 1383 671 1448 Hermannns
691 1398 852 1471 praeeunte
875 1383 1079 1463 Marklando,
1094 1385 1150 1471 qui
1173 1385 1265 1466 ἔρημα

167 1480 192 1546 δ’
209 1481 381 1569 scripserat
412 1482 504 1549 Libri
518 1485 639 1568 ἔγημας.
662 1489 810 1552 Ceterum
825 1485 946 1552 correxi
960 1508 1107 1550 versuum
1123 1486 1264 1576 descrip-

168 1582 282 1648 tionem
299 1584 449 1651 Aldinam
466 1588 621 1670 {mnas-
638 1588 645 1676 Ι
663 1592 854 1654 Οἰόιπόδο-
872 1588 878 1676 Ι
895 1590 1069 1653 λιποῦσ’-.

212 1687 286 1771 838.
310 1687 470 1753 Theseum
493 1712 556 1754 una
575 1713 648 1755 cum
668 1690 830 1770 militibus,
845 1690 902 1777 qui
923 1702 1117 1755 mortuorum
1133 1712 1265 1777 corpora

169 1786 216 1852 vel
240 1787 410 1853 attulerant
431 1788 481 1854 vel
504 1791 643 1857 comitati
663 1807 764 1870 erant,
788 1792 934 1858 reduoem
959 1805 992 1856 et
1016 1790 1170 1868 lamentis,
1192 1813 1265 1877 quae

167 1889 280 1955 chorus
294 1914 365 1956 cnm
381 1891 524 1959 Adrasto
535 1894 670 1960 effundit
686 1896 867 1982 798-837.
883 1908 1067 1983 praesentem
1082 1893 1173 1980 fingit
1193 1895 1264 1957 Eu-

161 1991 470 2082 ripides-Proprie
484 1994 641 2074 ἐξαντλεῖν
652 2000 756 2077 πόνον,
770 1999 912 2081 μόχθους,
923 1998 995 2076 βίον
1010 1993 1135 2074 dieitur,
1146 1993 1202 2059 ubi
1216 2017 1266 2060 res

166 2094 271 2178 gravis
291 2111 323 2160 et
345 2095 475 2162 molesta
494 2096 673 2186 peragenda
693 2098 904 2185 significatum
927 2097 1000 2161 hinc
1021 2095 1054 2162 h.
1071 2095 1091 2159 l.
1111 2098 1266 2176 όξοννλεῖν

167 2196 267 2275 γόους.
313 2197 393 2274 Qua
413 2220 487 2262 vero
506 2223 524 2263 e
546 2199 699 2265 matribus
719 2222 859 2287 quaerere
882 2197 1025 2263 voluerat
1046 2197 1202 2274 Theseus,
1224 2196 1266 2261 ad

167 2293 235 2359 illas
257 2297 383 2385 proprie
404 2299 612 2385 pertinebant,
628 2324 658 2367 v.
672 2325 700 2367 c.
722 2302 814 2389 cnjus
832 2322 940 2366 aarum
961 2299 1096 2385 quisque
1117 2296 1200 2361 filius
1221 2320 1267 2362 es-

168 2412 233 2471 set3
257 2397 330 2464 hinc
343 2400 432 2465 addit
450 2404 559 2481 μύθους
576 2403 643 2472 τοὺς
663 2407 706 2472 εἰς
724 2407 762 2468 τὸ
776 2403 817 2467 σό
832 2428 878 2486 γε,
893 2421 964 2489 puae
984 2400 1108 2488 paridem
1127 2399 1173 2462 ad
1192 2407 1266 2463 tuas

168 2520 231 2578 res,
246 2502 290 2565 od
307 2511 347 2580 te,
360 2505 578 2590 pertinerent:
601 2528 673 2570 nam
695 2504 767 2581 alia,
780 2503 822 2569 de
839 2505 956 2568 virtute
978 2524 1085 2568 eorum
1109 2513 1141 2564 et
1161 2498 1266 2564 indole

168 2602 344 2668 Adrastum
368 2627 525 2692 exponere
550 2607 650 2694 magis
673 2606 886 2672 conveniebat.
910 2605 1102 2669 ΜΑΤΤΗ.
1147 2603 1265 2667 Parum

167 2705 344 2791 probabiles
358 2706 407 2771 hoe
422 2722 495 2772 sunt
507 2709 656 2774 Matthiae
670 2709 831 2797 opiniones
845 2731 902 2772 neo
916 2705 1044 2771 meliora
1056 2704 1189 2770 aliorum
1204 2703 1265 2768 ori-

167 2807 299 2872 tioorum
320 2824 394 2874 sunt
412 2809 549 2889 inventa,
564 2835 637 2898 quas
659 2831 900 2876 commemorare
921 2807 999 2873 nihil
1020 2808 1142 2874 attinet.
1188 2805 1267 2870 Tria

168 2923 242 2973 sunt
262 2909 292 2973 in
312 2910 371 2976 hoc
392 2911 460 2977 looo
474 2936 547 2999 quae
569 2913 642 2978 satis
656 2927 740 2977 certa
753 2911 829 2976 mihi
844 2934 910 2976 esse
923 2910 1098 2975 videantur.
1143 2911 1266 2974 Eorum

168 3010 304 3096 primum
319 3025 378 3090 est,
395 3013 555 3078 Theseum
579 3036 640 3078 non
663 3030 812 3100 tanquam
836 3013 938 3095 κυφὸν
950 3014 1112 3094 πρόσωπον
1125 3010 1221 3075 choro
1235 3023 1267 3074 et

164 3111 310 3177 vAdrasto
323 3115 564 3178 lamentantibus
583 3115 626 3196 (v.
644 3115 842 3200 798-837.)
857 3112 1021 3190 adstitisse,
1036 3113 1123 3201 quod
1142 3133 1200 3176 cnr
1220 3111 1267 3175 in·

168 3214 310 3278 stitueret
331 3230 425 3301 poeta
438 3215 516 3279 nihil
530 3239 648 3281 caussoe
667 3229 744 3294 erat,
760 3215 813 3280 sed
837 3236 920 3278 nnnc
939 3213 1066 3278 demum
1089 3213 1121 3276 in
1143 3233 1265 3276 scenam

168 3316 274 3380 denuo
287 3316 422 3405 prodire.
469 3317 651 3382 Secundum
665 3331 722 3394 est,
739 3317 854 3401 στρατῷ
877 3314 917 3378 de
939 3314 1085 3378 universo
1099 3311 1268 3377 esseintel-

169 3416 329 3504 ligendum
345 3417 494 3496 exercitu,
511 3419 629 3483 nonde
646 3417 754 3505 paucis
770 3416 829 3481 illis
844 3417 1029 3499 δορυφόροις,
1046 3415 1103 3501 qni
1115 3413 1268 3478 cadavera

168 3519 285 3584 ducum
301 3518 333 3583 in
349 3542 470 3584 menam
485 3521 665 3586 attulerant.
705 3521 778 3584 Hos
791 3518 872 3584 enim
888 3516 1060 3583 absurdum
1076 3529 1122 3581 est
1137 3514 1267 3596 στρατόν

168 3621 318 3709 appellari
340 3645 398 3687 neo
416 3620 564 3687 denorum
580 3621 704 3687 videtur
726 3621 821 3687 ullam
844 3641 951 3686 eorum
974 3618 1125 3708 rationem
1147 3614 1265 3680 haberi.

170 3722 315 3787 Tertium
327 3721 464 3809 denique
478 3735 535 3801 est,
551 3725 639 3806 γόους
658 3722 768 3805 ἀφήσω
784 3726 869 3804 (narn
891 3733 975 3786 recta
996 3720 1029 3784 in
1043 3717 1122 3784 Ald.
1137 3717 1273 3788 distim-⁴

169 3836 237 3888 tum
252 3830 378 3913 στρατῷ,
394 3829 484 3908 γόους
498 3825 621 3909 ἀφήσω)
637 3847 699 3889 non
716 3823 832 3888 Thesei
855 3847 921 3888 esse
941 3822 1037 3887 verbu
1058 3843 1158 3909 posse,
1173 3821 1265 3908 cujus

169 3925 303 3992 lamenta
327 3928 416 3992 nulla
443 3929 583 4005 fuerunt,
610 3926 664 3991 sed
689 3925 775 3990 chori
804 3948 869 3990 esse
897 3924 1011 3990 debere
1039 3936 1096 3987 aut
1121 3922 1265 3988 Adrasti.

171 4030 253 4093 Hac
263 4029 319 4116 qni
333 4029 544 4118 perpenderit,
558 4029 649 4094 facile
663 4026 753 4092 nobis
767 4026 916 4092 oonoedet
930 4047 1004 4113 quae
1022 4046 1106 4089 nuno
1124 4023 1157 4087 in
1178 4022 1266 4086 libris

169 4129 318 4216 leguntur
332 4131 423 4218 plane
437 4129 677 4218 inexplicabilia,
690 4152 730 4193 ex
745 4128 853 4193 laceris
873 4127 1011 4216 plurium
1028 4147 1175 4190 versuum
1196 4123 1265 4187 reli-

169 4231 252 4318 quiis
267 4246 427 4318 utcunque
437 4255 503 4297 esse
512 4230 740 4297 oensareinaa:
765 4252 838 4317 quoe
850 4230 980 4294 fortasse
994 4227 1037 4292 sio
1052 4239 1126 4291 snut
1139 4224 1170 4288 in
1182 4223 1265 4288 ordi-

170 4356 240 4398 nem
256 4333 437 4422 redigenda,

672 4455 763 4514 se4
