2864 4914
307 282 376 347 ΑΙ)
399 285 702 351 IPHIGENIAM
726 287 1060 353 AULIDENSEM.
1174 288 1238 354 tus

266 456 399 536 φαύλως,
414 456 540 534 ἀναξίως
554 478 597 522 τε·
621 457 797 541 συνενέγκαι
812 457 836 523 δ’
851 459 937 539 ὅμως.

139 555 229 619 Male
252 557 388 643 quidem,
412 577 469 620 uec
493 561 574 623 tati-u
594 582 656 647 pro
677 560 835 646 dignitate
860 569 978 625 nostra.
1020 560 1240 625 ΝἰΙιθΙοιαθαιιο

139 657 213 720 benc
239 667 351 723 vertat.
395 659 495 722 Favet
518 659 592 725 huic
617 661 814 748 conjecturae,
837 661 923 749 quod
945 661 968 727 δ’
992 676 1064 749 post
1090 663 1185 729 καλῶς
1206 661 1240 725 in

140 773 275 847 utroque
295 761 370 824 MS.
392 760 489 825 deest.
508 763 686 845 συνενέγκαι
708 763 740 826 in
760 763 896 828 formula
916 763 1044 851 optandi
1066 763 1138 828 vide
1152 763 1239 850 apud

141 861 346 926 Plutarchum
371 862 515 927 Parallel.
532 887 566 951 p.
585 881 643 947 147
645 882 676 948 5.
692 864 743 929 ed.
760 866 804 928 Η.
822 864 930 951 Steph.
947 866 1124 948 συνενέγκαι
1147 870 1240 929 ταῦτα

140 966 176 1048 τῇ
202 964 333 1052 Σπάρτῃ.
378 964 428 1029 Sic
454 981 485 1030 et
514 970 552 1031 τὰ
577 966 743 1048 κυροθένκα
768 967 945 1049 συνενέγκαι
969 968 1004 1047 τῇ
1029 970 1129 1044 πόλει,
1152 967 1238 1054 apud

141 1064 238 1131 Diod.
262 1067 321 1131 Sic.
342 1087 389 1153 13.
412 1090 439 1131 c.
458 1086 528 1134 ιο2.
566 1069 712 1155 Denique
731 1092 793 1133 non
813 1068 909 1133 nolim
931 1070 1045 1137 άκλεῶς
1065 1069 1092 1152 γ’
1114 1071 1240 1148 ἀναξίως

140 1193 185 1231 πε.
210 1169 355 1233 MUSG.
399 1171 451 1235 De
480 1193 572 1235 seusu
602 1172 769 1236 verborum
797 1188 881 1237 recte
904 1171 1059 1259 judicavit
1089 1173 1239 1257 Musgru·

141 1270 228 1334 vius:
253 1272 306 1336 sed
328 1273 516 1360 conjecturae
536 1274 605 1361 ejus
624 1290 732 1361 aperte
754 1274 841 1339 falsae
864 1290 946 1353 sunt,
970 1274 1088 1361 quibus
1110 1272 1239 1337 Heathii

141 1373 291 1438 correctio
311 1374 507 1462 preferenda
520 1375 601 1440 foret
617 1380 721 1453 κακῶς,
735 1378 902 1458 ἀναγκαίως
915 1379 961 1457 u,
977 1377 1001 1441 si
1017 1375 1093 1463 quid
1116 1389 1240 1439 mutan·

142 1474 218 1539 dum
235 1500 300 1541 esse
314 1477 481 1542 videretur.

185 1579 362 1662 συνενέγκαι
378 1579 592 1666 Musgmvius.
631 1578 737 1666 Vulgo
752 1578 938 1662 συνένεγκαι.

186 1683 260 1762 726.
283 1683 428 1770 εἴθισμαι]
445 1681 551 1761 εἴθισμ’
568 1685 600 1746 ἐκ
614 1681 747 1747 eodiees.
783 1683 882 1747 Recte
902 1682 962 1747 hoc
981 1682 1158 1748 emendavit
1173 1705 1242 1746 eor·

142 1797 243 1847 rector
256 1783 407 1847 Aldiuus.
451 1784 503 1846 De
525 1781 754 1848 constructione
772 1782 860 1847 verbi
880 1785 1038 1849 πείθεσθαι
1058 1806 1131 1848 cum
1153 1782 1241 1870 geui-

143 1884 207 1950 tivo
222 1909 252 1950 v.
270 1884 419 1951 Matthioe
433 1908 565 1973 gramm.
584 1887 613 1968 ξ.
628 1888 703 1970 362.

187 1987 261 2067 728.
275 1987 384 2070 μητρὸς
397 1989 428 2052 πί
441 1987 598 2052 Matthiae.
622 1986 728 2074 Vulgo
741 1991 849 2069 μητρός
863 2013 900 2053 τι.

187 2092 243 2168 ἁμὲ
264 2089 484 2155 Marklandus.
509 2089 584 2168 άμε
603 2088 734 2153 codices.
768 2088 814 2154 ά”ν
834 2115 872 2171 με
894 2089 971 2153 Ald.
1017 2088 1110 2169 Quod
1135 2113 1155 2154 α
1174 2112 1241 2154 cor·

144 2205 262 2255 rectore
276 2190 426 2278 positum,
441 2191 496 2277 qui
510 2189 609 2254 cresin
625 2192 682 2269 άμέ
696 2190 863 2278 ignoravit.

189 2311 261 2382 734
289 2295 328 2360 ou
353 2296 386 2359 δὲ
414 2293 544 2360 codices.
583 2294 631 2359 καί
660 2295 699 2359 σὺ
728 2297 761 2359 u
791 2293 869 2359 Ald.
915 2293 1122 2359 scribendum
1152 2294 1191 2358 σὺ
1220 2291 1243 2357 δ’

145 2398 211 2479 ἄρα.

189 2501 264 2584 736.
279 2496 323 2583 γ’]
343 2498 547 2563 scribendum
563 2497 593 2578 μ’
608 2520 681 2564 cum
697 2497 898 2562 Marklando.

190 2616 264 2687 739.
279 2599 422 2683 Ἀργείαν
437 2601 525 2685 θεάν]
542 2602 566 2665 J
569 2623 704 2665 uuonem
719 2600 861 2689 designat
878 2599 977 2688 Argis
997 2597 1158 2687 praecipue
1177 2596 1246 2663 cul·

145 2720 221 2768 tum.
245 2704 387 2768 BARN.

190 2824 263 2889 740.
279 2808 312 2870 δὲ
326 2805 403 2870 Ald.
427 2833 464 2889 γε
477 2806 607 2873 codices.
656 2805 863 2871 Scribendum
879 2807 918 2870 σὺ
932 2826 1003 2868 cum
1020 2801 1223 2867 Marklando.

191 2928 265 2991 741.
282 2911 395 2996 Inepte
408 2909 524 2996 legitur
539 2913 694 2994 νυμφίοισι
707 2909 878 2992 παρθένοις,
894 2909 983 2996 quasi
998 2906 1188 2994 adjectivum
1209 2905 1249 2970 sit

147 3011 283 3092 νάμφιος.
329 3010 534 3076 Scribendum
552 3015 687 3095 νυμφίοις
703 3014 751 3076 καὶ
764 3010 934 3094 παρθένοις.

191 3128 266 3195 742.
289 3111 386 3193 μάτην
403 3111 464 3201 ᾖξ’]
484 3117 555 3178 Ion.
576 3130 650 3200 572.
676 3115 693 3178 ὃ
716 3114 739 3179 δ’
762 3112 834 3201 ᾖξας
856 3117 959 3195 ὀρθῶς,
984 3116 1069 3176 τοῦτο
1095 3111 1160 3191 κάμ’
1183 3112 1248 3195 ἔχει

148 3217 250 3282 πάθος.

192 3332 265 3401 747.
290 3319 384 3399 φίλον
403 3316 442 3400 γ’,
458 3318 524 3398 έμοὶ
538 3315 561 3382 δ’
578 3319 631 3382 οὐκ
646 3317 780 3403 εὐτυχές]
807 3316 955 3382 Similiter
975 3343 1012 3399 γε
1033 3314 1170 3404 positum
1194 3314 1249 3379 ubi

147 3421 205 3502 μὲν
226 3419 370 3484 usitatius
391 3433 447 3499 est,
469 3418 502 3482 in
525 3419 617 3484 Med.
640 3439 734 3504 1250.
760 3420 807 3485 καὶ
833 3423 892 3501 γὰρ
912 3422 939 3483 εί
958 3424 1070 3487 κτενεῖς
1095 3416 1150 3500 σφ’
1172 3417 1250 3498 ὅμως

149 3524 235 3603 φίλοι
249 3523 278 3605 γ’
294 3522 423 3605 ἔφυσαν,
439 3521 584 3605 δυστυχὴς
600 3521 624 3586 δ’
642 3523 700 3604 tyto
715 3521 801 3604 γυνή.
890 3554 907 3589 ιι

194 3643 211 3709 7
213 3644 267 3711 54.
283 3626 372 3690 ναυσὶ
385 3623 516 3688 codices.
540 3625 646 3688 ναυσὶν
661 3622 740 3687 Ald.

193 3741 268 3813 757.
286 3727 469 3808 Κασάνδραν
483 3724 642 3790 Matthiae.
667 3725 758 3790 Libri
773 3728 828 3790 τάν
842 3724 1033 3805 Κασάνδραν.

193 3829 374 3911 Κασάνδραν
395 3827 526 3916 simplici
549 3853 570 3890 σ
592 3831 668 3894 Par.
685 3830 723 3893 C.
745 3827 831 3892 Flor.
848 3846 877 3894 2.
909 3826 1014 3913 Vulgo
1036 3824 1250 3907 Κασσάνδραν.

151 3931 193 3994 In
205 3929 292 3994 Flor.
303 3929 511 4012 Κονσάνδρας,
520 3929 555 3994 id
567 3944 614 3995 est
625 3913 814 4011 Kaoavtpai.

192 4031 268 4121 761.
283 4033 465 4110 μαντόσυνοι
479 4031 611 4097 codices.
634 4033 816 4096 παντάσυνοι
829 4029 907 4094 Ald.

194 4134 269 4217 765.
285 4133 462 4214 εὐπράροισι
476 4134 552 4198 Pur.
567 4134 696 4198 A.B.C.
720 4134 879 4215 εὖπριίροις
893 4130 1012 4195 Flos-1.
1043 4148 1072 4194 2.
1099 4130 1252 4210 εὖπόροισι

151 4233 230 4300 Ald.
265 4233 422 4299 “Dicitur
438 4249 554 4314 autem,
576 4249 611 4301 ut
631 4237 840 4317 εὐπρύμνοισιν
862 4234 989 4299 πλάταις
1010 4253 1114 4318 supra,
1129 4254 1159 4295 v.
1178 4249 1250 4315 723.

147 4337 216 4403 -Sed
238 4335 289 4401 hie
309 4359 329 4400 a
351 4337 452 4424 proris
473 4338 588 4424 potius,
611 4360 706 4425 quam
732 4361 750 4401 u
772 4337 946 4425 puppibus,
965 4333 1138 4420 epithetum
1161 4333 1253 4398 desu-

152 4440 220 4520 mit,
233 4438 322 4527 quod
336 4439 408 4518 illae,
422 4464 524 4529 proroe
547 4463 587 4506 sc.
604 4439 752 4527 Trojanis
767 4463 784 4503 e
803 4461 895 4503 muro
908 4435 1121 4526 spectantibus
1142 4437 1252 4524 primae
