2864 4914
535 300 604 363 AD
627 299 853 366 MEDEAM.
1178 303 1245 369 257

140 468 283 555 praebent
295 493 355 534 non
368 470 468 535 solum
480 472 585 560 scripti
596 473 717 538 codices
729 470 815 560 apud
826 470 1121 561 Wyttenbachium‚
1131 494 1241 536 verum

138 572 232 636 ctiam
257 574 446 639 membranae
474 574 665 653 Bodleianae,
685 575 716 639 in
739 574 857 662 quibus
880 595 976 662 supra
998 573 1149 662 scriptum
1172 577 1242 640 ίσιι

139 677 309 742 recentiore
324 701 431 743 manu.
477 680 626 768 Suspicor
641 680 803 745 Platonem
825 695 881 744 aut
898 679 1066 761 ἠμπίσχετο
1079 688 1135 742 aut
1149 678 1242 759 ἦμπέ·

138 805 211 862 χετο
227 779 392 868 scripsisse.
425 783 565 847 Verbum
581 783 720 871 ejusdem
736 783 801 847 fere
815 779 1048 870 significationis
1062 780 1242 863 δμφιένννμι

139 903 200 945 non
217 882 275 946 nisi
290 882 321 946 in
337 883 425 947 initio
440 902 644 973 augmentum
656 885 777 974 accipit.
802 883 985 971 Xenophon
1002 880 1091 946 Paed.
1105 902 1132 946 1.
1143 903 1176 968 3,
1190 899 1241 966 17.

138 991 209 1052 παῖς
235 986 338 1069 μέγας,
367 987 473 1070 μικρὸν
499 988 579 1072 έχων
601 995 724 1073 χιτῶνα,
755 989 858 1070 έτεραν
885 990 979 1050 παῖδα
998 984 1115 1067 μικρὸν,
1144 983 1242 1068 μέγαν

139 1087 250 1169 έχοντα
271 1096 393 1173 χιτῶνα,
411 1093 537 1159 ἐκδύσας
558 1092 659 1166 αὐτὸν,
682 1090 813 1172 τὸνμὲν
835 1093 940 1155 έαυτοΰ
958 1090 1078 1153 ἐκεῖνον
1098 1088 1240 1171 ἠμφίεσε,

139 1190 193 1254 τδν
207 1193 240 1254 δὲ
256 1193 370 1257 ἐκείνου
385 1193 473 1261 αὐτὸς
487 1194 583 1258 ένέδυ.
608 1195 725 1258 ELM.

188 1295 278 1358 1160.
294 1320 326 1360 τε
341 1294 444 1382 θεῖσα]
461 1301 577 1361 τιθεῖσα
593 1298 620 1360 F
623 1296 679 1361 lor.
694 1315 722 1362 2.
739 1310 770 1360 et
782 1293 859 1358 Ald.

187 1397 280 1460 1162.
296 1399 381 1482 είκδ]
399 1401 466 1462 είκῶ
482 1401 525 1464 Α.
543 1422 562 1462 n
576 1422 623 1486 pr.
638 1421 681 1463 m.
696 1414 728 1463 et
743 1399 835 1462 Lasc.

182 1503 397 1586 προσγελῶσα]
414 1501 655 1583 προσβλέπουσα
669 1524 734 1566 var.
749 1501 821 1565 lect.
836 1521 888 1586 up.
904 1496 1111 1563 oehoiiustam.

188 1604 281 1666 1166.
296 1602 409 1667 τένοντ’
425 1605 457 1671 ές
470 1603 576 1688 δρθδν]
593 1601 866 1690 τένονταςρςᾶυω
882 1599 968 1665 dicit.
995 1601 1112 1665 Noster
1127 1600 1240 1665 Bacch.

137 1723 216 1788 933.
237 1712 285 1768 Δι.
306 1707 397 1781 ζῶναί
415 1707 448 1771 τέ
470 1731 520 1770 σοι
540 1713 660 1789 χαλῶσι
681 1707 754 1791 κούχ
779 1708 844 1784 ἑξῆς
863 1703 988 1768 πέπλων
1006 1701 1012 1790 Ι
1031 1704 1168 1770 στολίδες
1183 1702 1242 1768 aab

142 1814 285 1889 σφυροῖσι
308 1811 458 1874 τείνουσιν
484 1810 583 1874 σέθεν.
604 1807 610 1897 Ι
629 1815 686 1874 Πε.
711 1810 798 1889 κᾶμοὶ
826 1811 946 1872 δοκοῦσι
970 1805 1052 1888 παρά
1080 1831 1117 1888 γε
1145 1804 1243 1884 δεξιδν

141 1912 228 1972 πόδα.
248 1907 254 1996 Ι
273 1909 431 1975 τούνθένδε
453 1910 477 1976 δ’
500 1914 595 1994 θρθιῖς
615 1915 697 1994 παρδ
717 1909 829 1975 τένοντ’
846 1911 910 1993 ἔχει
930 1907 1056 1976 πέπλος.
1100 1909 1175 1973 Hoc
1195 1924 1243 1973 est

139 2014 220 2093 noph
241 2011 294 2076 τὸν
317 2013 475 2096 ίῳιστερδν
497 2016 584 2078 πόδα.
624 2013 704 2078 Vide
725 2013 818 2078 etiam
842 2014 955 2076 Phoen.
978 2029 1031 2093 42.
1056 2010 1146 2099 Cycl.
1164 2031 1241 2097 309.

140 2114 230 2194 ὀρθὸν
258 2115 447 2201 interpretor
473 2118 574 2198 ἄκρον.
598 2116 714 2181 ELM.
762 2115 888 2180 τένοντα
916 2112 956 2178 de
982 2112 1102 2178 cervice
1129 2113 1243 2200 accipit

142 2215 280 2302 Musgr.,
303 2216 343 2281 de
365 2218 453 2304 pedis
476 2219 601 2283 tendinc
624 2218 803 2283 Elmsleius.
851 2218 903 2282 Ita
924 2230 1015 2293 esset,
1034 2217 1179 2303 acupile
1199 2215 1244 2279 nd

139 2320 230 2383 oedea
252 2342 349 2407 usque
356 2322 507 2406 sormam
528 2344 618 2386 anam
634 2322 733 2386 σσυίίς
751 2321 906 2398 lustrans,
921 2317 1008 2405 quod
1031 2339 1088 2381 nos
1109 2316 1243 2382 dicimus

139 2444 209 2486 vom
224 2424 324 2510 11ὀῇ
327 2424 375 2488 bia
389 2447 431 2488 zu
445 2425 505 2489 den
521 2426 654 2489 Fitaacn.
700 2423 762 2488 Sed
776 2422 865 2511 quod
885 2421 967 2485 idem
987 2419 1078 2502 δρθδν
1092 2418 1243 2506 interpre-

120 2545 122 2554 ‘
140 2540 226 2591 tatur
241 2528 341 2609 ἄκρον,
359 2526 468 2592 vellem
484 2528 570 2594 hunc
586 2551 676 2593 usum
692 2524 843 2614 exemplis
858 2527 1017 2589 finnusset.
1051 2521 1105 2586 Sin
1120 2519 1161 2585 de
1174 2544 1241 2586 cer·

140 2627 207 2692 vice
227 2628 395 2716 intelligas,
411 2629 465 2694 vix
487 2630 593 2710 credo,
609 2630 669 2695 boc
690 2629 792 2694 dicere
808 2627 940 2693 voluisse
963 2623 1161 2712 Euripidem,
1177 2645 1243 2688 cer-

141 2733 236 2794 vicem
260 2732 455 2797 adcretione
477 2734 576 2798 ocnh’a
596 2735 777 2820 respiciens,
797 2746 834 2795 ut
857 2733 975 2794 Portus
993 2726 1096 2790 vertit.
1141 2724 1242 2789 Haud

138 2833 212 2910 scio,
228 2856 268 2897 an
290 2833 403 2899 τένοντ’
420 2838 450 2902 ές
471 2837 562 2918 ὀρθόν
576 2834 695 2899 dictum
719 2834 758 2899 sit
780 2856 838 2921 pm
852 2833 968 2897 τένοντι
986 2832 1063 2915 ὀρθῷ
1086 2850 1140 2891 seu
1163 2824 1243 2892 ὥστε

140 2935 264 2999 τένοντα
286 2938 376 3016 ὀρθὸν
397 2938 527 3018 ίστάναι,
551 2938 631 3003 sicut
653 2936 762 3024 lphig.
779 2933 858 3000 Aul.
882 2953 956 3020 939.
975 2932 1032 3015 οὐχ
1053 2930 1165 3014 ἅψεται
1188 2932 1243 3007 σῆς

139 3039 283 3120 θυγατρὸς
307 3037 504 3122 Ἀγαμέμνων
526 3042 610 3120 ἄναξ,
627 3038 698 3105 Οὐδ’
721 3042 762 3106 είς
784 3039 878 3120 ἄκραν
899 3033 986 3120 χεῖρ’,
1002 3036 1081 3098 ὥστε
1103 3038 1241 3115 προσβα-

139 3150 208 3207 λεῖν
229 3142 365 3217 πέπλοις,
382 3143 437 3207 ubi
454 3143 564 3209 ultima
584 3142 821 3231 explicationem
837 3139 997 3205 continent
1012 3137 1178 3202 verborum
1201 3139 1244 3204 είς

140 3246 233 3327 depae
246 3251 342 3329 χεῖρα.
377 3246 441 3311 Hic
456 3270 531 3311 vero
545 3246 672 3310 habitus
687 3259 771 3310 rectu
782 3242 901 3309 cervice
915 3241 1047 3305 formam
1064 3261 1152 3302 suam
1166 3260 1242 3302 con·

140 3347 310 3434 templandi
331 3362 377 3412 est
398 3363 512 3412 ornatu
528 3346 774 3435 superbientium
797 3344 882 3410 etin
904 3367 942 3407 eo
961 3340 1019 3405 sibi
1041 3339 1241 3429 placentium.

141 3450 335 3513 MATTH.

185 3553 278 3615 1168.
293 3554 414 3637 λεχρία]
434 3553 561 3636 λεχρίαν
576 3553 671 3616 Rom.
688 3552 773 3616 Ab.
798 3547 996 3636 Hesychius:
1021 3544 1146 3628 Λέχριο.
1161 3544 1241 3609 πλά-

137 3679 197 3734 για.
237 3653 288 3717 Sic
310 3653 382 3718 edd.
422 3653 484 3718 Sed
499 3652 570 3718 eod.
588 3654 712 3738 Λεχηρὶ,
726 3653 857 3717 fortasse
879 3673 938 3738 pro
951 3646 1080 3731 Λεχήρη.
1128 3644 1240 3710 Idem:

138 3757 261 3838 Λεχρίη.
285 3759 410 3839 πλαγία.
435 3756 574 3840 Λέχριον.
597 3756 740 3839 πλάγιον,
763 3755 863 3834 λοξόν.
908 3753 1024 3816 Noster
1046 3750 1127 3812 Hec.
1146 3766 1239 3829 1024.

136 3859 280 3938 ὰλίμενόν
302 3884 345 3926 τις
364 3861 402 3925 ὡς
425 3861 457 3926 ές
479 3860 593 3923 ἄντλον
614 3859 717 3921 πεσὼν
734 3856 741 3942 Ι
759 3856 890 3940 λέχριος,
907 3856 1034 3917 έκπεσεῖ
1052 3851 1148 3932 φίλας
1168 3875 1240 3931 καρ-

134 3960 210 4027 δίας.
256 3960 378 4046 Saepius
390 3983 451 4024 non
467 3961 583 4047 legitur
596 3960 684 4047 apud
700 3959 844 4046 tragicos,
859 3979 962 4044 neque
978 3954 1025 4018 his
1039 3951 1115 4017 locis
1128 3974 1241 4017 eonve-

135 4060 202 4125 nire
213 4061 289 4125 mibi
303 4062 427 4127 videtur
441 4061 636 4149 grammatici
652 4060 877 4150 interpretatio.
902 4057 1023 4143 Λεχήρη
1036 4054 1132 4143 habet
1143 4051 1239 4119 Euri-

134 4164 224 4250 pides
239 4165 352 4229 Pboen.
370 4168 462 4251 1536.
486 4167 602 4229 ELM.

181 4270 273 4352 1169.
291 4267 453 4351 τρέμουσα]
471 4265 621 4350 τρέχουσα
636 4268 731 4329 Rom.
747 4266 785 4329 C.
801 4280 833 4330 et
849 4264 933 4328 Flor.
952 4282 982 4329 2.

180 4387 272 4451 1172.
297 4368 402 4433 schol.
416 4367 522 4435 Πανὸς
544 4367 653 4452 δργθςε
677 4371 714 4431 rh
735 4370 845 4432 πανικὰ
866 4369 998 4448 δείματα,
1019 4361 1164 4436 τουτέστι,
1180 4362 1235 4442 τὴν

137 4478 197 4536 τῶν
220 4475 376 4554 αίφνιδίιον
397 4474 505 4554 φόβαν
525 4472 573 4537 καὶ
591 4475 731 4554 ταραχῶν
752 4471 850 4535 αἰτίαν
868 4495 908 4556 tp
931 4469 1012 4534 Πανὶ
1033 4464 1243 4532 ἀνατιθέασιν·

682 4595 697 4636 s
