<?xml version="1.0" encoding="UTF-8"?>
<!DOCTYPE html PUBLIC "-//W3C//DTD XHTML 1.0 Transitional//EN"
    "http://www.w3.org/TR/xhtml1/DTD/xhtml1-transitional.dtd">
<html xmlns="http://www.w3.org/1999/xhtml" xml:lang="en" lang="en">
 <head>
  <title>
</title>
<meta http-equiv="Content-Type" content="text/html;charset=utf-8" />
  <meta name='ocr-system' content='tesseract 3.04.00' />
  <meta name='ocr-capabilities' content='ocr_page ocr_carea ocr_par ocr_line ocrx_word'/>
</head>
<body>
  <div class='ocr_page' id='page_1' title='image "./tragoediaesuper01eurigoog_0317.png"; bbox 0 0 2864 4914; ppageno 0'>
   <div class='ocr_carea' id='block_1_1' title="bbox 190 298 929 365">
    <p class='ocr_par' dir='ltr' id='par_1_1' title="bbox 190 298 929 365">
     <span class='ocr_line' id='line_1_1' title="bbox 190 298 929 365; baseline -0.004 0"><span class='ocrx_word' id='word_1_1' title='bbox 190 298 256 365; x_wconf 69' lang='lat'>306</span> <span class='ocrx_word' id='word_1_2' title='bbox 548 298 929 364; x_wconf 85' lang='lat' dir='ltr'><strong>ANNOTATIONES</strong></span> 
     </span>
    </p>
   </div>
   <div class='ocr_carea' id='block_1_2' title="bbox 192 467 1297 3110">
    <p class='ocr_par' dir='ltr' id='par_1_2' title="bbox 192 467 1294 640">
     <span class='ocr_line' id='line_1_2' title="bbox 192 467 1294 556; baseline -0.006 -20"><span class='ocrx_word' id='word_1_3' title='bbox 192 471 306 556; x_wconf 84' lang='grc' dir='ltr'>ταχίως</span> <span class='ocrx_word' id='word_1_4' title='bbox 332 469 441 552; x_wconf 73' lang='grc' dir='ltr'>σφέας,</span> <span class='ocrx_word' id='word_1_5' title='bbox 468 467 492 534; x_wconf 82' lang='grc' dir='ltr'><em>ὦ</em></span> <span class='ocrx_word' id='word_1_6' title='bbox 519 474 660 549; x_wconf 81' lang='grc' dir='ltr'>βασιλεύ,</span> <span class='ocrx_word' id='word_1_7' title='bbox 691 475 831 552; x_wconf 82' lang='grc' dir='ltr'>γυναῖκας</span> <span class='ocrx_word' id='word_1_8' title='bbox 860 467 921 534; x_wconf 88' lang='grc' dir='ltr'>ἀντ’</span> <span class='ocrx_word' id='word_1_9' title='bbox 938 467 1053 549; x_wconf 84' lang='grc' dir='ltr'>ἀνδρῶν</span> <span class='ocrx_word' id='word_1_10' title='bbox 1081 468 1175 548; x_wconf 84' lang='grc' dir='ltr'>ὄψεαι</span> <span class='ocrx_word' id='word_1_11' title='bbox 1204 490 1294 549; x_wconf 80' lang='grc' dir='ltr'>γεγα-</span> 
     </span>
     <span class='ocr_line' id='line_1_3' title="bbox 193 572 465 640; baseline -0.007 -2"><span class='ocrx_word' id='word_1_12' title='bbox 193 575 291 640; x_wconf 84' lang='grc' dir='ltr'>νύτας.</span> <span class='ocrx_word' id='word_1_13' title='bbox 313 572 465 637; x_wconf 87' lang='grc' dir='ltr'>ΜΟΝΚ.</span> 
     </span>
    </p>

    <p class='ocr_par' dir='ltr' id='par_1_3' title="bbox 192 672 1297 2194">
     <span class='ocr_line' id='line_1_4' title="bbox 235 672 1295 760; baseline -0.002 -21"><span class='ocrx_word' id='word_1_14' title='bbox 235 673 370 759; x_wconf 80' lang='grc' dir='ltr'>Ὀρφέα]</span> <span class='ocrx_word' id='word_1_15' title='bbox 399 675 451 738; x_wconf 91' lang='lat' dir='ltr'>De</span> <span class='ocrx_word' id='word_1_16' title='bbox 476 672 560 738; x_wconf 86' lang='lat' dir='ltr'>victu</span> <span class='ocrx_word' id='word_1_17' title='bbox 584 672 724 760; x_wconf 79' lang='lat' dir='ltr'>Orphico</span> <span class='ocrx_word' id='word_1_18' title='bbox 747 673 830 738; x_wconf 87' lang='lat' dir='ltr'>Plat.</span> <span class='ocrx_word' id='word_1_19' title='bbox 858 673 939 759; x_wconf 86' lang='lat' dir='ltr'>Leg.</span> <span class='ocrx_word' id='word_1_20' title='bbox 959 674 991 737; x_wconf 93' lang='grc'>6.</span> <span class='ocrx_word' id='word_1_21' title='bbox 1015 695 1046 760; x_wconf 90' lang='lat' dir='ltr'>p.</span> <span class='ocrx_word' id='word_1_22' title='bbox 1071 672 1134 754; x_wconf 83' lang='lat'>782</span> <span class='ocrx_word' id='word_1_23' title='bbox 1157 673 1295 737; x_wconf 78' lang='grc'>0.-</span> 
     </span>
     <span class='ocr_line' id='line_1_5' title="bbox 193 773 1295 858; baseline -0.007 -12"><span class='ocrx_word' id='word_1_24' title='bbox 193 778 340 858; x_wconf 80' lang='grc' dir='ltr'>ἀκούομεν</span> <span class='ocrx_word' id='word_1_25' title='bbox 361 778 395 842; x_wconf 77' lang='grc' dir='ltr'>ἐν</span> <span class='ocrx_word' id='word_1_26' title='bbox 414 777 530 854; x_wconf 84' lang='grc' dir='ltr'>ἀλλοις,</span> <span class='ocrx_word' id='word_1_27' title='bbox 550 775 601 840; x_wconf 82' lang='grc' dir='ltr'>ὅτε</span> <span class='ocrx_word' id='word_1_28' title='bbox 623 775 693 840; x_wconf 72' lang='grc' dir='ltr'>οὐδὲ</span> <span class='ocrx_word' id='word_1_29' title='bbox 714 776 790 856; x_wconf 83' lang='grc' dir='ltr'>βοὸς</span> <span class='ocrx_word' id='word_1_30' title='bbox 813 778 985 857; x_wconf 71' lang='grc' dir='ltr'>ἐτολμῶμεν</span> <span class='ocrx_word' id='word_1_31' title='bbox 1003 775 1155 857; x_wconf 83' lang='grc' dir='ltr'>γεύεσθαι,</span> <span class='ocrx_word' id='word_1_32' title='bbox 1179 773 1295 854; x_wconf 84' lang='grc' dir='ltr'>θύματά</span> 
     </span>
     <span class='ocr_line' id='line_1_6' title="bbox 193 874 1295 959; baseline -0.004 -15"><span class='ocrx_word' id='word_1_33' title='bbox 193 905 226 945; x_wconf 95' lang='grc' dir='ltr'>τε</span> <span class='ocrx_word' id='word_1_34' title='bbox 240 879 292 944; x_wconf 77' lang='grc' dir='ltr'>οὐκ</span> <span class='ocrx_word' id='word_1_35' title='bbox 314 879 352 958; x_wconf 77' lang='grc' dir='ltr'>ἣν</span> <span class='ocrx_word' id='word_1_36' title='bbox 366 886 427 948; x_wconf 82' lang='grc' dir='ltr'>τοῖς</span> <span class='ocrx_word' id='word_1_37' title='bbox 446 884 542 944; x_wconf 84' lang='grc' dir='ltr'>θεοῖσι</span> <span class='ocrx_word' id='word_1_38' title='bbox 556 885 625 957; x_wconf 79' lang='grc' dir='ltr'>ζῶα,</span> <span class='ocrx_word' id='word_1_39' title='bbox 641 877 760 943; x_wconf 73' lang='grc' dir='ltr'>πίλανα</span> <span class='ocrx_word' id='word_1_40' title='bbox 775 881 808 943; x_wconf 75' lang='grc' dir='ltr'>δὲ</span> <span class='ocrx_word' id='word_1_41' title='bbox 823 879 871 942; x_wconf 80' lang='grc' dir='ltr'>καὶ</span> <span class='ocrx_word' id='word_1_42' title='bbox 883 876 981 959; x_wconf 84' lang='grc' dir='ltr'>με’λιτι</span> <span class='ocrx_word' id='word_1_43' title='bbox 1004 878 1110 959; x_wconf 79' lang='grc' dir='ltr'>καρποὶ</span> <span class='ocrx_word' id='word_1_44' title='bbox 1124 874 1295 957; x_wconf 79' lang='grc' dir='ltr'>δεδευμένοι</span> 
     </span>
     <span class='ocr_line' id='line_1_7' title="bbox 193 979 1294 1063; baseline -0.001 -15"><span class='ocrx_word' id='word_1_45' title='bbox 193 983 243 1048; x_wconf 82' lang='grc' dir='ltr'>καὶ</span> <span class='ocrx_word' id='word_1_46' title='bbox 257 986 378 1045; x_wconf 84' lang='grc' dir='ltr'>τοιαῦτα</span> <span class='ocrx_word' id='word_1_47' title='bbox 391 982 465 1046; x_wconf 88' lang='grc' dir='ltr'>ἀττο</span> <span class='ocrx_word' id='word_1_48' title='bbox 480 982 563 1045; x_wconf 89' lang='grc' dir='ltr'>ἀλλα</span> <span class='ocrx_word' id='word_1_49' title='bbox 578 984 657 1062; x_wconf 84' lang='grc' dir='ltr'>δγνδ</span> <span class='ocrx_word' id='word_1_50' title='bbox 669 983 790 1061; x_wconf 88' lang='grc' dir='ltr'>θύματα.</span> <span class='ocrx_word' id='word_1_51' title='bbox 815 987 934 1063; x_wconf 81' lang='grc' dir='ltr'>σαρκῶν</span> <span class='ocrx_word' id='word_1_52' title='bbox 948 979 971 1045; x_wconf 91' lang='grc' dir='ltr'>δ’</span> <span class='ocrx_word' id='word_1_53' title='bbox 989 981 1160 1063; x_wconf 87' lang='grc' dir='ltr'>ἀπείχοντο,</span> <span class='ocrx_word' id='word_1_54' title='bbox 1177 981 1215 1047; x_wconf 80' lang='grc' dir='ltr'>ῶς</span> <span class='ocrx_word' id='word_1_55' title='bbox 1236 980 1294 1063; x_wconf 78' lang='grc' dir='ltr'>οδχ</span> 
     </span>
     <span class='ocr_line' id='line_1_8' title="bbox 193 1079 1295 1163; baseline -0.001 -19"><span class='ocrx_word' id='word_1_56' title='bbox 193 1082 280 1145; x_wconf 81' lang='grc' dir='ltr'>ὅσιον</span> <span class='ocrx_word' id='word_1_57' title='bbox 295 1079 331 1144; x_wconf 89' lang='grc' dir='ltr'>δν</span> <span class='ocrx_word' id='word_1_58' title='bbox 346 1082 469 1160; x_wconf 80' lang='grc' dir='ltr'>ἐσθίειν,</span> <span class='ocrx_word' id='word_1_59' title='bbox 486 1083 555 1146; x_wconf 70' lang='grc' dir='ltr'>οὐδὲ</span> <span class='ocrx_word' id='word_1_60' title='bbox 569 1082 636 1150; x_wconf 81' lang='grc' dir='ltr'>τοὺς</span> <span class='ocrx_word' id='word_1_61' title='bbox 650 1089 709 1147; x_wconf 89' lang='grc' dir='ltr'>τῶν</span> <span class='ocrx_word' id='word_1_62' title='bbox 724 1087 799 1148; x_wconf 90' lang='grc' dir='ltr'>θεῶν</span> <span class='ocrx_word' id='word_1_63' title='bbox 811 1083 932 1163; x_wconf 81' lang='grc' dir='ltr'>βωμοὺς</span> <span class='ocrx_word' id='word_1_64' title='bbox 947 1084 1046 1162; x_wconf 79' lang='grc' dir='ltr'>αἵματι</span> <span class='ocrx_word' id='word_1_65' title='bbox 1059 1082 1199 1161; x_wconf 82' lang='grc' dir='ltr'>μιαίνειν,</span> <span class='ocrx_word' id='word_1_66' title='bbox 1211 1081 1295 1144; x_wconf 78' lang='grc' dir='ltr'>ἀλλὰ</span> 
     </span>
     <span class='ocr_line' id='line_1_9' title="bbox 193 1180 1295 1268; baseline -0.002 -20"><span class='ocrx_word' id='word_1_67' title='bbox 193 1180 333 1266; x_wconf 81' lang='grc' dir='ltr'>Ὀρφικοὶ</span> <span class='ocrx_word' id='word_1_68' title='bbox 355 1185 432 1251; x_wconf 72' lang='grc' dir='ltr'>τινὲς</span> <span class='ocrx_word' id='word_1_69' title='bbox 453 1186 614 1266; x_wconf 85' lang='grc' dir='ltr'>λεγόμενοι</span> <span class='ocrx_word' id='word_1_70' title='bbox 633 1187 699 1265; x_wconf 87' lang='grc' dir='ltr'>βίοι</span> <span class='ocrx_word' id='word_1_71' title='bbox 721 1187 877 1268; x_wconf 71' lang='grc' dir='ltr'>ἐγίγνοντο</span> <span class='ocrx_word' id='word_1_72' title='bbox 898 1185 979 1264; x_wconf 81' lang='grc' dir='ltr'>ἡμῶν</span> <span class='ocrx_word' id='word_1_73' title='bbox 993 1189 1055 1252; x_wconf 83' lang='grc' dir='ltr'>τοῖς</span> <span class='ocrx_word' id='word_1_74' title='bbox 1071 1184 1149 1261; x_wconf 85' lang='grc' dir='ltr'>τότε,</span> <span class='ocrx_word' id='word_1_75' title='bbox 1165 1183 1295 1266; x_wconf 89' lang='grc' dir='ltr'>ἀψύχων</span> 
     </span>
     <span class='ocr_line' id='line_1_10' title="bbox 192 1284 1294 1370; baseline -0.003 -20"><span class='ocrx_word' id='word_1_76' title='bbox 192 1287 250 1366; x_wconf 74' lang='grc' dir='ltr'>μὲν</span> <span class='ocrx_word' id='word_1_77' title='bbox 265 1288 404 1370; x_wconf 71' lang='grc' dir='ltr'>ἐχόμενοι</span> <span class='ocrx_word' id='word_1_78' title='bbox 423 1285 553 1361; x_wconf 76' lang='grc' dir='ltr'>πάντων,</span> <span class='ocrx_word' id='word_1_79' title='bbox 571 1288 717 1370; x_wconf 77' lang='grc' dir='ltr'>ἐμψύχων</span> <span class='ocrx_word' id='word_1_80' title='bbox 731 1289 764 1351; x_wconf 74' lang='grc' dir='ltr'>δὲ</span> <span class='ocrx_word' id='word_1_81' title='bbox 778 1286 951 1352; x_wconf 80' lang='grc' dir='ltr'>τούναντίον</span> <span class='ocrx_word' id='word_1_82' title='bbox 965 1284 1087 1350; x_wconf 76' lang='grc' dir='ltr'>πάντων</span> <span class='ocrx_word' id='word_1_83' title='bbox 1101 1286 1294 1368; x_wconf 79' lang='grc' dir='ltr'>ἀπεχόμενοι.</span> 
     </span>
     <span class='ocr_line' id='line_1_11' title="bbox 194 1384 1295 1477; baseline -0.003 -23"><span class='ocrx_word' id='word_1_84' title='bbox 194 1390 269 1454; x_wconf 86' lang='grc' dir='ltr'>Ηοο</span> <span class='ocrx_word' id='word_1_85' title='bbox 284 1388 367 1454; x_wconf 77' lang='lat' dir='ltr'>tictu</span> <span class='ocrx_word' id='word_1_86' title='bbox 383 1388 457 1453; x_wconf 81' lang='lat' dir='ltr'>vitae</span> <span class='ocrx_word' id='word_1_87' title='bbox 471 1389 641 1477; x_wconf 90' lang='lat' dir='ltr'>qnamdam</span> <span class='ocrx_word' id='word_1_88' title='bbox 656 1389 849 1455; x_wconf 78' lang='lat' dir='ltr'><strong>sanctitatem</strong></span> <span class='ocrx_word' id='word_1_89' title='bbox 870 1387 1108 1477; x_wconf 80' lang='lat' dir='ltr'>profitebantur.</span> <span class='ocrx_word' id='word_1_90' title='bbox 1146 1385 1204 1449; x_wconf 93' lang='lat' dir='ltr'>Ad</span> <span class='ocrx_word' id='word_1_91' title='bbox 1224 1384 1295 1468; x_wconf 88' lang='grc' dir='ltr'>Ὀρ-</span> 
     </span>
     <span class='ocr_line' id='line_1_12' title="bbox 195 1486 1295 1580; baseline -0.005 -24"><span class='ocrx_word' id='word_1_92' title='bbox 195 1490 398 1574; x_wconf 84' lang='grc' dir='ltr'>φεοτελεστάς</span> <span class='ocrx_word' id='word_1_93' title='bbox 416 1491 528 1579; x_wconf 85' lang='lat' dir='ltr'>respici</span> <span class='ocrx_word' id='word_1_94' title='bbox 550 1491 683 1580; x_wconf 85' lang='lat' dir='ltr'>putabat</span> <span class='ocrx_word' id='word_1_95' title='bbox 697 1489 874 1556; x_wconf 85' lang='lat' dir='ltr'>Blomfield.</span> <span class='ocrx_word' id='word_1_96' title='bbox 893 1493 1006 1566; x_wconf 69' lang='lat' dir='ltr'>chart.</span> <span class='ocrx_word' id='word_1_97' title='bbox 1022 1490 1100 1554; x_wconf 81' lang='lat' dir='ltr'>Rev.</span> <span class='ocrx_word' id='word_1_98' title='bbox 1117 1511 1148 1576; x_wconf 91' lang='lat' dir='ltr'>p.</span> <span class='ocrx_word' id='word_1_99' title='bbox 1165 1505 1238 1568; x_wconf 81' lang='lat'>224.</span> <span class='ocrx_word' id='word_1_100' title='bbox 1253 1486 1295 1552; x_wconf 87' lang='lat' dir='ltr'>de</span> 
     </span>
     <span class='ocr_line' id='line_1_13' title="bbox 193 1589 1295 1682; baseline -0.002 -26"><span class='ocrx_word' id='word_1_101' title='bbox 193 1591 310 1680; x_wconf 92' lang='lat' dir='ltr'>quibus</span> <span class='ocrx_word' id='word_1_102' title='bbox 325 1591 387 1658; x_wconf 92' lang='lat' dir='ltr'>vid.</span> <span class='ocrx_word' id='word_1_103' title='bbox 404 1592 513 1659; x_wconf 85' lang='lat' dir='ltr'>Valck.</span> <span class='ocrx_word' id='word_1_104' title='bbox 529 1593 622 1659; x_wconf 87' lang='lat' dir='ltr'>diatr.</span> <span class='ocrx_word' id='word_1_105' title='bbox 637 1594 678 1659; x_wconf 91' lang='lat' dir='ltr'>de</span> <span class='ocrx_word' id='word_1_106' title='bbox 692 1593 878 1659; x_wconf 85' lang='lat' dir='ltr'>Aristobulo</span> <span class='ocrx_word' id='word_1_107' title='bbox 900 1617 933 1682; x_wconf 91' lang='lat' dir='ltr'>p.</span> <span class='ocrx_word' id='word_1_108' title='bbox 950 1593 992 1674; x_wconf 89' lang='lat'>84</span> <span class='ocrx_word' id='word_1_109' title='bbox 1007 1615 1052 1679; x_wconf 91' lang='lat' dir='ltr'>sq.</span> <span class='ocrx_word' id='word_1_110' title='bbox 1070 1590 1124 1655; x_wconf 93' lang='lat' dir='ltr'>ubi</span> <span class='ocrx_word' id='word_1_111' title='bbox 1139 1589 1231 1654; x_wconf 86' lang='lat' dir='ltr'>etiam</span> <span class='ocrx_word' id='word_1_112' title='bbox 1254 1589 1295 1654; x_wconf 86' lang='lat' dir='ltr'>de</span> 
     </span>
     <span class='ocr_line' id='line_1_14' title="bbox 194 1692 1297 1784; baseline -0.004 -26"><span class='ocrx_word' id='word_1_113' title='bbox 194 1693 370 1782; x_wconf 82' lang='lat' dir='ltr'>nugacibus</span> <span class='ocrx_word' id='word_1_114' title='bbox 382 1693 495 1761; x_wconf 86' lang='lat' dir='ltr'>libele</span> <span class='ocrx_word' id='word_1_115' title='bbox 508 1696 584 1784; x_wconf 84' lang='lat' dir='ltr'>agit,</span> <span class='ocrx_word' id='word_1_116' title='bbox 600 1703 724 1762; x_wconf 83' lang='grc' dir='ltr'>πολλῶν</span> <span class='ocrx_word' id='word_1_117' title='bbox 737 1696 917 1778; x_wconf 75' lang='grc' dir='ltr'>γραμμάτων</span> <span class='ocrx_word' id='word_1_118' title='bbox 928 1699 1038 1782; x_wconf 81' lang='grc' dir='ltr'>καπνῷ,</span> <span class='ocrx_word' id='word_1_119' title='bbox 1056 1702 1078 1734; x_wconf 87' lang='grc'><strong>“</strong></span> <span class='ocrx_word' id='word_1_120' title='bbox 1086 1693 1204 1782; x_wconf 89' lang='lat' dir='ltr'>quibus</span> <span class='ocrx_word' id='word_1_121' title='bbox 1217 1692 1297 1757; x_wconf 75' lang='lat' dir='ltr'>abu.</span> 
     </span>
     <span class='ocr_line' id='line_1_15' title="bbox 195 1797 1297 1886; baseline -0.001 -24"><span class='ocrx_word' id='word_1_122' title='bbox 195 1797 342 1862; x_wconf 84' lang='lat' dir='ltr'>tebantur</span> <span class='ocrx_word' id='word_1_123' title='bbox 368 1812 566 1877; x_wconf 84' lang='lat' dir='ltr'>veteratores,</span> <span class='ocrx_word' id='word_1_124' title='bbox 597 1798 816 1886; x_wconf 80' lang='lat' dir='ltr'>superstitiosis</span> <span class='ocrx_word' id='word_1_125' title='bbox 845 1821 907 1863; x_wconf 91' lang='lat' dir='ltr'>non</span> <span class='ocrx_word' id='word_1_126' title='bbox 937 1797 969 1862; x_wconf 93' lang='lat' dir='ltr'>in</span> <span class='ocrx_word' id='word_1_127' title='bbox 999 1797 1057 1862; x_wconf 89' lang='lat' dir='ltr'>hac</span> <span class='ocrx_word' id='word_1_128' title='bbox 1082 1811 1204 1862; x_wconf 89' lang='lat' dir='ltr'>tantum</span> <span class='ocrx_word' id='word_1_129' title='bbox 1230 1797 1297 1861; x_wconf 82' lang='lat' dir='ltr'>vita</span> 
     </span>
     <span class='ocr_line' id='line_1_16' title="bbox 194 1899 1296 1989; baseline 0 -25"><span class='ocrx_word' id='word_1_130' title='bbox 194 1899 314 1987; x_wconf 84' lang='lat' dir='ltr'>quaevis</span> <span class='ocrx_word' id='word_1_131' title='bbox 327 1901 501 1982; x_wconf 88' lang='lat' dir='ltr'>commoda,</span> <span class='ocrx_word' id='word_1_132' title='bbox 515 1901 643 1989; x_wconf 90' lang='lat' dir='ltr'>quibus,</span> <span class='ocrx_word' id='word_1_133' title='bbox 657 1915 694 1966; x_wconf 92' lang='lat' dir='ltr'>ut</span> <span class='ocrx_word' id='word_1_134' title='bbox 707 1902 756 1981; x_wconf 86' lang='lat' dir='ltr'>fit,</span> <span class='ocrx_word' id='word_1_135' title='bbox 774 1901 833 1989; x_wconf 91' lang='lat' dir='ltr'>ipsi</span> <span class='ocrx_word' id='word_1_136' title='bbox 855 1913 958 1967; x_wconf 87' lang='lat' dir='ltr'>tamen</span> <span class='ocrx_word' id='word_1_137' title='bbox 973 1900 1129 1979; x_wconf 83' lang='lat' dir='ltr'>carebant,</span> <span class='ocrx_word' id='word_1_138' title='bbox 1152 1899 1296 1988; x_wconf 86' lang='lat' dir='ltr'>polliciti,</span> 
     </span>
     <span class='ocr_line' id='line_1_17' title="bbox 195 2003 1296 2089; baseline 0.001 -23"><span class='ocrx_word' id='word_1_139' title='bbox 195 2003 221 2066; x_wconf 87' lang='lat' dir='ltr'>si</span> <span class='ocrx_word' id='word_1_140' title='bbox 236 2025 269 2066; x_wconf 89' lang='lat' dir='ltr'>se</span> <span class='ocrx_word' id='word_1_141' title='bbox 283 2003 459 2089; x_wconf 76' lang='lat' dir='ltr'>praeberent</span> <span class='ocrx_word' id='word_1_142' title='bbox 474 2003 566 2069; x_wconf 83' lang='lat' dir='ltr'>certis</span> <span class='ocrx_word' id='word_1_143' title='bbox 581 2004 692 2070; x_wconf 73' lang='lat' dir='ltr'>ritibus</span> <span class='ocrx_word' id='word_1_144' title='bbox 707 2004 876 2069; x_wconf 87' lang='lat' dir='ltr'>secundnm</span> <span class='ocrx_word' id='word_1_145' title='bbox 893 2004 967 2069; x_wconf 88' lang='lat' dir='ltr'>istos</span> <span class='ocrx_word' id='word_1_146' title='bbox 985 2003 1080 2069; x_wconf 88' lang='lat' dir='ltr'>libros</span> <span class='ocrx_word' id='word_1_147' title='bbox 1101 2003 1296 2068; x_wconf 82' lang='lat' dir='ltr'>initiandos.&#39;&#39;</span> 
     </span>
     <span class='ocr_line' id='line_1_18' title="bbox 197 2105 1263 2194; baseline 0.003 -26"><span class='ocrx_word' id='word_1_148' title='bbox 197 2105 248 2169; x_wconf 80' lang='lat' dir='ltr'>Cf.</span> <span class='ocrx_word' id='word_1_149' title='bbox 265 2105 338 2169; x_wconf 94' lang='lat' dir='ltr'>Alc.</span> <span class='ocrx_word' id='word_1_150' title='bbox 354 2105 429 2191; x_wconf 89' lang='lat'><strong>983.</strong></span> <span class='ocrx_word' id='word_1_151' title='bbox 445 2106 534 2192; x_wconf 88' lang='lat' dir='ltr'>Cycl.</span> <span class='ocrx_word' id='word_1_152' title='bbox 550 2109 625 2193; x_wconf 85' lang='lat'><strong>639.</strong></span> <span class='ocrx_word' id='word_1_153' title='bbox 641 2131 714 2194; x_wconf 82' lang='lat' dir='ltr'>quae</span> <span class='ocrx_word' id='word_1_154' title='bbox 727 2107 795 2171; x_wconf 92' lang='lat' dir='ltr'>loca</span> <span class='ocrx_word' id='word_1_155' title='bbox 808 2107 915 2172; x_wconf 87' lang='lat' dir='ltr'>citavit</span> <span class='ocrx_word' id='word_1_156' title='bbox 931 2106 1047 2172; x_wconf 89' lang='lat' dir='ltr'>Blomf.</span> <span class='ocrx_word' id='word_1_157' title='bbox 1072 2108 1263 2172; x_wconf 88' lang='lat' dir='ltr'><strong>MATTH.</strong></span> 
     </span>
    </p>

    <p class='ocr_par' dir='ltr' id='par_1_4' title="bbox 197 2206 1295 2398">
     <span class='ocr_line' id='line_1_19' title="bbox 240 2206 1295 2297; baseline 0 -25"><span class='ocrx_word' id='word_1_158' title='bbox 240 2209 314 2293; x_wconf 86' lang='lat'><strong>956.</strong></span> <span class='ocrx_word' id='word_1_159' title='bbox 331 2206 504 2295; x_wconf 86' lang='grc' dir='ltr'>θηρεύουσι]</span> <span class='ocrx_word' id='word_1_160' title='bbox 521 2210 572 2273; x_wconf 88' lang='lat' dir='ltr'>De</span> <span class='ocrx_word' id='word_1_161' title='bbox 588 2209 684 2273; x_wconf 84' lang='lat' dir='ltr'>verbo</span> <span class='ocrx_word' id='word_1_162' title='bbox 698 2211 832 2291; x_wconf 76' lang='grc' dir='ltr'>θηρεύειν</span> <span class='ocrx_word' id='word_1_163' title='bbox 845 2210 928 2275; x_wconf 87' lang='lat' dir='ltr'>conf.</span> <span class='ocrx_word' id='word_1_164' title='bbox 945 2209 1093 2276; x_wconf 81' lang='lat' dir='ltr'>Schaefer.</span> <span class='ocrx_word' id='word_1_165' title='bbox 1109 2210 1150 2275; x_wconf 92' lang='lat' dir='ltr'>ad</span> <span class='ocrx_word' id='word_1_166' title='bbox 1162 2209 1295 2297; x_wconf 89' lang='lat' dir='ltr'>Dionys.</span> 
     </span>
     <span class='ocr_line' id='line_1_20' title="bbox 197 2309 876 2398; baseline 0 -23"><span class='ocrx_word' id='word_1_167' title='bbox 197 2310 274 2375; x_wconf 90' lang='lat' dir='ltr'>Hal.</span> <span class='ocrx_word' id='word_1_168' title='bbox 289 2309 329 2373; x_wconf 87' lang='lat' dir='ltr'>de</span> <span class='ocrx_word' id='word_1_169' title='bbox 344 2333 446 2397; x_wconf 88' lang='lat' dir='ltr'>comp.</span> <span class='ocrx_word' id='word_1_170' title='bbox 462 2310 547 2375; x_wconf 83' lang='lat' dir='ltr'><strong>verb.</strong></span> <span class='ocrx_word' id='word_1_171' title='bbox 562 2334 593 2398; x_wconf 93' lang='lat' dir='ltr'>p.</span> <span class='ocrx_word' id='word_1_172' title='bbox 610 2312 660 2391; x_wconf 90' lang='lat'>84.</span> <span class='ocrx_word' id='word_1_173' title='bbox 684 2313 876 2376; x_wconf 83' lang='lat' dir='ltr'><strong>MATTH.</strong></span> 
     </span>
    </p>

    <p class='ocr_par' dir='ltr' id='par_1_5' title="bbox 241 2411 1123 2497">
     <span class='ocr_line' id='line_1_21' title="bbox 241 2411 1123 2497; baseline 0.005 -22"><span class='ocrx_word' id='word_1_174' title='bbox 241 2411 316 2496; x_wconf 86' lang='lat'><strong>958.</strong></span> <span class='ocrx_word' id='word_1_175' title='bbox 334 2414 494 2497; x_wconf 74' lang='grc' dir='ltr'>ἑκούσειν]</span> <span class='ocrx_word' id='word_1_176' title='bbox 513 2416 644 2478; x_wconf 71' lang='grc' dir='ltr'>ἐκσῶσαι</span> <span class='ocrx_word' id='word_1_177' title='bbox 659 2414 747 2478; x_wconf 83' lang='lat' dir='ltr'>Flor.</span> <span class='ocrx_word' id='word_1_178' title='bbox 763 2416 807 2478; x_wconf 87' lang='lat' dir='ltr'>A.</span> <span class='ocrx_word' id='word_1_179' title='bbox 836 2416 974 2491; x_wconf 78' lang='grc' dir='ltr'>ἑκαύζειν</span> <span class='ocrx_word' id='word_1_180' title='bbox 989 2415 1061 2480; x_wconf 83' lang='lat' dir='ltr'>Par.</span> <span class='ocrx_word' id='word_1_181' title='bbox 1077 2418 1123 2480; x_wconf 91' lang='lat' dir='ltr'>A.</span> 
     </span>
    </p>

    <p class='ocr_par' dir='ltr' id='par_1_6' title="bbox 242 2514 745 2599">
     <span class='ocr_line' id='line_1_22' title="bbox 242 2514 745 2599; baseline 0.004 -22"><span class='ocrx_word' id='word_1_182' title='bbox 242 2514 316 2598; x_wconf 85' lang='lat'><strong>961.</strong></span> <span class='ocrx_word' id='word_1_183' title='bbox 331 2516 435 2599; x_wconf 83' lang='grc' dir='ltr'>τῆσδε]</span> <span class='ocrx_word' id='word_1_184' title='bbox 456 2514 498 2578; x_wconf 94' lang='lat' dir='ltr'>Id</span> <span class='ocrx_word' id='word_1_185' title='bbox 512 2529 558 2580; x_wconf 87' lang='lat' dir='ltr'>est</span> <span class='ocrx_word' id='word_1_186' title='bbox 573 2522 630 2580; x_wconf 88' lang='grc' dir='ltr'>τῶν</span> <span class='ocrx_word' id='word_1_187' title='bbox 644 2520 745 2595; x_wconf 78' lang='grc' dir='ltr'>τῆσδε.</span> 
     </span>
    </p>

    <p class='ocr_par' dir='ltr' id='par_1_7' title="bbox 242 2613 750 2700">
     <span class='ocr_line' id='line_1_23' title="bbox 242 2613 750 2700; baseline 0.002 -20"><span class='ocrx_word' id='word_1_188' title='bbox 242 2613 384 2700; x_wconf 75' lang='grc' dir='ltr'>γένοιντ’]</span> <span class='ocrx_word' id='word_1_189' title='bbox 402 2614 510 2698; x_wconf 77' lang='grc' dir='ltr'>γένοιτ’</span> <span class='ocrx_word' id='word_1_190' title='bbox 527 2617 614 2681; x_wconf 84' lang='lat' dir='ltr'>Flor.</span> <span class='ocrx_word' id='word_1_191' title='bbox 635 2639 685 2682; x_wconf 90' lang='lat'>10.</span> <span class='ocrx_word' id='word_1_192' title='bbox 704 2620 750 2681; x_wconf 95' lang='lat' dir='ltr'>H.</span> 
     </span>
    </p>

    <p class='ocr_par' dir='ltr' id='par_1_8' title="bbox 242 2717 530 2805">
     <span class='ocr_line' id='line_1_24' title="bbox 242 2717 530 2805; baseline 0 -23"><span class='ocrx_word' id='word_1_193' title='bbox 242 2720 317 2803; x_wconf 86' lang='lat'>962.</span> <span class='ocrx_word' id='word_1_194' title='bbox 334 2719 386 2805; x_wconf 88' lang='grc' dir='ltr'>σε]</span> <span class='ocrx_word' id='word_1_195' title='bbox 402 2744 439 2799; x_wconf 90' lang='grc' dir='ltr'>γε</span> <span class='ocrx_word' id='word_1_196' title='bbox 453 2717 530 2783; x_wconf 93' lang='lat' dir='ltr'>Ald.</span> 
     </span>
    </p>

    <p class='ocr_par' dir='ltr' id='par_1_9' title="bbox 243 2821 1137 2909">
     <span class='ocr_line' id='line_1_25' title="bbox 243 2821 1137 2909; baseline 0.008 -26"><span class='ocrx_word' id='word_1_197' title='bbox 243 2821 315 2904; x_wconf 80' lang='lat'><strong>963.</strong></span> <span class='ocrx_word' id='word_1_198' title='bbox 331 2822 496 2905; x_wconf 81' lang='grc' dir='ltr'>γνησίοισι]</span> <span class='ocrx_word' id='word_1_199' title='bbox 515 2825 648 2903; x_wconf 79' lang='grc' dir='ltr'>γνησίοις</span> <span class='ocrx_word' id='word_1_200' title='bbox 663 2824 747 2887; x_wconf 85' lang='lat' dir='ltr'>Flor.</span> <span class='ocrx_word' id='word_1_201' title='bbox 768 2841 817 2909; x_wconf 82' lang='lat'>15.</span> <span class='ocrx_word' id='word_1_202' title='bbox 841 2826 976 2906; x_wconf 85' lang='grc' dir='ltr'>γνησίοις</span> <span class='ocrx_word' id='word_1_203' title='bbox 990 2832 1046 2890; x_wconf 84' lang='grc' dir='ltr'>σοῦ</span> <span class='ocrx_word' id='word_1_204' title='bbox 1061 2825 1137 2890; x_wconf 90' lang='lat' dir='ltr'>Ald.</span> 
     </span>
    </p>

    <p class='ocr_par' dir='ltr' id='par_1_10' title="bbox 243 2922 721 3007">
     <span class='ocr_line' id='line_1_26' title="bbox 243 2922 721 3007; baseline 0.008 -22"><span class='ocrx_word' id='word_1_205' title='bbox 243 2925 316 3007; x_wconf 86' lang='lat'><strong>965.</strong></span> <span class='ocrx_word' id='word_1_206' title='bbox 333 2923 374 3006; x_wconf 85' lang='grc' dir='ltr'>εἶ]</span> <span class='ocrx_word' id='word_1_207' title='bbox 391 2922 409 3001; x_wconf 77' lang='grc' dir='ltr'>ι]</span> <span class='ocrx_word' id='word_1_208' title='bbox 425 2923 499 2989; x_wconf 86' lang='lat' dir='ltr'>Par.</span> <span class='ocrx_word' id='word_1_209' title='bbox 514 2926 558 2988; x_wconf 93' lang='lat' dir='ltr'>A.</span> <span class='ocrx_word' id='word_1_210' title='bbox 576 2923 661 2989; x_wconf 85' lang='lat' dir='ltr'>Flor.</span> <span class='ocrx_word' id='word_1_211' title='bbox 679 2928 721 2989; x_wconf 94' lang='lat' dir='ltr'>A.</span> 
     </span>
    </p>

    <p class='ocr_par' dir='ltr' id='par_1_11' title="bbox 243 3026 789 3110">
     <span class='ocr_line' id='line_1_27' title="bbox 243 3026 789 3110; baseline 0.004 -22"><span class='ocrx_word' id='word_1_212' title='bbox 243 3041 316 3109; x_wconf 90' lang='lat'><strong>971.</strong></span> <span class='ocrx_word' id='word_1_213' title='bbox 333 3029 386 3089; x_wconf 83' lang='grc' dir='ltr'>νῦν</span> <span class='ocrx_word' id='word_1_214' title='bbox 400 3026 454 3090; x_wconf 76' lang='grc' dir='ltr'>οὖν</span> <span class='ocrx_word' id='word_1_215' title='bbox 468 3027 513 3110; x_wconf 90' lang='grc' dir='ltr'>τί]</span> <span class='ocrx_word' id='word_1_216' title='bbox 530 3028 561 3090; x_wconf 89' lang='grc' dir='ltr'>τί</span> <span class='ocrx_word' id='word_1_217' title='bbox 573 3027 644 3101; x_wconf 56' lang='lat' dir='ltr'>oium</span> <span class='ocrx_word' id='word_1_218' title='bbox 668 3031 699 3092; x_wconf 87' lang='grc' dir='ltr'>τί</span> <span class='ocrx_word' id='word_1_219' title='bbox 713 3026 789 3091; x_wconf 94' lang='lat' dir='ltr'>Ald.</span> 
     </span>
    </p>
   </div>
   <div class='ocr_carea' id='block_1_3' title="bbox 243 3129 1297 3216">
    <p class='ocr_par' dir='ltr' id='par_1_12' title="bbox 243 3129 1297 3216">
     <span class='ocr_line' id='line_1_28' title="bbox 243 3129 1297 3216; baseline 0.002 -22"><span class='ocrx_word' id='word_1_220' title='bbox 243 3145 316 3213; x_wconf 79' lang='lat'><strong>973.</strong></span> <span class='ocrx_word' id='word_1_221' title='bbox 343 3129 457 3213; x_wconf 74' lang='grc' dir='ltr'>ἔξερρε]</span> <span class='ocrx_word' id='word_1_222' title='bbox 490 3130 587 3211; x_wconf 74' lang='grc' dir='ltr'>ἔξαιρε</span> <span class='ocrx_word' id='word_1_223' title='bbox 610 3131 655 3193; x_wconf 92' lang='grc' dir='ltr'>Η.</span> <span class='ocrx_word' id='word_1_224' title='bbox 695 3129 877 3216; x_wconf 84' lang='lat' dir='ltr'>Composito</span> <span class='ocrx_word' id='word_1_225' title='bbox 903 3131 1042 3214; x_wconf 72' lang='grc' dir='ltr'>ἀπίρρειν</span> <span class='ocrx_word' id='word_1_226' title='bbox 1069 3133 1168 3198; x_wconf 84' lang='lat' dir='ltr'>utitur</span> <span class='ocrx_word' id='word_1_227' title='bbox 1200 3135 1297 3198; x_wconf 82' lang='lat' dir='ltr'>Herc.</span> 
     </span>
    </p>
   </div>
   <div class='ocr_carea' id='block_1_4' title="bbox 196 3231 1300 4545">
    <p class='ocr_par' dir='ltr' id='par_1_13' title="bbox 200 3231 315 3317">
     <span class='ocr_line' id='line_1_29' title="bbox 200 3231 315 3317; baseline 0.026 -24"><span class='ocrx_word' id='word_1_228' title='bbox 200 3231 223 3295; x_wconf 83' lang='lat' dir='ltr'>f.</span> <span class='ocrx_word' id='word_1_229' title='bbox 243 3247 315 3317; x_wconf 83' lang='lat'><strong>259.</strong></span> 
     </span>
    </p>

    <p class='ocr_par' dir='ltr' id='par_1_14' title="bbox 243 3331 910 3421">
     <span class='ocr_line' id='line_1_30' title="bbox 243 3331 910 3421; baseline 0.004 -25"><span class='ocrx_word' id='word_1_230' title='bbox 243 3332 336 3416; x_wconf 86' lang='grc' dir='ltr'>τάχος</span> <span class='ocrx_word' id='word_1_231' title='bbox 350 3332 462 3421; x_wconf 78' lang='grc' dir='ltr'>φυγὰς]</span> <span class='ocrx_word' id='word_1_232' title='bbox 479 3335 577 3416; x_wconf 78' lang='grc' dir='ltr'>φυγὰς</span> <span class='ocrx_word' id='word_1_233' title='bbox 591 3332 682 3415; x_wconf 85' lang='grc' dir='ltr'>τάχος</span> <span class='ocrx_word' id='word_1_234' title='bbox 697 3331 781 3396; x_wconf 86' lang='lat' dir='ltr'>Flor.</span> <span class='ocrx_word' id='word_1_235' title='bbox 798 3335 843 3397; x_wconf 92' lang='lat' dir='ltr'>A.</span> <span class='ocrx_word' id='word_1_236' title='bbox 863 3356 910 3399; x_wconf 90' lang='lat'>10.</span> 
     </span>
    </p>

    <p class='ocr_par' dir='ltr' id='par_1_15' title="bbox 243 3434 582 3521">
     <span class='ocr_line' id='line_1_31' title="bbox 243 3434 582 3521; baseline 0.003 -24"><span class='ocrx_word' id='word_1_237' title='bbox 243 3450 316 3520; x_wconf 87' lang='grc'>975.</span> <span class='ocrx_word' id='word_1_238' title='bbox 333 3434 434 3521; x_wconf 84' lang='grc' dir='ltr'>ὅρους]</span> <span class='ocrx_word' id='word_1_239' title='bbox 451 3436 523 3517; x_wconf 83' lang='grc' dir='ltr'>ὅρον</span> <span class='ocrx_word' id='word_1_240' title='bbox 537 3437 582 3499; x_wconf 91' lang='grc' dir='ltr'>Η.</span> 
     </span>
    </p>

    <p class='ocr_par' dir='ltr' id='par_1_16' title="bbox 244 3537 921 3624">
     <span class='ocr_line' id='line_1_32' title="bbox 244 3537 921 3624; baseline 0.004 -25"><span class='ocrx_word' id='word_1_241' title='bbox 244 3537 318 3622; x_wconf 88' lang='grc'>976.</span> <span class='ocrx_word' id='word_1_242' title='bbox 333 3537 557 3624; x_wconf 81' lang='grc' dir='ltr'>ἡσσηθήοομαι]</span> <span class='ocrx_word' id='word_1_243' title='bbox 572 3537 773 3619; x_wconf 85' lang='grc' dir='ltr'>ἡττηθήσομαι</span> <span class='ocrx_word' id='word_1_244' title='bbox 788 3540 860 3602; x_wconf 83' lang='lat' dir='ltr'>Par.</span> <span class='ocrx_word' id='word_1_245' title='bbox 876 3540 921 3602; x_wconf 90' lang='lat' dir='ltr'>A.</span> 
     </span>
    </p>

    <p class='ocr_par' dir='ltr' id='par_1_17' title="bbox 196 3640 1300 4545">
     <span class='ocr_line' id='line_1_33' title="bbox 244 3640 1297 3730; baseline 0.006 -27"><span class='ocrx_word' id='word_1_246' title='bbox 244 3655 319 3722; x_wconf 90' lang='lat'><strong>977.</strong></span> <span class='ocrx_word' id='word_1_247' title='bbox 336 3641 431 3724; x_wconf 83' lang='grc' dir='ltr'>Σίνις]</span> <span class='ocrx_word' id='word_1_248' title='bbox 450 3641 538 3705; x_wconf 90' lang='lat' dir='ltr'>Loca</span> <span class='ocrx_word' id='word_1_249' title='bbox 553 3654 692 3704; x_wconf 85' lang='lat' dir='ltr'>veterum</span> <span class='ocrx_word' id='word_1_250' title='bbox 708 3640 787 3706; x_wconf 90' lang='lat' dir='ltr'>hanc</span> <span class='ocrx_word' id='word_1_251' title='bbox 803 3640 960 3706; x_wconf 82' lang='lat' dir='ltr'>histon&#39;am</span> <span class='ocrx_word' id='word_1_252' title='bbox 976 3643 1157 3729; x_wconf 84' lang='lat' dir='ltr'>spectantia,</span> <span class='ocrx_word' id='word_1_253' title='bbox 1169 3666 1297 3730; x_wconf 86' lang='lat' dir='ltr'>conges-</span> 
     </span>
     <span class='ocr_line' id='line_1_34' title="bbox 196 3738 1297 3831; baseline 0.006 -26"><span class='ocrx_word' id='word_1_254' title='bbox 196 3738 239 3805; x_wconf 79' lang='lat' dir='ltr'>sit</span> <span class='ocrx_word' id='word_1_255' title='bbox 270 3741 431 3806; x_wconf 85' lang='lat' dir='ltr'>Meursina</span> <span class='ocrx_word' id='word_1_256' title='bbox 459 3741 491 3806; x_wconf 92' lang='lat' dir='ltr'>in</span> <span class='ocrx_word' id='word_1_257' title='bbox 522 3741 647 3807; x_wconf 86' lang='lat' dir='ltr'>Theseo</span> <span class='ocrx_word' id='word_1_258' title='bbox 677 3766 705 3807; x_wconf 94' lang='lat' dir='ltr'>c.</span> <span class='ocrx_word' id='word_1_259' title='bbox 729 3760 761 3829; x_wconf 88' lang='lat'>5.</span> <span class='ocrx_word' id='word_1_260' title='bbox 790 3766 926 3830; x_wconf 86' lang='lat' dir='ltr'>quorum</span> <span class='ocrx_word' id='word_1_261' title='bbox 955 3744 1116 3831; x_wconf 66' lang='lat' dir='ltr'>praecipua</span> <span class='ocrx_word' id='word_1_262' title='bbox 1144 3744 1297 3812; x_wconf 85' lang='lat' dir='ltr'>indicabo.</span> 
     </span>
     <span class='ocr_line' id='line_1_35' title="bbox 199 3842 1299 3933; baseline 0.01 -28"><span class='ocrx_word' id='word_1_263' title='bbox 199 3842 415 3929; x_wconf 87' lang='lat' dir='ltr'>Apollodorus</span> <span class='ocrx_word' id='word_1_264' title='bbox 429 3865 460 3929; x_wconf 87' lang='lat'>3.</span> <span class='ocrx_word' id='word_1_265' title='bbox 480 3847 532 3909; x_wconf 89' lang='lat'>16.</span> <span class='ocrx_word' id='word_1_266' title='bbox 555 3869 587 3933; x_wconf 94' lang='lat' dir='ltr'>p.</span> <span class='ocrx_word' id='word_1_267' title='bbox 602 3848 678 3931; x_wconf 85' lang='lat'><strong>561.</strong></span> <span class='ocrx_word' id='word_1_268' title='bbox 695 3848 844 3928; x_wconf 89' lang='grc' dir='ltr'>Δεύτερον</span> <span class='ocrx_word' id='word_1_269' title='bbox 866 3848 899 3910; x_wconf 75' lang='grc' dir='ltr'>δὲ</span> <span class='ocrx_word' id='word_1_270' title='bbox 919 3846 1063 3927; x_wconf 82' lang='grc' dir='ltr'>(Θησεὺς)</span> <span class='ocrx_word' id='word_1_271' title='bbox 1087 3851 1192 3912; x_wconf 88' lang='grc' dir='ltr'>κτείνει</span> <span class='ocrx_word' id='word_1_272' title='bbox 1214 3851 1299 3915; x_wconf 88' lang='grc' dir='ltr'>Σίνιν</span> 
     </span>
     <span class='ocr_line' id='line_1_36' title="bbox 199 3943 1299 4031; baseline 0.01 -24"><span class='ocrx_word' id='word_1_273' title='bbox 199 3943 252 4008; x_wconf 89' lang='grc' dir='ltr'>τδν</span> <span class='ocrx_word' id='word_1_274' title='bbox 268 3946 488 4026; x_wconf 83' lang='grc' dir='ltr'>Πολυπήμονος</span> <span class='ocrx_word' id='word_1_275' title='bbox 510 3949 557 4012; x_wconf 76' lang='grc' dir='ltr'>καὶ</span> <span class='ocrx_word' id='word_1_276' title='bbox 579 3947 696 4015; x_wconf 73' lang='grc' dir='ltr'>Συλέας</span> <span class='ocrx_word' id='word_1_277' title='bbox 715 3953 764 4027; x_wconf 82' lang='grc' dir='ltr'>τῆς</span> <span class='ocrx_word' id='word_1_278' title='bbox 786 3951 941 4030; x_wconf 84' lang='grc' dir='ltr'>Κορίνθου·</span> <span class='ocrx_word' id='word_1_279' title='bbox 966 3949 1051 4015; x_wconf 79' lang='grc' dir='ltr'>οὗτος</span> <span class='ocrx_word' id='word_1_280' title='bbox 1073 3949 1299 4031; x_wconf 83' lang='grc' dir='ltr'>Πιτυοκάμπτης</span> 
     </span>
     <span class='ocr_line' id='line_1_37' title="bbox 199 4046 1299 4133; baseline 0.005 -23"><span class='ocrx_word' id='word_1_281' title='bbox 199 4046 346 4110; x_wconf 70' lang='grc' dir='ltr'>ἐκαλεῖτο·</span> <span class='ocrx_word' id='word_1_282' title='bbox 370 4051 458 4112; x_wconf 80' lang='grc' dir='ltr'>οἰκῶν</span> <span class='ocrx_word' id='word_1_283' title='bbox 474 4052 531 4132; x_wconf 84' lang='grc' dir='ltr'>γδρ</span> <span class='ocrx_word' id='word_1_284' title='bbox 546 4050 599 4115; x_wconf 89' lang='grc' dir='ltr'>τδν</span> <span class='ocrx_word' id='word_1_285' title='bbox 615 4053 779 4132; x_wconf 88' lang='grc' dir='ltr'>Κορινθίων</span> <span class='ocrx_word' id='word_1_286' title='bbox 795 4049 914 4131; x_wconf 80' lang='grc' dir='ltr'>ἰσθμὸν,</span> <span class='ocrx_word' id='word_1_287' title='bbox 930 4049 1075 4133; x_wconf 70' lang='grc' dir='ltr'>ἠνάγκαζε</span> <span class='ocrx_word' id='word_1_288' title='bbox 1093 4051 1160 4118; x_wconf 81' lang='grc' dir='ltr'>τοὺς</span> <span class='ocrx_word' id='word_1_289' title='bbox 1178 4053 1299 4133; x_wconf 83' lang='grc' dir='ltr'>παριύν·</span> 
     </span>
     <span class='ocr_line' id='line_1_38' title="bbox 199 4149 1297 4236; baseline 0.005 -24"><span class='ocrx_word' id='word_1_290' title='bbox 199 4174 253 4217; x_wconf 88' lang='grc' dir='ltr'>τας</span> <span class='ocrx_word' id='word_1_291' title='bbox 269 4151 352 4216; x_wconf 83' lang='grc' dir='ltr'>πίτυς</span> <span class='ocrx_word' id='word_1_292' title='bbox 374 4149 559 4230; x_wconf 84' lang='grc' dir='ltr'>κάμπτοντος</span> <span class='ocrx_word' id='word_1_293' title='bbox 573 4152 746 4236; x_wconf 71' lang='grc' dir='ltr'>ἀνέχεσθαι·</span> <span class='ocrx_word' id='word_1_294' title='bbox 769 4156 798 4217; x_wconf 89' lang='lat' dir='ltr'>oi</span> <span class='ocrx_word' id='word_1_295' title='bbox 813 4155 846 4217; x_wconf 74' lang='grc' dir='ltr'>δὲ</span> <span class='ocrx_word' id='word_1_296' title='bbox 860 4156 909 4217; x_wconf 87' lang='grc' dir='ltr'>διδ</span> <span class='ocrx_word' id='word_1_297' title='bbox 923 4154 976 4232; x_wconf 76' lang='grc' dir='ltr'>τὴν</span> <span class='ocrx_word' id='word_1_298' title='bbox 988 4153 1148 4218; x_wconf 79' lang='grc' dir='ltr'>ἀσθένειαν</span> <span class='ocrx_word' id='word_1_299' title='bbox 1163 4155 1215 4217; x_wconf 81' lang='grc' dir='ltr'>οὐκ</span> <span class='ocrx_word' id='word_1_300' title='bbox 1229 4154 1297 4232; x_wconf 85' lang='grc' dir='ltr'>ἠδύ-</span> 
     </span>
     <span class='ocr_line' id='line_1_39' title="bbox 200 4250 1299 4337; baseline 0.006 -22"><span class='ocrx_word' id='word_1_301' title='bbox 200 4276 290 4316; x_wconf 86' lang='grc' dir='ltr'>ναντο</span> <span class='ocrx_word' id='word_1_302' title='bbox 306 4250 459 4331; x_wconf 86' lang='grc' dir='ltr'>κάμπτειν,</span> <span class='ocrx_word' id='word_1_303' title='bbox 473 4254 521 4316; x_wconf 82' lang='grc' dir='ltr'>καὶ</span> <span class='ocrx_word' id='word_1_304' title='bbox 535 4253 592 4317; x_wconf 84' lang='grc' dir='ltr'>ὑπὸ</span> <span class='ocrx_word' id='word_1_305' title='bbox 607 4261 666 4319; x_wconf 88' lang='grc' dir='ltr'>τῶν</span> <span class='ocrx_word' id='word_1_306' title='bbox 680 4254 809 4335; x_wconf 79' lang='grc' dir='ltr'>δένδρων</span> <span class='ocrx_word' id='word_1_307' title='bbox 824 4256 1088 4337; x_wconf 77' lang='grc' dir='ltr'>ἀναρριπτούμενοι</span> <span class='ocrx_word' id='word_1_308' title='bbox 1101 4255 1299 4337; x_wconf 74' lang='grc' dir='ltr'>πανωλέθρως</span> 
     </span>
     <span class='ocr_line' id='line_1_40' title="bbox 200 4355 1300 4442; baseline 0.005 -24"><span class='ocrx_word' id='word_1_309' title='bbox 200 4355 389 4419; x_wconf 81' lang='grc' dir='ltr'>ἀπύλλυντο.</span> <span class='ocrx_word' id='word_1_310' title='bbox 433 4356 535 4440; x_wconf 78' lang='grc' dir='ltr'>Τούτῳ</span> <span class='ocrx_word' id='word_1_311' title='bbox 557 4361 597 4442; x_wconf 70' lang='grc' dir='ltr'>τῷ</span> <span class='ocrx_word' id='word_1_312' title='bbox 620 4359 717 4442; x_wconf 76' lang='grc' dir='ltr'>τρόπῳ</span> <span class='ocrx_word' id='word_1_313' title='bbox 734 4357 853 4437; x_wconf 78' lang='grc' dir='ltr'>Θησεὺς</span> <span class='ocrx_word' id='word_1_314' title='bbox 875 4359 960 4422; x_wconf 84' lang='grc' dir='ltr'>Σίνιν</span> <span class='ocrx_word' id='word_1_315' title='bbox 978 4357 1140 4423; x_wconf 75' lang='grc' dir='ltr'>ἀπέκτεινε.</span> <span class='ocrx_word' id='word_1_316' title='bbox 1186 4358 1300 4423; x_wconf 89' lang='lat' dir='ltr'>Paullo</span> 
     </span>
     <span class='ocr_line' id='line_1_41' title="bbox 199 4453 1299 4545; baseline 0.006 -25"><span class='ocrx_word' id='word_1_317' title='bbox 199 4453 289 4521; x_wconf 84' lang='lat' dir='ltr'>aliter</span> <span class='ocrx_word' id='word_1_318' title='bbox 303 4456 453 4521; x_wconf 82' lang='lat' dir='ltr'>saevitiam</span> <span class='ocrx_word' id='word_1_319' title='bbox 469 4457 538 4543; x_wconf 85' lang='lat' dir='ltr'>ejus</span> <span class='ocrx_word' id='word_1_320' title='bbox 552 4456 698 4525; x_wconf 85' lang='lat' dir='ltr'>describit</span> <span class='ocrx_word' id='word_1_321' title='bbox 713 4458 808 4524; x_wconf 89' lang='lat' dir='ltr'>Diod.</span> <span class='ocrx_word' id='word_1_322' title='bbox 824 4459 883 4524; x_wconf 90' lang='lat' dir='ltr'>Sic.</span> <span class='ocrx_word' id='word_1_323' title='bbox 899 4481 930 4540; x_wconf 89' lang='lat'>4.</span> <span class='ocrx_word' id='word_1_324' title='bbox 946 4480 1002 4545; x_wconf 90' lang='grc'>59.</span> <span class='ocrx_word' id='word_1_325' title='bbox 1019 4462 1299 4541; x_wconf 76' lang='grc' dir='ltr'>Θησεὺς-πρῶτον</span> 
     </span>
    </p>
   </div>
   <div class='ocr_carea' id='block_1_5' title="bbox 0 0 1450 4914">
    <p class='ocr_par' dir='ltr' id='par_1_18' title="bbox 0 0 1450 4914">
     <span class='ocr_line' id='line_1_42' title="bbox 0 0 1450 4914; baseline 0 0"><span class='ocrx_word' id='word_1_326' title='bbox 0 0 1450 4914; x_wconf 95' lang='lat' dir='ltr'> </span> 
     </span>
    </p>
   </div>
  </div>
 </body>
</html>
