2864 4914
168 280 232 346 162
529 284 908 351 ANNOTATIONES

215 475 308 534 1040.
332 456 394 539 ἀχά
416 456 632 542 Musgravius.
656 454 729 539 ίαχά
745 455 826 522 libri.
870 456 942 521 Vid.
958 456 1071 521 Elmal.
1085 455 1126 521 ad
1142 453 1268 520 Heracl.

168 573 243 645 752·

213 680 307 740 1041.
323 663 435 729 πόλεος
450 664 622 726 Poraonus.
644 663 760 728 πόλεως
774 660 856 726 libri.

210 762 361 845 ἀφανίσει’
378 763 594 849 Musgraviua.
617 766 796 846 ἀφανίσειεν
810 764 891 828 libri.

213 868 307 944 1046.
329 865 483 951 ἀσμένοις]
501 868 631 947 ἄσμενος
645 866 751 930 decem
768 866 899 931 codices.
922 874 945 907 “
961 865 1101 947 ἀσμένοις
1116 879 1198 930 recte
1212 864 1268 929 de·

165 967 267 1032 fendit
282 968 487 1054 Musgravius
508 992 547 1032 ex
562 968 785 1056 Aristophanis
800 970 882 1034 Pace
895 970 970 1055 582.
988 967 1164 1049 ἀσμένοισιν
1177 968 1269 1047 ἦλθες

164 1071 244 1150 ἡμῖν,
268 1083 299 1134 et
323 1069 485 1157 Sophoclis
508 1070 626 1134 Trach.
645 1072 694 1134 18.
717 1071 832 1151 ἀσμένη
854 1071 888 1135 ἀέ
912 1096 963 1152 μοι
983 1070 1022 1136 Ὁ
1045 1070 1162 1137 κλεινὸς
1182 1070 1266 1150 ἦλθε.

166 1172 310 1259 AEschyl.
325 1175 432 1236 Prom.
449 1192 497 1258 23.
514 1172 635 1258 ἀσμένῳ
650 1173 684 1236 δέ
703 1197 753 1236 σοι
767 1171 808 1237 Ἡ
824 1176 1017 1254 ποικιλείμων
1032 1173 1084 1251 νὺξ
1099 1174 1267 1255 ἀποκρύψει

165 1271 273 1356 φάος.”
290 1276 395 1339 ΡΟΒ.

208 1377 267 1461 ἄχη
281 1391 410 1441 vocatur
425 1376 576 1462 OEdipua‚
590 1376 646 1463 qui
667 1377 736 1461 ἄχη,
752 1376 886 1456 dolores,
902 1377 995 1455 mala,
1010 1376 1128 1442 civitati
1148 1374 1266 1440 intulit.

165 1479 357 1543 MATTH.

210 1598 304 1662 1047.
320 1581 414 1649 τάλας
431 1581 576 1668 Kingiua
601 1580 728 1649 ἀτάλας
742 1581 824 1646 libri.

209 1699 300 1768 1050.
316 1685 423 1748 πτόλιν
437 1683 535 1748 codex
553 1683 674 1771 Kingii.
697 1686 787 1749 πόλιν
802 1684 878 1749 Ald.

210 1786 301 1870 1058.
319 1785 505 1871 ἑπτάπυργα]
524 1784 680 1851 ἑπτάπυλα
694 1786 813 1873 aliquot
828 1787 921 1852 codd.
938 1802 969 1852 et
985 1785 1148 1851 ἑπτάπυλοι
1163 1788 1254 1869 1078.

207 1892 321 1975 κλῇθρα
337 1903 398 1953 tres
412 1888 505 1953 codd.
522 1895 644 1971 κλεῖθρα
658 1888 736 1952 Ald.

208 1992 300 2054 1060.
318 1991 481 2077 γενοίμεθ’]
498 1995 659 2075 γενοίμεθα
673 1990 697 2054 δ’
715 1994 760 2056 Η.
775 2007 808 2057 et
823 1991 901 2056 Ald.

209 2097 301 2158 1061.
318 2097 396 2177 φίλα
410 2095 501 2159 codd.
517 2095 669 2182 plerique.
693 2098 780 2178 φίλαι
797 2097 840 2159 Η.
858 2111 889 2160 et
903 2093 979 2158 Ald.

205 2198 296 2262 1062.
325 2200 518 2280 κατείργασαι
539 2198 630 2262 codd.
656 2195 755 2261 multi.
802 2197 863 2262 Sed
888 2199 975 2261 ΒΗ.
999 2211 1030 2260 et
1051 2195 1192 2283 quinque
1213 2194 1265 2259 alii

161 2323 232 2365 cum
257 2298 335 2363 Ald.
370 2300 564 2383 κατειργάσω,
587 2301 673 2388 quod
697 2300 917 2365 revocandum.
954 2307 977 2338 “
993 2297 1153 2362 Villoisoni
1176 2298 1265 2361 scho-

161 2401 264 2466 liastes
277 2402 318 2467 ad
336 2402 374 2467 ll.
391 2409 422 2467 Γ.
439 2424 458 2488 3
460 2420 514 2489 54.
533 2408 623 2488 (κατὰ
636 2403 837 2487 Ἡρωδιανάν)
854 2403 889 2466 τά
906 2403 1098 2487 (λιθόβολος)
1113 2427 1263 2483 προπαρο-

161 2508 332 2586 ξυνάμενον,
348 2507 515 2588 (σημαίνει)
532 2507 585 2570 τάν
598 2507 657 2571 ὑπὸ
671 2509 757 2571 λίθου
772 2506 978 2587 βεβλημένον,
990 2507 1028 2572 ὡς
1042 2503 1109 2586 παρ’
1121 2505 1265 2586 Εὐριπίδῃ

163 2611 197 2672 έν
219 2608 406 2674 Φοινίσσαις·
438 2610 607 2688 λιθόβολον
630 2610 701 2688 αἷμα
723 2606 918 2690 κατειργάσω.
954 2607 1074 2671 Editur
1096 2608 1212 2671 Φοίνικι
1233 2620 1265 2670 et

162 2708 258 2790 είμα”
276 2711 379 2774 ΡΟΒ.

208 2813 301 2895 1065.
318 2810 446 2876 έπέσυτο
460 2810 558 2875 codex
576 2813 668 2876 Cant.
693 2812 840 2876 ἐπέσσυτο
855 2810 932 2876 Ald.

208 2931 301 2995 1070.
318 2914 432 2998 κλεινὴ]
452 2914 539 2996 κυδρὴ
550 2913 615 2978 duo
628 2914 718 2978 codd.

208 3030 300 3098 1074.
315 3017 362 3080 ἀεὶ
378 3018 417 3080 Β.
433 3015 549 3102 aliique
564 3015 714 3080 nonnulli.
731 3017 788 3081 olel
803 3015 882 3079 Ald.

207 3133 299 3201 1077.
318 3117 345 3180 σ’
362 3118 485 3183 addunt
498 3118 638 3183 codices:
662 3141 723 3184 om.
742 3118 819 3183 Ald.

209 3221 301 3300 1084.
317 3220 417 3304 μέλει]
433 3220 529 3301 μίλον
545 3222 584 3285 Β.

203 3321 276 3407 τόδ’]
295 3321 371 3386 τοῦδ’
387 3322 480 3387 codd.
497 3322 650 3386 nonnulli.

208 3443 300 3508 1092.
337 3426 469 3509 λοιμῶν]
508 3425 618 3505 λαιμάν
655 3427 701 3488 Η.
738 3423 853 3511 aliique
893 3423 1033 3489 nonnulli
1073 3447 1144 3489 cum
1182 3425 1260 3490 Ald.

160 3533 274 3590 πλοιῶν
290 3528 327 3590 Β.

203 3632 272 3709 τῇδε
287 3633 326 3715 γῇ
341 3628 472 3693 codices.
495 3630 585 3709 τῆσδε
599 3630 653 3713 γῆς
669 3629 745 3693 Ald.

207 3747 297 3816 1095.
314 3730 340 3795 θ’
357 3730 479 3795 addidit
495 3730 724 3796 Valckenariua
748 3730 772 3796 δ’
786 3731 950 3796 addiderat
967 3731 1106 3795 Grotius.
1141 3733 1261 3794 Totum

160 3858 285 3900 versum
301 3858 360 3899 om.
381 3837 420 3900 B.
1215 3903 1219 3912 .

207 3939 299 4021 1098.
324 3936 359 4001 δι’
375 3940 480 4020 ὀλίγον
501 3954 584 4002 recte
600 3939 724 4024 Musgr.
740 3937 963 4022 interpretatur
976 3957 1088 4022 prope,
1103 3937 1265 4023 epropin·

159 4063 231 4129 quo,
248 4056 283 4105 ut
298 4040 450 4127 Thucyd.
464 4061 497 4126 3,
515 4060 564 4104 21.
593 4040 686 4104 Coof.
703 4057 734 4121 7,
748 4041 800 4124 36.
819 4039 1011 4101 MATTH.
1088 4098 1093 4109 ,
1219 4118 1224 4127 ⁸

202 4143 228 4207 δ’
243 4143 340 4229 aliqui
355 4143 488 4207 codices.
510 4142 534 4206 τ’
551 4142 629 4206 Ald.

207 4267 300 4311 1100.
329 4247 417 4310 Inter
439 4247 598 4325 Τευμησὸν
623 4260 655 4308 et
682 4243 843 4323 Τελμησὸν
872 4247 920 4323 (ut
943 4241 1077 4306 minores
1101 4240 1265 4305 varietates

161 4352 290 4433 taceam)
308 4348 461 4413 fluctuant
476 4347 596 4412 codices
611 4360 642 4410 et
658 4345 830 4432 scriptores.
876 4344 1050 4430 Antiquior
1064 4344 1164 4407 forma
1179 4342 1266 4407 vide-

160 4468 213 4517 tur
224 4477 272 4534 ea,
288 4475 382 4539 quarn
397 4473 468 4516 cum
490 4448 700 4514 Valckenario
714 4446 850 4533 praetuli.
865 4447 969 4511 POR.
