2864 4914
428 291 494 353 ΑΙ)
517 292 919 357 ANDROMACHAM.
1157 290 1222 356 865

83 493 85 503 =
163 462 236 543 506.
268 463 564 545 θῖμα-κρόντορες
592 464 825 529 Andromachae
851 462 965 529 tribuit
996 465 1219 528 Hermannus:

121 561 259 627 Molotto
272 565 456 631 continuant
469 565 558 631 libri..

163 667 254 750 θύμα]
273 669 321 731 καὶ
335 674 412 748 θῦμα
427 670 503 734 Ald.

162 786 237 852 509.
252 770 341 853 μόλε]
359 769 382 834 ὦ
396 773 472 850 μόλε
488 771 565 837 Ald.

161 888 237 953 510.
262 874 355 936 κείσει
377 873 427 960 δὴ]
452 878 535 954 κείσῃ
559 874 594 953 δὴ
617 873 833 961 Musgravius‚
856 873 911 960 qui
932 864 1019 938 banc‘
1034 872 1219 961 scripturam

120 971 268 1036 Parisinis
283 975 413 1038 B.D.E.
431 976 552 1054 tribuit,
568 1000 705 1064 quorum
725 976 817 1052 duos,
834 977 872 1040 B.
893 992 925 1040 et
940 978 984 1054 E,
1000 999 1071 1040 cum
1092 975 1220 1065 reliquis

118 1073 209 1139 codd.
235 1093 266 1139 et
292 1078 397 1155 Laso,
423 1078 478 1165 qui
509 1078 583 1144 κεῖσ’
607 1079 661 1159 ἤδη
686 1078 858 1166 praebeant,
885 1078 1059 1143 consentire
1087 1094 1220 1144 testatur

120 1176 319 1264 Lentiugius‚
346 1196 450 1244 tacens
474 1180 526 1245 ille
551 1181 591 1245 de
616 1181 719 1258 terti0‚
745 1183 790 1246 Ι).
836 1181 898 1245 Sed
923 1183 1009 1268 κείσῃ
1035 1181 1069 1261 δὴ
1093 1181 1220 1246 videtur

119 1279 211 1344 etiam
227 1281 257 1344 in
274 1281 360 1346 Flor.
380 1283 480 1347 tribus
501 1307 567 1348 esse
588 1283 762 1360 inventum,
783 1283 807 1347 si
830 1282 908 1369 quid
930 1306 969 1347 ex
990 1283 1111 1348 silentio
1132 1283 1218 1349 oolli-

118 1382 267 1470 geudum.
284 1392 366 1450 κεῖσο
381 1385 405 1450 δ’
421 1387 475 1467 ἤδη
491 1386 567 1451 Aid.
582 1413 630 1469 γρ.
647 1394 730 1451 κεῖσο
746 1387 782 1465 δὴ
796 1409 904 1473 margo
919 1387 992 1450 Par.
1011 1386 1049 1450 B.

162 1505 234 1570 5¹2·
257 1487 299 1574 τ’]
318 1514 350 1552 τε
366 1489 443 1553 Ald.
490 1487 634 1554 Delenda
657 1488 819 1574 particula,
842 1511 938 1575 quam
960 1511 1023 1552 om.
1045 1488 1167 1553 oodiees
1188 1503 1220 1553 et

121 1589 212 1653 Lasc.

160 1711 236 1775 520.
253 1695 352 1779 ἀνοία]
374 1695 462 1758 Libri
479 1697 576 1760 ἄνοια.

160 1815 236 1880 521.
262 1798 385 1879 ἐχθροὺς
400 1799 529 1882 ἐχθρῶν]
549 1800 578 1862 Ι.
593 1823 620 1862 e.
637 1798 737 1862 Ιιονίνς
759 1798 937 1884 eosdemque
958 1797 1097 1862 hortibus
1117 1805 1218 1862 nator.

119 1898 325 1964 PFLUGK.
373 1903 503 1965 Sensum
535 1916 617 1964 recte
642 1899 810 1965 declaravit
835 1898 891 1984 qui
917 1898 948 1962 in
975 1898 1056 1963 libro
1082 1899 1219 1964 Puteaui

117 2000 280 2088 adscripsit
304 2006 406 2082 νήπιος
427 2004 460 2070 δς
480 2003 595 2085 πατέρα
617 2004 733 2070 κτείνας
753 2007 861 2069 παῖδας
883 2004 1066 2067 καταλείπει.
1104 2004 1220 2086 ἐχθρῶν

118 2104 254 2168 deletum
271 2105 301 2168 in
320 2105 404 2170 Flor.
422 2126 451 2169 2.
468 2107 592 2189 ἐχθροὺς
606 2104 717 2187 ἐχθρὸν
733 2105 823 2169 Lase.

160 2225 236 2290 522.
253 2206 321 2284 ἐξόν
336 2207 367 2270 in
385 2209 457 2272 Par.
474 2209 517 2270 A.
534 2206 629 2271 minio
644 2206 888 2293 superscriptum
902 2205 943 2271 ab
958 2204 1166 2271 emendatore.

161 2312 234 2392 528.
248 2309 354 2396 μέλος]
371 2309 459 2377 τέλος
474 2311 547 2374 Par.
565 2311 658 2374 A.H.

162 2414 249 2497 εὕρω]
269 2412 375 2495 εὕροιμ’
393 2416 431 2478 ἄν
446 2414 519 2478 Par.
536 2415 579 2477 A.

159 2534 233 2599 529.
263 2519 373 2580 λίσοου
402 2518 528 2598 γούνασι
555 2517 600 2579 H.
645 2515 791 2579 Aliorum
822 2514 973 2580 librorum
1004 2515 1081 2580 vitia
1109 2516 1219 2580 λίσσου

117 2620 237 2699 γόνασι,
253 2621 363 2683 λίσσου
378 2621 410 2682 δὲ
425 2621 551 2701 γούνασι
569 2617 629 2701 (vel
645 2621 782 2701 γόνασι),
798 2619 941 2684 λίσσουσι
958 2618 1020 2702 (vei
1038 2620 1150 2684 λύσσαν
1165 2618 1216 2701 σὺ)

117 2719 254 2799 γούνασι.

159 2839 234 2905 531.
248 2822 340 2902 φίλος
355 2821 553 2885 Gaisfordus.
601 2820 691 2885 Libri
707 2820 731 2884 ὦ
745 2824 846 2903 φίλος.

160 2922 289 2986 θάνατον
303 2922 368 3009 μοι]
386 2923 515 2987 θανάτου
528 2949 566 3005 με
582 2926 656 2988 Par.
674 2926 716 2988 A.

159 3042 234 3108 532.
258 3027 392 3105 δακρύοις
411 3025 483 3088 Par.
500 3027 542 3089 E.
559 3027 645 3090 Flor.
662 3044 693 3090 2.
710 3027 798 3089 base.
816 3025 968 3107 δακρύοισι
984 3026 1056 3089 Ρατ.
1075 3027 1113 3090 Β.
1130 3025 1217 3091 Flor.

121 3147 167 3190 ro.
185 3144 233 3210 15.
256 3127 356 3190 Taur.
382 3128 448 3191 Gu.
473 3128 642 3208 δακρύοισιν
660 3127 738 3192 Ald.
761 3126 885 3208 δάκρυσι
907 3127 981 3190 Ρατ.
997 3128 1089 3191 A.H.
1136 3128 1217 3193 Scri·

116 3228 255 3293 bendum
278 3228 428 3310 δόκρνσιν,
445 3226 531 3314 quod
551 3252 570 3291 a
590 3228 689 3315 prima
705 3251 799 3292 mauu
816 3227 965 3314 scriptum
981 3228 1077 3294 fuisse
1093 3229 1217 3296 videtur

117 3334 148 3395 iu
165 3334 238 3395 Par.
255 3333 300 3395 A.

159 3455 234 3520 535.
258 3438 289 3498 τί
312 3436 335 3499 δ’
360 3436 418 3516 ἐγὼ
442 3441 539 3498 κακῶν
562 3436 634 3499 Ρατ.
656 3435 751 3498 A.H.
771 3431 852 3497 Ald.
896 3433 1029 3499 Codices
1051 3434 1163 3523 reliqui
1186 3450 1218 3500 et

118 3540 209 3603 Lasc.
227 3544 323 3602 κακῶν
337 3539 368 3600 τί
379 3535 402 3600 δ’
420 3539 491 3619 ἐγὼ.

158 3643 232 3726 536.
250 3642 437 3719 έξανύσωμαι
452 3638 539 3701 Flor.
555 3639 598 3701 A.
613 3657 661 3702 ιο.
701 3639 805 3704 Ceteri
822 3638 942 3704 codices
955 3655 987 3705 et
1003 3641 1095 3704 Lasc.
1112 3641 1216 3718 ἐξανύ-

117 3771 214 3823 σομαι.
260 3745 300 3807 In
317 3741 393 3806 Aid.
410 3738 580 3821 ἐξανύσαιρί
596 3742 644 3805 ἄν.

157 3863 234 3929 537.
257 3843 460 3930 προσπίτνεις]
485 3843 667 3931 Legebatur
688 3847 890 3926 προσπίπτεις.
924 3848 1117 3925 πρασπιτνεῖς
1141 3845 1214 3909 Ρατ.

116 3949 208 4011 A.H.

158 4068 231 4135 539.
249 4052 377 4132 ἐμοῖσιν]
398 4051 496 4129 ἐμοῖσι
511 4047 590 4111 Aid.
615 4050 697 4128 ἐμοῖς
711 4048 831 4113 codices
846 4062 877 4112 et
893 4048 984 4112 Lasc.

157 4149 274 4235 γέγον’]
291 4151 418 4232 γέγονεν
434 4148 510 4213 Aid.
532 4224 535 4228 Δ
549 4152 648 4214 Recte
662 4149 706 4236 gl.
723 4150 754 4213 in
772 4152 844 4214 Par.
862 4148 1199 4238 Β.ε11ρίίοαίύπόρχιο.

158 4254 290 4341 ὠφελία]
309 4251 398 4315 Libri
415 4252 556 4334 ὠφέλεια.
602 4253 748 4316 Correxit
764 4252 953 4317 Brunckius.

157 4357 231 4439 548.
249 4358 339 4420 Laoc.
357 4355 433 4418 Ald.
452 4355 519 4418 Gu.
536 4356 636 4419 Taur.
654 4355 739 4419 Flor.
756 4373 785 4420 2.
800 4357 832 4419 τί
843 4360 956 4428 ταῦτα;
979 4359 1041 4422 πῶς
1055 4353 1134 4418 ταῦτ’
1149 4381 1157 4427 ;
1184 4356 1216 4419 ἐκ

115 4462 193 4524 τίνος
208 4470 238 4522 λ.
256 4462 347 4524 Patr.
363 4462 449 4524 Β.Ι).
469 4459 553 4522 Flor.
567 4461 611 4525 A.
626 4477 737 4545 10.15.
755 4461 785 4523 τί
797 4463 890 4523 ταῦτα
904 4459 950 4522 καὶ
969 4463 1047 4530 πῶς;
1073 4458 1127 4521 κὰκ
1134 4459 1217 4546 Ιτίνος
