2864 4914
180 295 245 358 21⁰
544 290 924 357 ANNOTATIONES

182 482 251 532 tum
273 477 388 531 monet.
434 465 580 530 Fortasse
603 462 835 552 explicandum,
861 464 964 528 πολλὰ
987 462 1131 542 ου’μβολα
1156 459 1201 544 (id
1226 474 1284 538 est,

182 569 332 652 τεκμήρια,
356 571 476 650 σημεῖα)
503 569 583 652 έχεις
605 572 658 632 τοῦ
675 566 756 648 δεινὴ
780 566 866 632 εἶναι.
906 563 1076 652 Sophocles
1101 563 1186 628 Phil.
1208 583 1285 644 404.

178 669 335 756 Ἔχοντες,
352 673 392 738 ὥς
414 670 501 749 ἔοικε,
518 672 676 752 σύμβολον
690 672 789 753 σοφδς
806 669 812 757 Ι
831 672 926 748 λθπης
946 666 1021 750 πρὸς
1041 666 1125 746 ἡμᾶς,
1149 668 1172 729 ὦ
1194 666 1285 746 ξένοι,

180 776 376 840 πεπλεύκατε.
400 773 517 838 ELM.

228 877 302 958 287.
318 876 469 965 ἀπειλεῖν]
485 878 619 944 ἀπειλεῖς
633 877 723 939 Laoc.
739 890 771 940 et
784 897 857 963 pars
871 873 1025 938 codicum.

226 976 255 1042 o’
267 977 411 1043 additum
427 1002 466 1043 ex
482 977 567 1043 Flor.
581 998 610 1045 2.
626 977 837 1066 Tautologiae‚
853 1001 926 1064 quae
941 992 988 1041 est
998 977 1029 1041 in
1045 976 1148 1042 verbis
1162 976 1286 1040 κλύοι-

182 1083 222 1151 ὸς
243 1081 476 1164 ἀπαγγέλλουσί
492 1107 554 1162 μοι,
580 1081 759 1171 exemplum
784 1081 891 1146 attulit
913 1079 1083 1145 Elmsleius
1104 1102 1143 1143 ex
1168 1078 1284 1142 Phoen.

183 1199 256 1268 744.
273 1183 336 1249 ἕπτ’
351 1185 461 1267 ἀνδρας
475 1185 575 1253 αίποῖς
590 1193 697 1269 φασιν,
713 1186 752 1254 ὣς
767 1183 868 1267 ἧκουσ’
886 1185 1076 1267 {yur-tor&
1090 1186 1286 1265 προσκεῖσθαι

182 1286 302 1473 wigii.
320 1389 507 1473 ἀπεχθέσθαι
522 1388 702 1455 Elmsieiuo.
743 1389 944 1454 scribebatur
959 1388 1156 1472 ἀπέχθεσθαι.
1193 1389 1284 1451 Proe·

185 1514 256 1557 sens
270 1505 317 1556 est
333 1492 550 1577 ἀπεχθάνομαι,
566 1492 700 1558 ποπίοιιιε
713 1495 900 1576 ἀπηχθόμην,
914 1508 949 1556 ut
964 1491 1144 1571 αἰσθάνομαι
1153 1506 1185 1554 ει
1196 1491 1286 1570 ἠσθά

183 1619 252 1676 ιον·

228 1715 300 1780 293.
317 1696 426 1783 Κρέον]
446 1697 550 1780 Κρέων
568 1699 657 1763 Inoo.
671 1712 703 1763 et
719 1698 863 1763 Stobaeus
880 1699 930 1774 26,
946 1717 978 1783 3.

228 1818 300 1887 294.
317 1801 402 1885 δόξα]
419 1807 549 1883 γλῶσσα
564 1801 719 1866 StobaeuS.

228 1922 268 1988 29
269 1904 411 1987 5-298.
429 1904 490 1967 His
504 1903 645 1968 versibus
660 1903 761 1967 utitur
775 1903 907 1968 Aristot.
924 1902 1021 1968 Rhet.
1036 1921 1066 1979 2,
1083 1921 1134 1968 21.

228 2023 300 2090 295.
324 2006 383 2090 χρὴ
405 2008 428 2070 δ’
444 2005 557 2080 οὔποθ’,
572 2008 655 2074 ὅστις
669 2008 821 2088 ἀρτίφρων
841 2004 947 2088 πέφυκ’
971 2006 1060 2090 ἀνὴρ]
1087 2005 1283 2092 Hesychius:

182 2107 361 2190 Ἀρτίφριον.
384 2109 468 2191 ὑγιὴς
493 2109 548 2189 τὴν
571 2107 680 2191 φρένα,
706 2110 848 2191 σάφροιν,
871 2111 1003 2176 συνετός.
1051 2107 1160 2172 Idem:
1187 2109 1285 2190 Ἀρτί-

182 2219 302 2292 φροσιν.
325 2212 417 2293 ὑγιεῖς
440 2212 544 2295 έχουσι
566 2215 619 2278 τάς
640 2209 762 2293 φρένας.
793 2212 895 2292 ἄρτιον
913 2215 970 2293 γὰρ
992 2211 1026 2275 τδ
1047 2213 1218 2290 ἀνελλιπὲς,
1241 2211 1287 2275 διὸ

186 2313 234 2377 καὶ
247 2314 338 2396 ὑγιές.
384 2314 485 2379 Haud
499 2313 588 2378 aliter
601 2335 707 2377 vocem
722 2312 858 2399 explicat
871 2327 976 2377 noster
991 2315 1072 2377 Tro.
1088 2333 1162 2396 417.
1180 2317 1287 2397 οὐγὰρ

187 2415 288 2498 ἀρτίας
317 2414 397 2499 έχεις
423 2414 546 2497 φρένας.
592 2415 707 2478 Exstat
736 2413 822 2501 apud
852 2416 1029 2480 Homerum
1057 2416 1118 2481 Od.
1145 2423 1187 2481 o.
1214 2419 1285 2483 260.

186 2516 377 2605 AEschylum
394 2517 497 2583 Theb.
515 2519 587 2598 784.
610 2516 797 2604 Euripidem
815 2515 889 2605 Iph.
905 2520 948 2582 A.
962 2520 1034 2602 876.
1061 2518 1138 2582 Vide
1152 2519 1192 2583 ud
1209 2522 1288 2602 ἀρτί-

185 2625 292 2704 δαπρυς
306 2643 337 2685 v.
353 2620 426 2704 873.
450 2621 566 2684 ELM.

231 2740 304 2808 297.
326 2724 417 2805 χωρὶς
436 2725 494 2805 γάρ
517 2723 613 2800 ἀλλης
631 2724 736 2804 (ἀλκῆς
749 2723 801 2802 Β.)
818 2722 854 2803 ἧς
867 2724 992 2807 έχονσιν
1008 2726 1128 2810 ἀργίας]
1145 2727 1285 2790 Proeter·

185 2847 280 2913 quom
303 2827 385 2888 enim
407 2825 489 2912 quod
510 2826 638 2889 inertioe
659 2825 900 2903 insimulantur,
922 2828 998 2912 quio
1020 2829 1056 2890 in
1076 2830 1140 2893 otio
1163 2839 1286 2893 ertatem

184 2926 317 3014 degunt,
332 2929 368 2990 in
383 2928 541 2991 ῖπυὶιίῖοπι
562 2928 658 2990 etiam
678 2928 796 2991 civium
817 2928 973 2992 incidunt.
997 2931 1190 2995 MATTH.
1237 2933 1288 2995 De

187 3052 254 3093 voo.
271 3032 360 3112 ἀργία
376 3030 437 3094 vid.
451 3029 618 3117 Wyttenb.
634 3029 675 3092 ad
691 3028 778 3094 Plut.
795 3032 881 3093 Mor.
897 3029 960 3095 vol.
976 3033 1005 3096 6.
1021 3054 1052 3119 p.
1068 3034 1140 3118 857.

232 3134 305 3217 298.
322 3134 435 3218 ἀοτῶν]
453 3135 568 3216 ἀνδρῶν
582 3130 780 3197 Aristoteles.

231 3234 337 3301 Schol.
361 3235 593 3318 Ἀλφάνουσιν.)
624 3237 819 3319 εὑρίσκουσιν.
851 3237 909 3300 ἀπδ
936 3242 988 3301 τοῦ
1014 3240 1099 3320 ἀλφα
1128 3242 1287 3323 στοιχείου.

189 3338 312 3425 Soepius
328 3360 388 3401 non
404 3337 519 3425 legitur
532 3339 617 3425 apud
633 3339 775 3426 tragicos.
806 3339 1006 3405 Comicorum
1022 3342 1198 3407 testimonia
1211 3365 1289 3429 prae-

186 3439 241 3504 bet
256 3440 370 3504 Suidas
384 3464 414 3505 v.
430 3439 589 3523 Ἀλφάνει,
614 3464 732 3506 necnon
755 3443 977 3529 grammaticus
998 3444 1085 3530 apud
1108 3445 1287 3509 Bekkerum

188 3543 311 3608 Anecd.
330 3544 387 3607 Gr.
402 3566 436 3629 p.
452 3545 528 3628 382.
551 3544 665 3608 ELM.

232 3663 305 3728 299.
323 3645 422 3732 σοφὰ]
439 3647 495 3726 ἔπη
510 3646 574 3710 duo
588 3644 679 3709 oodd.
694 3661 726 3709 et
741 3645 832 3710 Laoc.
849 3670 888 3711 ex
909 3647 1103 3734 glossemate.
1138 3653 1221 3731 σοφδ
1234 3649 1288 3714 de-

186 3747 328 3813 fenditur
348 3748 415 3811 loco
437 3747 600 3834 Aristoph.
624 3747 754 3811 Thesm.
780 3769 872 3830 1141.
898 3756 1024 3833 διψῶντι
1043 3752 1101 3833 γάρ
1122 3778 1168 3816 τοι
1192 3753 1290 3817 πάντα

186 3849 369 3933 προσφέρων
383 3853 467 3931 σοφδ
482 3850 534 3914 οὐκ
550 3849 588 3914 ἀν
601 3850 697 3914 πλέον
711 3850 854 3934 τέρψειας
867 3851 886 3932 ἢ
900 3861 981 3918 πιεῖν
996 3856 1103 3922 διδούς.

229 3973 306 4038 300.
331 3954 425 4031 δόξεις
453 3955 573 4036 ἀχρεῖος
598 3954 650 4016 κού
675 3952 774 4035 σοφδς
798 3955 975 4041 πεφυκέναι]
1001 3955 1139 4040 Ἀχρεῖος
1164 3960 1290 4023 inutilis

186 4054 313 4144 proprie
335 4054 498 4141 significat,
514 4059 630 4138 φαῦλος
643 4056 764 4121 debitis.
810 4059 994 4146 Utrumque
1013 4064 1053 4146 τῷ
1075 4061 1173 4142 σοφὸς
1193 4085 1291 4148 ορρο-

186 4158 283 4224 nitur.
329 4159 381 4221 De
396 4163 511 4238 φαῦλος
526 4157 596 4222 vide
613 4158 726 4222 Pboen.
740 4180 814 4243 499.
832 4159 934 4247 Hipp.
950 4163 1022 4246 989.
1046 4165 1161 4227 ELM.

228 4280 305 4348 302.
327 4260 440 4341 λυπρὸς
462 4263 495 4324 ἐν
513 4263 601 4324 πόλει
616 4264 702 4325 Α.Β.
718 4262 833 4348 aliique
852 4286 922 4328 eum
944 4266 1035 4330 Lasc.
1074 4265 1140 4329 Alii
1156 4268 1188 4329 έν
1203 4268 1292 4330 πόλει

186 4363 299 4446 λνπρδς
313 4385 384 4426 curn
402 4361 478 4425 Ald.

229 4485 306 4549 304.
329 4466 505 4552 ἐπίφθονος]
531 4466 728 4550 Sequebatur
750 4474 812 4535 τοῖς
833 4468 857 4532 δ’
872 4471 1012 4552 ἡσυχαία,
1028 4476 1090 4537 τοῖς
1112 4473 1144 4534 δὲ
1166 4471 1290 4553 θατέρου
