2864 4914
557 295 626 361 AD
648 295 886 361 ORESTEM.
1211 296 1272 359 lll

170 465 268 531 altera
292 464 332 530 od
357 465 486 531 alteram
509 469 770 533 constructionem
798 465 932 532 transiri.
977 468 1146 542 Porsonus,
1172 489 1273 553 quum

169 582 242 656 post
257 567 398 635 Θυέστου
411 582 541 656 puncto,
556 583 627 656 post
636 569 742 653 γάμοις
755 583 909 634 commate
922 568 1162 655 interpunxerit,
1178 592 1274 656 quem

170 692 295 735 sensum
309 670 341 735 in
357 670 406 735 his
419 670 519 736 inesse
533 671 677 750 voluerit,
692 671 817 737 difficile
827 686 875 737 est
885 672 999 737 dicere.
1015 672 1206 737 MATTH.

218 773 775 861 1009-1011.λίκτρα-δυόγκαις]
800 778 944 865 Systema
963 773 1151 863 dactylicum
1175 775 1276 842 simile

170 875 346 964 Sophocleo
360 876 474 964 OEdip.
491 876 561 942 col.
580 896 726 962 229—23
729 892 762 962 5.

216 998 311 1044 1010.
327 980 470 1067 δολίοισι]
487 983 599 1047 δολίοις
613 978 719 1043 decem
734 978 827 1044 codd.

217 1100 311 1146 1011.
332 1081 441 1166 ἤλυθε]
463 1081 669 1147 scribendum
692 1081 777 1160 ἦλθε,
801 1081 888 1168 quod
911 1082 1156 1170 suprascriptum
1178 1083 1274 1150 habet

170 1184 277 1271 Mosq.
295 1207 386 1249 unus.

213 1284 410 1372 πολυπόνοις]
427 1285 625 1354 πολυπόνοις
639 1286 746 1373 Mosq.
762 1308 855 1351 unus.

217 1408 308 1475 1013.
324 1390 552 1473 κατακυρωθείς]
568 1390 749 1472 κατακριθεὶς
762 1388 900 1477 explicat
915 1389 1056 1477 Hesych.
1071 1414 1111 1454 ex
1123 1391 1271 1472 hocloco,

170 1506 207 1555 ut
222 1490 356 1556 videtur.

216 1610 308 1680 1015.
330 1596 450 1679 ἰθύνων]
477 1593 613 1682 Syllabae
635 1593 792 1660 defectum
816 1594 941 1682 supplet
955 1594 1126 1661 Elmsleius
1145 1598 1186 1662 ad
1202 1601 1272 1664 He-

166 1697 241 1761 racl.
251 1699 326 1778 614.
344 1697 485 1776 έξιθθυιυν
496 1697 642 1761 scribens.
666 1697 863 1761 Probabilior
875 1697 1007 1763 Heuthii
1021 1699 1198 1785 conjectum
1213 1716 1271 1781 est,

168 1801 278 1866 ίθιίνιυν
302 1799 382 1863 alius
404 1799 492 1864 verbi
513 1799 667 1886 glossema
691 1822 768 1877 esse,
792 1799 880 1865 velut
901 1802 1007 1882 ὀρθιῧν.
1052 1803 1125 1880 Quo
1147 1820 1273 1892 recepto

167 1924 276 1967 versus
291 1901 334 1967 sic
347 1901 473 1989 digerit,
486 1902 651 1984 ίσόδελφος
666 1903 739 1985 ἀνὴρ
754 1905 850 1985 ὀρθῶν
864 1902 992 1985 νοσερὸν
1003 1909 1100 1968 κῶλου
1113 1902 1271 1988 Ὀρέστου.

169 2005 253 2069 Nam
277 2003 436 2086 Ὀρέστου,
458 2005 546 2092 quod
573 2028 658 2070 nunc
686 2005 822 2070 duorum
847 2004 991 2070 codicum
1017 2004 1270 2073 Florentinorum

166 2107 353 2172 auctoritate
367 2107 505 2172 deletum
520 2122 578 2185 est,
592 2120 676 2172 recte
690 2108 825 2173 servavit
840 2107 1009 2173 Heatbiun.

215 2231 309 2298 1019.
341 2211 500 2295 νερτέρων]
529 2210 667 2293 νερτέρου
690 2212 728 2274 Β.
751 2209 867 2297 aliique
892 2209 1033 2299 plurimi,
1059 2211 1146 2297 quod
1176 2236 1271 2301 supra

166 2314 318 2403 scriptum
332 2314 429 2379 habet
445 2315 489 2378 H.
512 2313 651 2396 νερτέρας
666 2313 751 2377 Flor.
769 2335 859 2377 unus.
877 2314 1023 2396 νερτέρου
1036 2320 1130 2397 πυρᾶς
1145 2330 1182 2381 ut
1204 2343 1271 2399 νερ-

166 2417 261 2500 τέρων
275 2416 374 2500 στέφη
390 2415 511 2480 Troad.
526 2433 620 2501 1255.
636 2415 755 2480 dictum
771 2432 878 2481 monet
893 2418 1065 2482 Porsonus.

214 2539 306 2586 1020.
330 2522 370 2587 ὥς
392 2517 421 2582 o’
437 2517 528 2582 ίδοῦσ’
546 2520 580 2583 έν
595 2520 722 2603 ὄμμασι]
742 2519 830 2583 Libri
854 2519 903 2582 alii
928 2522 967 2588 ὡς
988 2519 1079 2584 ἰδοῦσ’
1097 2522 1130 2584 έν
1145 2522 1270 2601 ὄμμασι,

167 2622 256 2710 quod
277 2641 324 2687 est
345 2622 378 2685 in
399 2622 440 2699 Β,
462 2620 514 2685 alii
536 2623 575 2689 ὡς
597 2620 701 2685 ίδοῦσό
723 2620 752 2684 π’
767 2623 891 2702 ὄμμασι,
909 2621 961 2686 alii
981 2623 1021 2690 ὣς
1041 2620 1131 2686 ίδοῦσ’
1147 2625 1271 2703 ὄμμασι,

166 2725 254 2814 quod
268 2725 386 2791 babent
400 2727 446 2789 H.
462 2737 494 2788 et
508 2722 586 2788 Ald.
618 2725 731 2788 Veram
747 2724 932 2811 scripturam
948 2723 1085 2789 restituit
1101 2727 1271 2807 Porsonus,

166 2829 223 2917 qui
238 2843 321 2894 recte
334 2840 441 2893 monet
455 2835 477 2868 “
493 2829 578 2892 Cum
592 2826 690 2913 igitur
711 2849 883 2913 pronomen
905 2826 1034 2913 quidem
1057 2827 1097 2892 sit
1115 2850 1196 2915 pene
1218 2852 1271 2894 ne-

166 2931 344 3011 cessarium,
358 2929 539 3018 proepositio
554 2951 627 2993 vero
641 2928 733 2993 valde
743 2929 917 3008 commoda,
930 2947 1101 3016 utrumque
1111 2931 1270 3017 conjunxi.

167 3035 296 3100 Pbrnsis
310 3034 350 3099 ab
365 3036 508 3098 Homero
524 3032 564 3097 ΙΙ.
582 3037 617 3096 Α.
632 3032 709 3117 587.
725 3047 756 3096 et
770 3031 843 3096 alibi
858 3032 900 3096 nd
914 3031 991 3096 ulios
1009 3046 1118 3119 poetas
1138 3034 1269 3112 transiit,

166 3153 203 3202 ut
218 3137 259 3202 sd
276 3135 436 3202 Theocrit.
451 3156 483 3217 4,
500 3154 531 3219 7.
575 3136 691 3200 Noster
714 3135 923 3223 Hipp.1260.
948 3137 988 3203 ὣς
1009 3138 1080 3200 uon
1103 3137 1137 3199 έν
1159 3139 1271 3217 ὄμμασι

165 3238 231 3303 Τὸν
244 3236 310 3318 τᾶμ’
326 3235 535 3319 δπσρνηθέυτα
547 3237 588 3317 μὴ
601 3241 711 3320 χρᾶναι
725 3236 831 3320 λέχη.”

214 3359 305 3408 1022.
329 3338 432 3427 γόους]
449 3337 558 3421 λόγους
572 3339 610 3402 B.
631 3354 662 3403 et
684 3355 802 3426 septem
824 3339 876 3404 ulii
898 3338 1036 3404 codices:
1063 3338 1149 3425 quod
1172 3337 1203 3400 in
1223 3340 1270 3404 H.

165 3467 225 3532 pro
238 3443 326 3508 varin
339 3442 407 3507 lect.
424 3441 625 3529 adscriptum.

213 3566 306 3634 1023.
323 3543 474 3628 κρανθέντ’
491 3546 538 3608 Η.
554 3560 586 3609 et
607 3544 748 3632 quinquo
770 3544 832 3623 ulii,
853 3543 912 3608 nisi
932 3544 1018 3631 quod
1038 3542 1069 3607 in
1087 3545 1132 3607 H.
1147 3541 1270 3607 literuv

164 3663 285 3738 puncto
298 3663 346 3714 est
360 3661 478 3726 notatu,
492 3670 557 3733 quo
571 3646 727 3711 indicatur
746 3644 843 3711 altera
862 3646 1016 3735 scripturn
1036 3645 1181 3729 κραθέντ’,
1197 3668 1270 3731 quae

163 3751 257 3817 estin
273 3751 382 3818 ceteris
395 3749 555 3816 codicibus
569 3764 601 3815 et
615 3749 693 3815 Ald.

212 3874 305 3935 1024.
321 3852 427 3935 φέρειν
441 3852 569 3917 codices.
594 3852 699 3934 φέρειν
714 3851 741 3915 σ’
758 3851 835 3916 Ald.

212 3976 305 4041 1029.
320 3956 360 4044 ὢ]
379 3956 479 4020 Scrib.
495 3954 527 4020 ὦ.
574 3955 666 4020 Conf.
682 3954 722 4019 ud
739 3956 821 4019 Hec.
838 3973 914 4039 425.

208 4057 232 4122 ὦ
245 4058 369 4143 μέλεος]
387 4057 411 4122 ὦ
426 4062 539 4138 τλῆμον
553 4057 674 4121 codices
691 4056 819 4144 quidam
839 4056 1036 4134 recentiores,
1051 4055 1103 4120 ulii
1118 4057 1149 4121 in
1167 4071 1267 4135 textu,

162 4173 194 4226 et
209 4160 262 4226 ulii
276 4184 335 4247 pro
349 4161 435 4224 varia
449 4160 590 4225 lectione.

210 4281 304 4350 1037.
320 4265 388 4349 νυν]
408 4262 496 4326 Libri
515 4267 577 4326 νῦν.

210 4386 304 4452 1039.
321 4364 392 4446 αἷμ’·
418 4367 477 4447 ἐγὼ
491 4364 525 4429 δέ
540 4363 567 4428 σ’
584 4364 618 4428 οὐ
632 4363 774 4449 quinque
788 4360 918 4429 codices.
964 4367 1045 4430 Octo
1059 4363 1110 4427 alii
1131 4361 1190 4442 αἷμ’
1208 4363 1267 4444 ἐγὼ

163 4471 201 4533 σὲ
216 4469 241 4534 δ’
256 4471 301 4533 οὗ.
325 4467 387 4532 Sed
403 4466 473 4531 libri
489 4467 598 4553 optimi
614 4488 685 4530 cum
702 4465 778 4530 Atd.
795 4466 942 4532 videntur
956 4466 1140 4542 consentire,
1156 4464 1187 4527 in
1203 4486 1268 4550 qua
