2864 4914
336 310 404 374 AD
428 307 731 375 IPHIGENIAM
756 301 1087 371 AULIDENSEM.
1201 302 1265 371 497

164 480 276 567 vagina
291 478 396 544 educit
411 477 638 566 Neoptolemus
658 475 877 540 immolaturus
894 473 1087 561 Polyxenam
1104 473 1185 537 Hec.
1201 492 1262 557 543

165 606 210 669 sq.
234 583 427 646 MATTH.

210 686 302 769 1568.
328 680 449 765 Πηλέος
472 682 558 747 Flor.
578 703 605 745 1.
623 701 652 746 2.
685 683 773 745 Tum
795 683 829 745 ἐν
843 702 903 743 om.
921 678 1008 743 Flor.
1028 699 1056 742 1.
1072 678 1178 759 βωμὸν
1199 681 1268 743 θεᾶς

163 789 264 869 ἔθρεξε
278 784 402 850 insolita
414 784 551 857 locutio;
576 808 634 849 nec
657 783 762 865 ddpefo
783 781 873 848 facile
895 781 980 869 apud
1003 780 1100 846 alium
1118 779 1265 844 idoneum

163 906 321 954 auctorem
349 887 474 974 legitur,
502 886 581 971 (vid.
610 887 751 951 Pierson.
774 884 814 949 ad
842 886 938 949 Moer.
968 907 1001 971 p.
1023 885 1111 967 187.)
1135 881 1267 968 etquid

165 1013 245 1077 opus
270 1005 318 1055 est
341 994 459 1054 cursu?
494 992 588 1055 Sacra
614 1003 773 1076 portantes
794 986 878 1050 lente
903 985 1045 1050 incedere
1065 984 1266 1051 credideram.

166 1095 358 1158 MATTH.

210 1213 302 1280 1570.
331 1194 406 1258 Ald.
434 1195 521 1272 ἔλεξε
549 1192 585 1268 δ’,
610 1192 634 1257 ὦ
658 1192 807 1276 θηρόκτον’
834 1191 967 1272 Ἀρτεμι,
995 1196 1052 1255 ποῖ
1076 1187 1159 1256 Διός.
1206 1189 1268 1253 Sed

164 1295 287 1362 codices
309 1297 394 1375 ἔλεξε
416 1294 439 1360 δ’
456 1294 480 1360 ὦ
497 1296 570 1362 Διός
587 1295 727 1378 Ἄρτεμις
749 1292 917 1376 θηροκτόνε.
963 1292 1100 1356 Dianam
1115 1313 1190 1355 vero
1204 1304 1267 1355 tam

163 1414 271 1487 aperte
292 1422 365 1464 curu
388 1402 484 1463 Luna
505 1399 678 1476 confusam,
695 1414 731 1462 ut
751 1422 798 1484 sq.
811 1421 840 1461 v.
855 1397 903 1474 fit,
917 1394 1004 1482 apud
1027 1393 1149 1459 nullum
1173 1393 1269 1479 hujus

163 1502 264 1567 aetatis
278 1501 457 1588 scriptorem
475 1501 620 1588 reperias,
636 1501 660 1565 si
677 1498 865 1587 AEscbylum
888 1497 1035 1586 excipias,
1051 1497 1143 1583 cujus
1165 1498 1268 1561 locum

161 1602 270 1668 laudat
286 1602 398 1668 Galen.
415 1604 539 1668 Comm.
564 1602 605 1666 ad
629 1603 784 1689 Hippocr.
808 1601 848 1665 de
871 1599 973 1664 morb.
990 1598 1072 1686 epid.
1090 1600 1120 1665 6.
1143 1621 1176 1685 p.
1192 1619 1266 1684 454.

163 1705 217 1770 sed
239 1717 435 1791 corruptum.
458 1704 523 1769 vid.
540 1704 719 1769 Blomfield.
735 1704 776 1768 ad
799 1704 909 1770 AEscb.
936 1704 1043 1767 Prom.
1059 1703 1132 1769 821.
1179 1702 1268 1767 Alibi

164 1805 336 1892 Euripides
352 1808 491 1884 Lunam,
510 1806 590 1871 Solis
606 1807 701 1871 filiam
718 1807 832 1871 Phoen.
851 1824 922 1890 175.
939 1828 958 1869 a
972 1805 1077 1870 Diana
1091 1803 1272 1893 distinguit,

162 1932 220 1975 nec
234 1907 398 1991 φωσφόρος
413 1908 467 1973 θεά
484 1909 558 1995 Iph.
572 1910 613 1973 Τ.
630 1927 682 1972 21.
699 1909 871 1973 necessario
882 1908 1018 1972 Dianam
1034 1906 1175 1972 eamdem
1190 1930 1267 1984 esse,

166 2033 261 2097 quam
277 2013 403 2075 Lunam
419 2010 534 2097 arguit.
559 2012 752 2075 MATTH.

212 2128 304 2197 1572.
329 2113 445 2176 Versus
468 2135 633 2200 expressus
657 2134 722 2175 esse
746 2109 871 2174 ridetur
895 2110 935 2174 ad
963 2135 995 2175 v.
1015 2129 1088 2196 537.
1113 2112 1272 2177 Hecube..

171 2215 361 2279 MATTH.

214 2333 307 2403 1573.
323 2314 536 2401 Ἀγαμέμνων]
556 2314 684 2402 Syllaba
698 2315 788 2379 tertia
803 2315 945 2402 imperite
959 2331 1111 2404 correpta.

214 2436 306 2505 1577.
330 2417 444 2482 Nescio
460 2441 545 2496 vero,
560 2441 617 2482 cur
639 2418 670 2480 iu
693 2434 806 2483 terram
829 2416 935 2482 oculos
957 2417 1124 2505 dejecerint
1144 2417 1275 2482 Atrida.

169 2537 200 2586 et
216 2538 301 2586 totus
316 2521 481 2598 exercitus,
498 2521 646 2608 equibus
661 2545 726 2586 sese
739 2521 848 2587 eximit
863 2535 894 2586 et
908 2522 990 2586 idem
1009 2521 1134 2587 seorsim
1149 2521 1220 2599 sibi,
1236 2536 1273 2584 ut

167 2624 235 2688 viro
257 2624 416 2711 primario,
439 2624 549 2689 tribuit
571 2625 665 2688 homo
685 2623 841 2711 stupidus,
865 2624 920 2710 qui
943 2624 1002 2688 ista
1023 2640 1138 2689 narrat.
1182 2622 1275 2688 Alias

169 2743 329 2816 precantes
342 2726 383 2790 ad
398 2726 512 2791 coelum
528 2724 636 2790 oculos
652 2725 760 2790 tollere
773 2741 1010 2800 consueverunt,
1029 2729 1103 2791 ἰδεῖν
1121 2729 1164 2795 εἷς
1185 2726 1271 2808 οὐρα-

166 2830 219 2893 νὸν
249 2830 335 2911 εὗρόν
362 2829 402 2894 Il.
429 2829 468 2910 η’,
491 2830 562 2912 178.
608 2831 662 2893 An
692 2828 774 2892 forte
799 2827 1049 2893 Christianorum
1078 2827 1274 2893 consuetudo

172 2931 397 2995 obversabatur
410 2931 634 2996 versificatori?
658 2932 849 2995 MATTH.

219 3036 310 3117 1578.
336 3034 417 3097 Tres
441 3056 580 3119 personae
600 3049 683 3106 sunt,
708 3032 852 3110 Calchas,
874 3033 929 3119 qui
954 3055 1058 3097 ensem
1081 3032 1192 3118 vagina
1216 3055 1272 3096 ex-

168 3149 313 3213 tractum,
330 3149 397 3199 tum
420 3135 614 3200 reconditum
634 3136 666 3199 in
685 3134 808 3199 calatho
829 3135 928 3222 ponit,
946 3134 1096 3211 Achilles,
1111 3134 1167 3221 qui
1189 3134 1271 3200 circa

167 3257 252 3300 aram
278 3237 386 3316 currit,
410 3237 528 3325 quippe
557 3237 650 3304 πόδας
679 3238 761 3311 ὠκύς,
787 3252 828 3314 et,
855 3237 935 3300 inter
960 3236 1150 3301 currendum
1185 3251 1276 3325 puto,

168 3361 276 3424 preces
297 3338 336 3403 ad
358 3339 448 3403 deam
469 3340 586 3418 fundit,
602 3339 712 3404 tertius
734 3339 886 3417 sacerdos,
903 3339 959 3426 qui
980 3339 1125 3426 precibus
1141 3338 1277 3404 Achillis

169 3463 230 3505 non
256 3455 421 3505 contentus
449 3442 515 3529 ipse
545 3442 637 3506 etiam
667 3457 822 3529 precatur.
870 3445 909 3507 In
935 3442 1071 3507 Hecuba
1096 3464 1179 3506 unus
1207 3443 1272 3506 Ne·

169 3541 345 3628 optolemus
368 3556 400 3606 et
426 3566 532 3629 preces
555 3543 640 3620 facit,
664 3559 695 3610 et
717 3567 789 3608 ense
816 3546 988 3631 Polyxenae
1012 3544 1162 3608 cervicem
1190 3544 1274 3608 ferit.

173 3645 363 3708 MATTH.

215 3764 308 3830 1579.
333 3748 467 3834 Ineptus
489 3749 631 3813 sacerdos
646 3748 752 3813 lauces
767 3748 941 3835 inspiciens,
960 3765 1006 3827 ut,
1022 3774 1117 3838 quam
1132 3749 1277 3816 faucium

167 3863 288 3934 partem
311 3848 427 3926 feriret,
442 3850 663 3924 constitueret;
689 3850 743 3915 sed
760 3850 859 3915 voluit
873 3851 1078 3939 interpolator
1093 3853 1196 3919 dicere
1219 3850 1274 3916 ali-

169 3948 245 4034 quid
262 3949 360 4012 simile
374 3950 414 4027 ei,
429 3952 515 4038 quod
531 3952 562 4016 in
580 3955 661 4017 Hec.
676 3954 739 4039 563
757 3977 824 4040 sqq.
840 3953 966 4040 legitur.
992 3956 1181 4020 MATTH.

214 4051 307 4134 1580.
323 4052 427 4132 μικρὸν
441 4068 585 4139 correpto
599 4055 664 4119 iota
678 4054 767 4119 dixit.

215 4150 307 4235 1581.
333 4155 441 4234 αἴφνης
466 4177 504 4218 ex
530 4156 697 4220 Eustathio
720 4156 759 4220 de
782 4158 899 4221 Ismen.
922 4180 1019 4222 amor.
1041 4159 1070 4222 8.
1093 4179 1124 4243 p.
1144 4177 1219 4244 309.
1246 4160 1277 4220 et

171 4252 317 4316 Eustath.
335 4276 367 4339 p.
385 4256 460 4338 637,
481 4258 530 4320 16.
551 4275 598 4338 17.
615 4273 647 4321 et
662 4257 729 4322 aliis
744 4258 894 4324 seriorum
911 4259 1096 4347 scriptorum
1112 4259 1188 4325 locis
1202 4259 1277 4324 citat

173 4355 303 4425 Porson.
320 4355 406 4422 Adv.
423 4379 456 4443 p.
471 4374 543 4443 257.
568 4360 760 4425 MATTH.

689 4485 709 4527 1
726 4461 746 4527 11
