2864 4914
159 288 225 354 378
521 285 898 351 ANNOTATIONES

161 459 294 540 πρέσβυς
314 458 413 529 οἴους
432 455 473 536 μ’.
517 456 630 520 Veram
652 456 836 543 scripturam
855 457 940 523 solus
953 454 1085 521 servavit
1102 456 1148 520 H.
1163 459 1270 522 οῖκους

160 586 194 624 τε
208 560 314 624 τούσδε
328 555 369 639 μ’.
413 558 495 622 Haec
510 557 607 644 igitur
621 558 823 624 restituenda.

204 680 277 747 992.
292 660 421 748 μετέλθῃ
436 662 508 724 Par.
525 663 614 725 A.D.
659 660 764 748 Vulgo
777 661 925 744 μετέλθοι.

204 785 278 849 994.
294 761 340 826 ὄπ’
357 762 546 827 Lobeeltius.
593 762 684 827 Libri
698 765 739 831 ὅς.

204 886 278 950 999.
294 863 318 930 δ’
333 887 395 928 om.
412 864 499 929 Flor.
516 867 558 929 Α.
574 886 625 930 10.
638 884 686 951 15.

205 970 278 1053 998.
296 967 564 1055 Δελφὶς-πέτροΙ
582 971 717 1055 Propter
734 968 827 1032 situm
851 967 982 1032 urbisin
997 965 1098 1030 ardua
1110 964 1267 1051 editaque

163 1071 240 1135 loco.
285 1070 382 1157 Soph.
405 1070 485 1134 OEd.
500 1078 536 1135 T.
551 1073 627 1155 463.
649 1072 693 1139 τίς
710 1070 799 1136 ὅντιν’
821 1075 840 1135 ἁ
862 1071 1038 1136 θεσπιέπεια
1054 1071 1173 1152 Δελφὶς
1195 1069 1267 1135 εἶπε

161 1174 276 1255 πέτραι
300 1175 435 1238 Nonnus
450 1173 544 1238 Dion.
560 1193 610 1258 13,
627 1192 697 1238 122.
713 1178 796 1260 σαφῆ
809 1176 890 1255 παρὰ
906 1174 1036 1254 Δελφίδι
1056 1171 1148 1258 πέτρῃ
1170 1173 1265 1255 ἀγχί-

161 1302 248 1359 ποροι
262 1280 392 1355 Φωκῆες.
408 1278 466 1340 PF
468 1277 497 1340 L
504 1277 613 1341 UGK.

209 1399 300 1443 1001.
315 1376 416 1457 μηδέν’
433 1379 480 1442 Η.
525 1377 629 1464 Vulgo
642 1377 745 1459 μηθέν.

209 1499 429 1566 1009-1017,
445 1479 517 1544 ὦ-
535 1479 540 1567 Ι
560 1481 727 1564 εὐτειχῆ-
745 1479 751 1563 Ι
770 1479 957 1547 κυανέαις-
974 1478 980 1566 Ι
1000 1479 1138 1544 θλιον-
1156 1478 1163 1564 Ι
1181 1481 1266 1547 τίνος

160 1586 293 1665 -ὀργα-
311 1581 317 1669 Ι
336 1609 435 1646 vav-
454 1581 459 1669 Ι
478 1580 671 1668 Ἐνυαλίιρ-
689 1581 694 1669 Ι
714 1581 858 1645 τάλαιναν
868 1581 1171 1663 τάλαιναν-Τροίαν
1181 1579 1264 1646 Ald.

208 1705 300 1769 1009.
316 1683 339 1748 ὦ
355 1683 443 1763 Φοῖβ’
459 1687 476 1749 ὁ
492 1683 570 1749 Ald.
587 1686 619 1748 ἰὼ
633 1690 732 1762 Φοῖβε
745 1682 866 1747 aodices
880 1697 911 1747 et
928 1685 1018 1748 Lasc.

208 1805 300 1851 1010.
315 1787 445 1870 εὐτειχῆ]
464 1786 571 1869 εὐτυχῆ
588 1788 662 1849 Par.
678 1787 720 1849 A.
736 1784 851 1871 aliique
866 1785 1006 1849 nonnulli
1022 1808 1093 1849 cum
1110 1785 1202 1849 Lasc.

209 1907 301 1953 1011.
318 1890 466 1974 κυανέαις]
484 1888 618 1956 κυανέαις
633 1890 681 1953 Η.

210 2010 301 2056 1012.
330 1994 430 2060 ἵπποις
456 1990 534 2056 Ald.
581 1990 724 2068 Codices,
751 2003 787 2054 ut
812 1988 950 2069 videtur,
976 2013 1083 2054 omnes
1107 2003 1139 2053 et
1166 1991 1264 2054 Lasc.

162 2096 289 2158 ἵπποισι.

209 2218 302 2282 1015.
318 2196 465 2282 ὀργόναν]
483 2197 619 2279 όργόνιον
636 2199 706 2260 Par.
723 2197 768 2260 D.
786 2195 871 2260 Flor.
889 2197 931 2259 A.
948 2214 1061 2281 1015.
1080 2197 1265 2262 τεκτοσόνας

162 2324 233 2365 curn
250 2301 382 2383 ὀργάνου
396 2300 590 2387 xlpajungit
605 2302 733 2386 Musgr.
779 2300 831 2362 Ita
846 2298 1003 2384 genitivus
1023 2314 1102 2362 esset
1123 2321 1182 2384 pro
1203 2297 1262 2361 ad-

158 2403 285 2489 jectivo.
330 2405 404 2489 Ego
423 2418 526 2466 tamen
548 2405 653 2483 ἄτιμον
666 2401 987 2486 τεκτοσθυοςΙαιιρζετς
1003 2399 1118 2473 malint,
1134 2399 1264 2486 proprie

163 2527 291 2569 υιαηιιιπ
314 2529 378 2569 που
398 2507 594 2585 honoratam,
615 2505 698 2592 quod
717 2505 830 2567 attinet
850 2503 894 2564 ad
900 2504 1080 2587 fabricam,
1094 2502 1113 2565 i.
1128 2526 1156 2565 e.
1174 2501 1264 2567 nulla

162 2631 266 2695 operae
309 2609 340 2672 iu
386 2608 583 2674 exstruendis
626 2607 781 2671 moenibus
826 2604 934 2693 positae
981 2604 1099 2668 ratione
1143 2603 1263 2670 habita.

164 2712 356 2775 MATTH.
1220 2758 1225 2765 .

205 2813 282 2897 χέρα
309 2815 487 2880 τεκτοσύυας
509 2812 697 2899 ΙἘυυαλίιρ]
726 2809 1011 2896 Transponendum
1041 2832 1113 2873 cum
1145 2809 1263 2874 Bothio

162 2913 225 2997 χέρ’
239 2913 387 3000 Ἐνυαλίῳ
406 2913 412 3002 Ι
431 2917 617 2983 τεκτοσύνας.

210 3019 303 3080 1016.
318 3017 498 3098 προσθέντες
510 3016 587 3080 Ald.
603 3016 763 3098 προθέντες
776 3015 867 3079 codd.
880 3015 927 3078 vel
940 3038 1048 3079 omnes
1059 3015 1105 3080 vel
1119 3015 1263 3103 plerique

163 3133 194 3182 et
210 3119 303 3182 Lasc.

211 3240 303 3284 1011.
333 3223 463 3298 βασιλῆς
489 3221 647 3298 Matthiae,
674 3222 728 3308 qui
753 3220 902 3306 Ἐνυαλίῳ
928 3220 958 3283 in
986 3244 1076 3284 versu
1103 3220 1263 3307 strophiao

167 3326 258 3388 1016.
273 3323 540 3411 quadrisyllabum
556 3347 622 3387 esse
638 3323 746 3387 voluit.
792 3323 974 3409 Legebutur
987 3327 1144 3403 βασιλῆες.
1184 3324 1262 3387 Ver-

163 3449 231 3490 sum
248 3426 437 3512 stroplricum
454 3426 588 3489 correxit
604 3424 746 3488 Bothius.

210 3547 300 3612 1019.
328 3530 456 3612 ἀπηύρα]
485 3530 609 3608 ἀφῆκεν,
636 3529 765 3608 ἀφεῖλεν
789 3552 828 3591 ex
859 3528 917 3592 hoc
945 3530 1012 3592 loco
1037 3528 1262 3613 interpretatur

164 3629 352 3716 Hesychius.

210 3752 302 3817 1030.
319 3730 596 3819 νιν-ἐπεστράφη]
615 3733 768 3819 Respexit
782 3755 860 3796 eom.

210 3853 405 3920 1031.1032.
427 3834 616 3914 μαντόσυνον
633 3837 682 3898 ὅτε
705 3860 752 3898 νιν
770 3833 917 3916 Ἀργόθεν
931 3835 1084 3916 πορευθείς
1105 3834 1135 3897 in
1160 3856 1258 3896 uuutn

162 3961 286 4002 versum
301 3935 520 4022 conjungenda
534 3935 712 4023 pariterque
727 3937 757 4000 in
773 3937 977 4024 antistropha.

210 4060 301 4126 1033.
315 4038 475 4122 Ἀργόθεν]
494 4040 585 4118 ἄργος
600 4038 645 4101 Η.

209 4162 302 4227 1034.
329 4140 562 4222 Ἀγαμεμνόνιος
592 4143 663 4205 Par.
696 4142 733 4204 B.
764 4140 850 4206 Flor.
877 4161 927 4226 15.
973 4140 1077 4227 Vulgo
1108 4138 1259 4222 Ἀγαμεμ-

163 4249 288 4311 υόνειος.

210 4364 301 4432 1035.
324 4345 444 4433 κτάνεν]
462 4344 591 4408 κτεάνων
605 4344 688 4409 libri.
732 4343 922 4408 Emendavit
943 4342 1102 4407 Henthius
1124 4340 1260 4428 reposito

163 4453 296 4530 ἔκτανεν,
310 4448 396 4536 quod
413 4447 519 4512 κτάνεν
533 4445 730 4511 scribendum
746 4447 841 4511 fuisse
857 4446 978 4511 monuit
994 4449 1206 4509 Hennanuus
