2864 4914
540 271 607 335 AD
631 267 895 335 SUPPLICES.
1196 263 1262 330 407

169 439 229 518 vel,
252 445 289 504 τα
308 444 348 505 σὰ
372 440 557 522 ἐξηκόντισα,
577 457 608 507 et
633 441 742 507 eodem
765 440 860 506 modo
881 437 913 502 io
937 434 1088 502 similibus
1110 434 1260 519 exemplis

169 543 377 608 noscitatis.
414 545 462 608 Et
482 545 546 608 haec
566 546 689 633 quidem
711 544 754 608 od
776 552 832 607 tuo
857 561 965 605 vanna
986 539 1164 627 respondeo.
1210 536 1261 601 Sic

171 649 284 711 Troas.
300 666 374 732 911.
389 651 426 711 τῖι
440 645 469 709 σ’
485 647 652 727 αἰτιάματα,
668 647 687 710 i.
703 671 731 712 e.
747 644 851 711 rond.
874 642 946 708 vide
967 658 997 707 et
1021 639 1164 730 Sophocl.
1181 640 1260 705 OEd.
1366 648 1370 657 “

172 752 252 836 Tyr.
266 769 340 836 413.
373 752 487 815 Noster
510 749 640 837 Cyclop.
657 768 729 836 229.
753 750 799 812 ότι
821 745 883 812 τάδ’
902 746 954 812 οὐκ
979 747 1047 809 είων
1069 743 1182 826 φέρειν·
1206 743 1261 807 ubi

170 853 249 917 Cod.
265 855 337 919 Par.
354 855 415 919 No.
432 856 525 938 2887.
540 854 616 941 legit
629 880 667 919 τα
681 880 703 916 σ
716 880 769 919 ουκ
786 848 955 916 eron-hoc
969 863 1016 912 eat
1034 850 1071 911 τὰ
1086 846 1137 910 σά.
1160 860 1192 910 et
1210 870 1260 910 eo-

169 954 241 1019 dem
257 955 407 1034 dramate,
423 981 452 1021 v.
469 958 543 1021 266.
564 958 604 1037 μὴ
622 955 682 1020 τόδ’
699 958 805 1039 ἔξοδόν
827 955 897 1037 ἐγὼ,
912 951 994 1015 idem
1017 947 1126 1026 codex,
1141 946 1259 1013 etitem

168 1058 247 1122 alter
270 1061 332 1122 No.
353 1062 446 1140 2817.
469 1058 617 1123 exhibent
640 1084 678 1122 το
698 1084 720 1120 σ
742 1061 857 1137 εξοδαν,
872 1054 902 1119 i.
918 1078 946 1119 e.
970 1055 1007 1117 τὰ
1029 1055 1081 1126 σά,
1105 1061 1177 1116 tuor
1200 1073 1259 1114 rer.

171 1162 322 1225 MARK.
369 1162 574 1227 scribendum
589 1165 627 1227 τὰ
641 1161 669 1224 σ’
685 1183 755 1226 cum
773 1156 973 1223 Marklando.

213 1264 287 1347 458.
305 1263 332 1346 γ’
349 1265 545 1352 Lentingius.
583 1264 674 1329 Libri
690 1262 724 1328 δ’.

213 1368 288 1447 460.
304 1365 396 1430 πόλιν
412 1366 629 1432 Marklandus.
667 1365 849 1452 Legebatur
863 1361 961 1427 πόλει.

214 1469 290 1547 464.
307 1474 403 1536 καλῶς
419 1467 495 1532 ΑΙά.
509 1483 541 1533 et
558 1468 700 1535 Stobaeus
718 1468 790 1546 106,
805 1469 837 1531 6.
852 1471 945 1532 κακῶς
958 1462 1088 1528 codices.

212 1571 287 1650 466.
310 1572 412 1635 τάντία
427 1574 595 1635 Porsonus.
631 1572 772 1635 τάναντία
793 1567 874 1634 libn'.
905 1568 1009 1631 ἀντίαν
1032 1566 1150 1648 γνώμην
1167 1586 1261 1650 supra

169 1694 199 1734 v.
215 1672 287 1756 198.

213 1776 286 1857 469.
301 1779 338 1856 γῇ
355 1774 575 1841 Marklandus.
616 1775 705 1840 Libri
720 1780 766 1864 τῇ.

212 1894 286 1960 470.
301 1877 460 1966 μυστήρια]
476 1881 557 1944 Erat
570 1903 641 1943 cum
657 1879 723 1943 haec
738 1877 833 1942 dictio
848 1875 922 1940 mibi
938 1890 1017 1939 esset
1028 1873 1168 1938 obscura.
1192 1873 1257 1936 De-

168 1977 241 2042 inde
255 1979 349 2043 didici
364 2003 431 2044 eam
447 1981 619 2068 significare
631 1981 822 2047 venerabilia
836 1989 865 2043 er
883 2000 946 2042 non
969 1975 1117 2042 uiolanda
1138 1976 1260 2063 suppli-

168 2084 324 2147 cationum
347 2095 553 2150 sooromeoto.
600 2085 682 2163 Quia
703 2082 911 2171 supplicantes
932 2078 1059 2146 corollas
1080 2079 1111 2142 in
1135 2077 1257 2164 signum

171 2206 236 2247 suae
258 2185 470 2250 obtestationis
493 2186 730 2274 protendebant,
750 2184 822 2248 hinc
844 2183 918 2247 dicti
944 2195 1015 2246 sunt
1037 2179 1182 2262 στέφανοι
1202 2202 1260 2266 pro

172 2287 300 2361 ίκετίαις,
324 2287 446 2374 signum
470 2289 513 2352 rei
534 2312 592 2376 pro
614 2312 647 2353 re
669 2287 850 2374 significata.
895 2286 1066 2366 Μυστήριον
1087 2297 1191 2346 autem
1214 2298 1260 2346 est

171 2410 263 2452 omne
285 2388 468 2467 venerabile,
490 2414 620 2464 sacrum,
645 2413 707 2454 non
728 2387 915 2453 violandum.
961 2385 1011 2451 Sic
1032 2383 1168 2472 appellat
1191 2386 1257 2449 He-

171 2490 318 2555 rodianus
341 2495 371 2557 8.
394 2511 423 2575 7.
452 2496 666 2558 Romanorum
690 2491 803 2572 σεμνὸν
824 2490 983 2571 μυστήριον
1008 2487 1183 2553 υστιεναόὶία
1202 2510 1257 2553 ao·

169 2604 363 2659 σταυιτυίυυι
398 2596 451 2659 τὸν
483 2595 690 2679 στρατιωτικὸν
726 2596 814 2676 ὅρκον
850 2593 987 2657 militare
1015 2601 1258 2657 sacromentum.

173 2697 327 2761 REISK.

213 2815 289 2883 474.
311 2802 405 2869 πολὺς
430 2802 681 2880 κλύδων-ἔσται,
706 2798 804 2884 δορός]
833 2796 994 2862 Heraclid.
1017 2800 1087 2862 160.
1110 2797 1143 2861 in
1166 2820 1258 2885 argu-

170 2916 276 2966 mento
290 2903 391 2979 simili,
408 2906 449 2970 είς
462 2904 562 2983 πάλην
577 2905 748 2968 καθίσταται
763 2901 848 2985 δορὸς
862 2902 895 2965 τὸ
909 2907 1037 2984 πρᾶγμα.
1060 2902 1215 2965 MARK.

214 3021 287 3087 477.
309 3008 347 3072 bs
368 3007 403 3085 δὴ
422 3005 512 3074 πόλιν
527 3006 687 3088 ἐλευθέραν
702 3008 792 3091 ἔχων]
819 3005 959 3070 Irrisorie
980 3004 1091 3069 alludit
1112 3004 1152 3068 ad
1173 3005 1258 3069 istud

172 3106 300 3185 Thesei,
316 3130 346 3170 v.
360 3125 435 3191 405.
452 3107 521 3171 ἀλλ’
537 3109 679 3190 ἐλευθέρα
693 3106 789 3174 πόλις.
814 3122 900 3194 patet
915 3107 973 3171 hoc
986 3131 1026 3170 ex
1049 3105 1198 3193 particula
1213 3108 1257 3186 δὴ,

169 3211 296 3274 scilicet.
320 3211 472 3274 MARK.

212 3315 287 3394 478.
302 3311 487 3397 βραχιόνων]
510 3315 673 3396 βραχίονες
688 3312 816 3390 Graecis,
833 3327 868 3376 ut
882 3313 1011 3376 θτασίιία
1024 3327 1056 3376 et
1069 3313 1177 3376 lacerti
1193 3313 1258 3375 La-

171 3414 253 3492 tinis,
276 3416 423 3479 roboret
447 3418 532 3479 vires
553 3415 699 3479 denotat:
724 3415 843 3479 Fidens
851 3418 1009 3502 juventus
1030 3416 1162 3479 horrido
1184 3416 1258 3479 bro·

168 3516 257 3595 chiis,
287 3519 399 3581 Horat.
426 3537 457 3601 3,
480 3538 512 3598 4,
534 3534 585 3602 50.
618 3531 649 3580 et
674 3516 731 3602 νίιρ
753 3518 905 3600 βραχίονι,
930 3532 1034 3581 noster
1060 3516 1257 3601 Hecub.15.

170 3620 243 3683 Hac
257 3621 320 3684 fab.
337 3619 411 3704 748.
427 3619 490 3685 νέοι
503 3620 677 3703 βραχίοσιν.
702 3620 852 3684 MARK.

210 3740 287 3809 479.
302 3730 424 3805 βροτοῖς
441 3721 584 3787 Stobaeus
601 3742 673 3801 110,
691 3741 742 3806 13.
786 3720 967 3808 Legebatur
981 3721 1038 3804 γάρ
1054 3723 1128 3785 ἔστι.

212 3825 285 3904 480.
301 3824 320 3903 ἦ
334 3829 450 3892 πολλὰς
464 3827 567 3892 πόλεις
584 3823 717 3910 συνῆψε]
734 3822 889 3889 Absolute
904 3828 1032 3907 συνῆψε,
1048 3838 1085 3888 ut
1103 3823 1256 3888 Herodot.

167 3945 200 4005 4.
215 3924 268 3988 80.
282 3929 455 4007 μελλόντων
470 3928 502 3989 δὲ
517 3926 630 3990 αὐτέων
644 3926 803 4008 συνάψειν,
820 3929 875 3991 810.
892 3926 955 3992 scil.
970 3927 1077 4011 μάχην.
1124 3927 1188 3991 Hic
1209 3926 1256 3991 in-

170 4026 319 4114 telligitur
333 4029 453 4115 πολέμῳ
470 4027 516 4093 vel
530 4028 621 4112 μάχη.
649 4027 699 4092 Sic
715 4028 868 4094 Phoeniss.
884 4053 914 4094 ν.
934 4049 1027 4116 1403.
1044 4029 1166 4094 Latinis
1179 4053 1258 4095 τοττι-

169 4134 302 4196 mittere.
328 4133 477 4196 MONK.

211 4238 285 4318 481.
301 4236 431 4319 πόλεως]
448 4237 508 4300 λειό
525 4235 669 4300 Stobaeus
681 4255 735 4320 55,
751 4239 782 4300 6.
798 4237 852 4302 ubi
866 4238 932 4301 cod.
951 4239 989 4300 Β.
1005 4239 1098 4318 δορός.

210 4340 285 4421 484.
310 4340 382 4403 Hoc
403 4352 450 4403 cst
472 4338 561 4417 illud,
580 4337 667 4424 quod
687 4339 892 4427 Thucydides
910 4339 986 4404 dicit
1012 4359 1129 4420 1,140.
1153 4337 1256 4420 καίπερ

167 4444 251 4511 εἰδὼς
265 4442 331 4510 τοὺς
347 4444 516 4524 ἀνθρώπους
530 4442 565 4505 οὐ
579 4445 615 4519 τῇ
630 4441 703 4528 αὐτῇ
717 4444 791 4528 ὀργῇ
806 4441 1054 4522 ἀναπειθομίνονς
1068 4468 1100 4507 τε
1117 4428 1260 4523 πολεμεῖν

670 4565 690 4606 n
706 4542 764 4625 d4
