2864 4914
546 287 614 352 AD
639 287 888 352 HECUBAM.
1227 286 1268 352 51

163 457 195 517 δὲ
209 480 274 533 μετ.
290 461 376 520 τοῦδε
391 461 443 520 τοῦ
455 459 567 540 χρόνου
583 459 631 522 καὶ
644 463 698 522 τοῦ
709 463 847 539 παρεῖναι
862 458 915 521 τὸν
928 457 1069 537 ἡγεμόνα.
1116 454 1178 520 Sed
1197 459 1264 520 τού-

163 581 216 621 του
229 555 270 623 ad
286 557 345 622 boc
359 557 492 623 alterum
508 558 607 626 solum
624 560 768 626 refertur.
795 560 847 625 Ita
861 560 908 637 fit,
925 573 960 625 ut
974 560 1085 637 μεταξύ
1099 580 1158 644 pro
1171 580 1270 645 usque

162 661 207 722 ad
220 660 295 747 poni
311 661 420 748 possit.
446 663 639 729 ΜΑΤΤΗ.

206 782 390 848 441-443.
416 764 478 830 His
499 765 640 829 versibus
662 787 723 830 uon
747 761 888 829 dubitavi
912 761 998 826 chori
1021 783 1133 826 nomeu
1153 761 1270 826 adscri-

164 864 247 930 bere.
292 866 375 930 Nam
399 882 436 932 ut
458 866 727 932 vehementissime
750 866 851 932 oderit
873 863 1027 929 Helenam
1054 863 1209 935 Hecuba
1234 878 1271 927 ut

164 967 370 1055 megisetiam
391 967 492 1034 odisse
514 992 598 1034 nuuc
620 969 743 1047 debeat,
766 991 864 1056 quum
890 982 937 1032 tot
960 966 1117 1052 tantisque
1142 981 1271 1054 propter

164 1092 232 1134 eam
249 1069 337 1134 malis
351 1094 511 1158 oppressa,
526 1072 618 1136 etiam
637 1072 728 1137 unico
741 1070 828 1158 quod
852 1085 1013 1157 supererat
1030 1069 1140 1135 solatio
1155 1069 1272 1157 privari

165 1195 198 1235 se
213 1171 316 1237 videt:
341 1190 374 1237 at
388 1196 408 1238 a
423 1174 569 1261 praesenti
584 1175 701 1253 dolore,
715 1175 747 1239 in
762 1198 827 1263 quo
838 1173 915 1237 nihil
931 1172 988 1236 nisi
999 1171 1163 1237 orbitatem
1180 1195 1267 1236 suam

165 1274 292 1360 cogitat,
315 1276 447 1363 ejusque
468 1276 500 1340 in
524 1277 597 1341 mali
621 1277 827 1342 immensitate
853 1290 949 1341 totam
974 1288 1108 1340 mentem
1133 1275 1268 1340 defixam

165 1376 271 1454 habet,
287 1377 378 1442 valde
399 1378 500 1444 aliena
514 1396 560 1444 est
577 1379 645 1445 haec
668 1379 800 1444 Helenae
822 1378 1021 1456 abominatio,
1037 1393 1187 1464 tantoque
1207 1401 1270 1443 ma·

165 1480 225 1566 gis,
239 1481 327 1567 quod
342 1482 481 1546 oratione
502 1483 672 1570 exponitur
695 1497 756 1547 tam
774 1505 872 1547 vacua
887 1499 991 1546 motus
1007 1496 1039 1545 et
1055 1479 1268 1557 vehementiae,

167 1601 202 1649 ut
217 1584 307 1648 facile
328 1599 544 1672 spectatorem,
559 1607 622 1649 non
640 1584 792 1649 desertam
809 1598 914 1668 erepta
929 1583 993 1647 filia
1008 1599 1138 1649 matrem
1160 1607 1270 1669 agnos-

165 1709 228 1750 cas.
268 1687 402 1752 Accedit
417 1688 504 1753 aliud
517 1688 615 1774 idque
629 1710 690 1752 non
707 1687 834 1752 minoris
849 1687 997 1752 momenti
1011 1687 1148 1772 signum.
1186 1688 1270 1772 Nam

165 1803 196 1854 et
209 1790 351 1876 proxime
361 1813 534 1877 praegressa
550 1790 694 1855 Hecubae
709 1790 803 1854 verbs
817 1789 927 1855 collabi
939 1813 1007 1854 eam
1022 1790 1117 1854 animi
1131 1788 1271 1876 deliquio

167 1907 318 1979 arguunt,
334 1908 366 1958 et
379 1893 494 1958 diserte
509 1892 615 1979 paullo
630 1906 700 1979 post
716 1893 803 1957 humi
817 1916 884 1956 eam
900 1894 1005 1979 jacere
1020 1893 1224 1979 significatur,
1240 1908 1272 1958 et

166 2018 266 2081 quum
285 1994 360 2059 dicit
375 1996 548 2076 ἀπωλόμην,
565 1998 663 2078 φίλαι,
678 1995 823 2059 deficiens
840 1995 945 2060 animo
963 1995 1116 2060 auxilium
1138 1995 1271 2083 requirit

166 2097 264 2175 chori,
280 2097 335 2184 qui
350 2120 417 2161 eam
433 2098 592 2162 sustineat.
638 2098 732 2176 Quod
746 2098 772 2162 is
786 2098 861 2163 dum
878 2097 963 2176 facit,
980 2099 1186 2184 miseramque
1204 2121 1272 2162 mu·

167 2198 271 2263 lierem
296 2199 383 2263 humi
407 2200 544 2279 reclinat,
567 2201 624 2266 bos
646 2225 753 2266 versus
774 2201 858 2266 dicit.
905 2201 956 2266 Sic
980 2225 1028 2265 res
1050 2201 1117 2288 ipsa
1139 2202 1214 2265 facit
1234 2215 1270 2265 ut

168 2300 294 2378 chorus,
318 2317 485 2389 antequam
512 2304 666 2368 canticum
693 2318 795 2381 canat,
820 2303 966 2367 trimetris
992 2303 1159 2389 loquatur:
1183 2302 1269 2388 quod

169 2426 239 2468 raro
252 2404 299 2468 fit.
345 2405 434 2469 Fecit
449 2405 622 2493 AEschylus
636 2407 668 2468 in
687 2409 801 2491 Agam.
814 2423 888 2491 351.
905 2421 937 2470 et
953 2405 1095 2492 Choeplr.
1112 2425 1186 2491 931.
1203 2405 1272 2491 qui-

169 2506 229 2571 bus
243 2507 275 2570 in
291 2507 366 2572 locis
380 2508 601 2575 adnunciando
616 2510 736 2574 cantico
750 2509 921 2574 inserviunt
938 2509 1077 2575 trimetri.
1122 2510 1271 2573 Ceterum

168 2609 208 2673 ad
225 2612 264 2678 ὡς
280 2610 356 2673 nibil
373 2634 494 2674 necesse
509 2627 556 2676 est
570 2611 718 2697 intelligi:
743 2612 830 2698 quod
846 2613 871 2675 si
885 2612 974 2698 quid,
988 2611 1063 2676 nihil
1078 2610 1165 2675 aliud
1175 2632 1270 2697 quam

169 2713 318 2796 ἔχουσαυε
344 2713 396 2777 sed
421 2714 535 2777 rectius
556 2714 800 2801 interpretabere
822 2713 1002 2800 simpliciter
1014 2715 1070 2790 sic,
1086 2712 1107 2776 i.
1123 2737 1152 2776 e.
1165 2711 1225 2776 hoo
1238 2712 1270 2774 in

169 2832 263 2880 statu.
287 2818 441 2880 HERM.
488 2819 586 2881 Recte
612 2815 705 2880 sensit
735 2818 939 2880 Hermannus
961 2838 1023 2880 non
1051 2815 1189 2902 potuisse
1214 2812 1272 2876 hos

170 2941 276 2983 versus
296 2920 338 2983 ab
355 2920 491 2984 Hecuba
505 2918 710 3006 pronuntiari.
757 2919 819 2983 Sed
842 2942 904 2982 non
928 2918 1031 2982 minus
1050 2916 1141 2982 alicui
1158 2916 1200 2980 ab
1221 2939 1271 2978 co-

170 3021 290 3108 rypbaei
305 3044 437 3108 persona
451 3046 516 3086 esse
530 3022 695 3086 videntur:
721 3045 791 3085 nam
804 3021 1011 3109 Polyxenam,
1021 3042 1116 3106 quam
1129 3020 1226 3107 ipsam
1240 3019 1272 3082 in

170 3123 310 3187 versibus
332 3123 581 3211 praecedentibus
600 3122 766 3210 oompellat
781 3124 928 3203 Hecuba,
943 3124 1048 3210 potius
1063 3146 1156 3210 quam
1180 3147 1271 3209 cory-

170 3227 296 3313 pboeum
312 3227 400 3292 decet
425 3229 568 3294 Hecubae
590 3228 696 3293 adesse
717 3227 811 3291 animi
834 3226 1006 3313 deliquium
1031 3225 1171 3312 patienti.
1215 3225 1271 3289 Ad

170 3326 239 3394 haeo
260 3330 378 3394 accedit
400 3330 488 3395 rudis
507 3343 539 3396 et
560 3329 718 3394 incondita
735 3329 882 3394 orationis
902 3328 1015 3408 forma,
1034 3330 1081 3394 tic
1103 3329 1270 3392 lucenam

169 3453 306 3496 tutorem
323 3435 552 3498 Dioscurorum
566 3434 709 3496 videam:
732 3455 807 3496 num
818 3454 878 3518 per
889 3432 1017 3519 prtlcros
1030 3431 1135 3496 octtlos
1149 3431 1270 3517 turpis·

169 3536 247 3598 sime
264 3537 396 3622 Trqjum
420 3536 653 3622 cepitfibcem.
699 3533 810 3611 Qualia
834 3533 908 3598 mihi
931 3532 1059 3620 quidem
1080 3532 1154 3597 satis
1176 3533 1273 3597 mani-

171 3636 285 3701 festum
301 3637 426 3703 videtur
439 3639 481 3703 ab
496 3636 653 3724 Euripide
675 3658 736 3700 uon
759 3636 896 3723 potuisse
915 3635 1015 3702 scribi.
1061 3636 1271 3715 Quamobrem

170 3737 228 3802 hos
250 3762 367 3818 versus,
394 3759 430 3806 ut
454 3740 613 3805 aliusnon
639 3760 756 3826 paucos
775 3739 806 3803 iu
830 3738 987 3825 prioribus
1013 3738 1147 3803 maxime
1165 3737 1274 3824 tragici

171 3839 296 3918 fabulis,
313 3841 354 3905 ab
367 3841 588 3930 interpolatore
605 3839 778 3926 adscriptos
794 3840 914 3927 judioo.
954 3841 1056 3907 Verba
1069 3845 1118 3906 διὰ
1133 3847 1276 3907 καλῶν-

172 3943 334 4025 εὒὼίμουα
355 3944 444 4010 citari
466 3945 507 4010 ab
523 3943 706 4011 Philemone
730 3945 811 4006 Lex.
828 3943 858 4008 8.
873 3965 948 4029 317.
970 3944 1131 4009 annotavit
1154 3945 1276 4012 Boisso-

171 4045 292 4111 nudius.

214 4168 287 4227 444.
305 4151 381 4230 αὔρα
398 4135 544 4236 Kiugius.
579 4151 654 4231 αὖρα
670 4150 775 4235 vulgo.

213 4250 598 4338 “fffflimlml
618 4267 711 4315 -.ὐ
730 4252 736 4338 Ι
753 4270 843 4316 ,ιυ-

214 4373 287 4436 451.
303 4351 322 4430 ἢ
338 4352 624 4437 Φθιάδος-πατέρα
646 4357 677 4420 in
697 4378 795 4418 unum
812 4377 934 4419 versum
951 4354 1181 4440 conjungenda,
1197 4371 1229 4419 et
1244 4355 1273 4418 iu

170 4453 368 4541 antistropho
383 4456 458 4538 463.
475 4454 532 4518 σὺν
548 4458 699 4537 Aspledon}
714 4483 746 4520 τε
762 4459 879 4538 κούραις
892 4455 1065 4538 Ἀρτέμιδός
1080 4482 1112 4519 τε
1127 4462 1205 4524 θεᾶς.

695 4582 716 4624 Ε
735 4578 751 4626 2
