2864 4914
524 299 594 362 AD
617 297 903 363 PHOENISSAS.
1203 293 1267 357 133

214 482 283 553 115.
299 468 467 534 λαϊνέοισιν
483 469 648 535 Seidlerus.
686 469 820 537 λαϊνέοις
831 467 914 534 libri.

212 591 282 637 120.
297 575 412 654 ἁγεῖται
425 572 557 650 codices,
572 573 629 637 nisi
645 573 731 661 quod
753 594 837 636 unus
858 572 975 636 alterve
988 573 1112 655 ἡγεῖται,
1129 581 1166 632 ut
1180 567 1266 654 apud

165 672 329 738 Julianum
346 673 461 761 legitur
477 677 556 739 Caes.
572 698 603 761 p.
620 695 683 762 313
702 677 740 740 C.
772 677 840 757 ἄγει
854 674 931 740 Ald.
975 675 1069 754 Quod
1092 672 1228 761 positum
1247 692 1267 733 s

165 792 338 841 correctore
352 791 399 842 est
414 778 469 864 qui
485 778 638 843 senarium
655 779 749 843 vellet
765 777 885 843 efficere
906 780 1128 860 τίς-στρατοῦ,
1143 775 1199 862 qui
1221 773 1266 837 le-

164 877 252 964 gitur
266 879 296 941 in
313 878 390 944 Ald.

212 999 282 1045 121.
298 982 450 1063 βραχίονα
463 980 554 1046 codd.
570 980 721 1068 plerique.
751 984 893 1066 βραχίονι
910 983 987 1047 Ald.

212 1099 282 1163 124.
299 1085 429 1162 αὕὰησον
445 1083 602 1150 Matthiae.
631 1086 763 1148 αὔδασον
777 1083 859 1149 libri.

212 1201 280 1268 129.
307 1183 493 1272 ἀστερωπὸς]
529 1185 735 1250 Scribendum
759 1186 924 1269 ἁστρωπὰς,
951 1209 1023 1273 quae
1048 1184 1149 1249 forma
1174 1182 1268 1247 etiam

163 1284 240 1350 alibi
260 1285 345 1373 epod
369 1285 556 1373 Euripidem
576 1288 741 1354 obliterata
767 1289 807 1353 ab
830 1288 963 1354 librariis
985 1301 1041 1354 est.
1088 1289 1129 1352 In
1148 1286 1269 1372 aliquot

163 1388 256 1452 codd.
273 1403 305 1452 et
319 1387 398 1452 Ald.
414 1401 461 1452 est
476 1390 649 1472 ἁστεροτός.
689 1391 850 1457 Trimetro
870 1405 944 1457 ante
965 1389 1146 1455 dochmium
1169 1388 1269 1453 utitur

165 1491 330 1578 Antigona
344 1490 457 1554 iterum
473 1513 502 1554 v.
519 1492 590 1571 148.

208 1594 289 1678 οὐχὶ]
308 1595 343 1658 οὐ
357 1593 459 1658 codex
476 1593 594 1682 Kingii.

212 1715 284 1781 130.
299 1697 426 1782 ἁμερίῳ]
444 1699 572 1779 ἁμερίων
587 1696 653 1761 duo
667 1697 760 1762 codd.

212 1818 284 1884 131.
298 1799 392 1884 τόνδ’]
412 1800 618 1864 Scribendum
634 1801 688 1865 τὸν
704 1800 728 1865 δ’
745 1823 816 1865 cum
832 1802 983 1864 Porsono.

212 1919 283 1988 132.
297 1902 434 1986 λοχαγὸν
448 1925 509 1967 0111.
524 1902 616 1968 codd.
632 1902 735 1968 multi.

211 2024 285 2090 134.
296 2003 376 2086 Ἀρη
390 2003 483 2070 codd.
500 2004 603 2069 multi.
640 2005 745 2093 Vulgo
756 2004 863 2088 Ἀρην.

211 2110 284 2193 136.
308 2107 515 2172 Scribendum
533 2130 598 2172 uno
613 2131 703 2172 versu
724 2122 760 2172 ut
781 2108 813 2172 in
829 2108 907 2172 Ald.
924 2104 1268 2189 αὐτοκασιγνήτας-κν-

163 2217 220 2293 ρεῖ.
257 2211 375 2273 Versus
389 2225 436 2274 est
450 2208 652 2274 dochmiscus
666 2209 707 2274 ab
721 2209 847 2298 dactylo
861 2209 1021 2298 incipieus.

212 2312 285 2398 138.
308 2311 480 2400 ἀλλόχρως]
505 2311 673 2396 ἀλλόχροος
693 2312 784 2379 codd.
800 2312 942 2400 quidam,
959 2335 1032 2399 quae
1053 2311 1154 2375 forma
1168 2323 1271 2375 exstat

164 2414 197 2478 in
212 2428 372 2502 snspaesto
388 2413 521 2502 Hippol.
537 2418 608 2497 176.

213 2519 282 2597 146.
308 2516 513 2582 Scribendum
530 2540 594 2582 uno
609 2541 700 2582 versu
716 2531 753 2582 ut
770 2517 801 2581 in
818 2516 895 2581 Ald.
912 2514 1269 2600 καταβόστρυχος-νεα.

167 2619 243 2686 νίας.
278 2623 396 2687 νεανίας
410 2632 457 2684 est
471 2619 681 2707 trisyllabum.
713 2620 846 2707 Signum
861 2634 965 2685 autem
981 2617 1194 2706 interrogandi
1208 2641 1270 2683 non

165 2736 239 2808 post
262 2725 391 2796 νεανίας,
415 2722 470 2786 sed
492 2737 563 2809 post
587 2722 721 2807 λοχαγός
745 2722 936 2811 ponendum.
973 2719 1108 2806 λοχαγός
1130 2721 1163 2786 in
1185 2720 1271 2786 libris

166 2822 343 2911 paedagogo
358 2824 525 2889 tribuitur:
550 2824 637 2911 quod
652 2825 787 2889 correxit
803 2827 1017 2890 Hermennus.

212 2945 284 3012 152.
300 2926 439 2991 ὀλέσειεν
452 2927 554 2992 versui
569 2927 714 3015 proximo
728 2927 817 2992 addit
832 2927 910 2992 Ald.

213 3042 287 3115 153.
303 3031 420 3094 Versus
434 3052 473 3094 ex
490 3052 600 3117 paeone
615 3045 729 3116 quarto
743 3044 773 3094 et
789 3028 935 3094 dochmio
948 3027 1146 3115 compositus

213 3150 284 3217 155.
301 3130 318 3195 ἁ
333 3132 465 3196 codices.
488 3130 604 3218 prud.

213 3237 285 3320 156.
307 3241 364 3299 τοῦ
379 3234 470 3300 codd.
486 3235 622 3324 plurimi.
656 3239 714 3300 τοῦ
729 3239 786 3299 τοῦ
800 3234 877 3298 Ald.
924 3236 996 3297 Hoc
1011 3233 1067 3317 qui
1089 3231 1195 3319 posuit
1208 3231 1269 3310 vel,

165 3338 252 3424 quod
268 3351 315 3402 est
328 3337 361 3402 in
375 3340 416 3419 B,
430 3345 485 3403 ποῖ
504 3347 565 3414 τοῖ,
582 3338 757 3403 trimetrum
776 3335 894 3402 efficere
916 3335 1015 3401 voluit
1038 3341 1095 3398 ποῦ
1116 3339 1272 3416 τοῦ-μα-

166 3439 258 3522 τέρος.
290 3440 416 3523 ματέρος
431 3442 462 3505 in
478 3442 589 3524 ματρὸς
610 3455 694 3506 recte
716 3440 850 3506 mutavit
870 3442 1082 3504 Hermunnus.
1129 3437 1271 3503 Scriben-

165 3542 243 3605 dum
259 3556 363 3607 autem
381 3566 444 3609 uno
460 3568 551 3609 versu
567 3545 766 3628 ποῦ-μοίρᾳ.

213 3647 284 3711 162.
301 3647 487 3727 ἐξῃκασμένα
501 3671 540 3711 ex
557 3670 620 3712 uno
634 3644 741 3710 codice
755 3643 926 3731 repositum
942 3666 1000 3730 pro
1016 3642 1221 3722 ἑξεικασμένα.

214 3751 283 3834 163.
300 3750 515 3829 ἀνεμώκεος-
533 3749 538 3836 Ι
559 3750 780 3829 ἔξανύσαιμι-
798 3746 803 3833 Ι
823 3745 1071 3828 ἁμογενέτορα-
1090 3743 1095 3831 Ι
1115 3744 1228 3829 δέρρ-
1246 3743 1251 3830 Ι

166 3853 206 3919 ὦς
220 3853 477 3935 ὅπλοισι-γέρον
492 3852 569 3917 Ald.

214 3956 285 4018 166.
303 3954 510 4018 Scribendum
528 3977 592 4019 uno
607 3975 698 4016 versu
715 3951 877 4037 δέρᾳ-ὧς.

214 4058 283 4141 169.
300 4058 400 4142 ἁλίου]
420 4057 622 4121 Scribebatur
638 4055 751 4119 ἀελίου.
792 4055 974 4117 Correctum
991 4075 1029 4115 ex
1047 4051 1133 4116 Flor.
1150 4073 1223 4131 uno,
1238 4051 1270 4114 in

165 4159 232 4223 duo
246 4160 342 4238 ἡλίου.

214 4277 284 4342 170.
309 4264 460 4342 ἐμπλῆσαι
482 4261 573 4326 codd.
598 4257 749 4347 plerique.
795 4257 904 4338 Pauci,
925 4258 1005 4321 inter
1027 4280 1106 4344 quos
1131 4258 1177 4336 H,
1197 4277 1269 4319 cum

166 4361 247 4426 Ald.
264 4365 422 4443 ἐκπλῆσαι.

215 4482 286 4549 171.
308 4467 353 4534 τίς
375 4471 457 4547 κυρεῖ
473 4478 555 4530 recte
577 4463 676 4528 codex
701 4487 791 4527 unus.
830 4461 934 4527 Ceteri
950 4460 997 4525 vel
1014 4463 1056 4528 τίς
1070 4459 1163 4525 πόθεν
1179 4467 1270 4542 κυρεῖ,

692 4586 745 4650 Κ3
