2864 4914
189 278 254 340 224
552 277 931 342 ANNOTATIONES

188 454 331 532 γυναῖκας
346 450 389 514 είς
403 453 466 528 φῶς
479 448 565 527 ἡλίου
582 446 763 534 κατφκισας;
784 447 790 536 Ι
810 451 836 512 εί
850 452 908 531 γὰρ
929 450 1069 529 βρότειον
1083 446 1190 525 ἤθελες
1204 453 1289 511 σπεῖ-

187 574 238 632 ραι
251 549 351 632 γένος,
371 548 376 636 Ι
395 551 449 614 οὐκ
465 553 496 614 ἐκ
510 555 658 634 γυναικῶν
670 555 748 634 χρῆν
767 550 979 634 παρασχέσθαι
998 552 1075 622 τοδε,
1097 547 1102 635 Ι
1121 547 1191 611 ἀλλ’
1207 550 1289 612 ἄντι-

189 650 295 719 θέντας
316 657 418 716 σοῖσιν
441 654 474 716 έν
497 660 580 720 ναοῖς
600 653 727 734 βροτοὺς
745 651 750 739 Ι
769 651 787 733 ἢ
809 653 934 736 χαλκὸν,
949 650 968 731 ἢ
983 654 1115 733 σίδηρον,
1138 648 1157 729 ἢ
1178 657 1293 733 χρυσοῦ

188 754 293 837 βθρος,
314 752 320 841 Ι
338 756 451 819 παίδων
471 757 613 838 πρίασθαι
631 755 749 838 σπέρμα
770 762 823 819 τοῦ
844 754 1002 835 τιμήματος
1020 753 1025 840 Ι
1044 757 1095 832 τῆς
1118 755 1200 832 ἀξίας
1223 753 1290 816 ἔκα-

190 880 275 922 στον·
302 859 336 921 έν
351 859 383 921 δὲ
399 859 514 937 δώμασι
533 857 538 940 Ι
559 861 653 922 ναίειν
668 858 862 940 ἐλευθέροισι,
879 862 1005 938 θηλειῶν
1020 859 1100 939 ἄτερ.
1119 856 1234 919 ELM.

232 976 307 1046 575.
330 958 360 1045 χ’
376 963 467 1028 οὕτως
488 960 559 1024 libri
582 960 704 1047 optimi.
742 960 809 1024 Alii
823 960 953 1047 quidum
972 963 1062 1028 οὕτως
1083 958 1118 1023 δ’.
1158 960 1197 1022 In
1214 957 1293 1022 Ald.

189 1065 264 1128 οὕτω
279 1061 314 1126 δ’.

232 1181 306 1250 577.
324 1166 380 1246 ὲρῶ
395 1164 485 1229 codd.
501 1164 652 1252 plen'que.
691 1166 790 1231 Pauci
804 1166 886 1250 λέγω
900 1190 971 1232 cum
988 1166 1064 1232 Ald.

231 1283 306 1353 579.
322 1274 449 1334 πολλοῖς
463 1267 604 1351 διάφορός
620 1272 678 1351 είμι
692 1268 810 1334 dictum
828 1286 861 1334 ut
877 1269 1071 1352 διαφέρεσθαι
1086 1270 1154 1347 τινὶ,
1170 1269 1290 1333 dissen-

191 1372 252 1435 tire
266 1371 306 1434 αδ
320 1370 435 1458 aliquo,
453 1385 488 1434 ut
503 1369 588 1457 apud
605 1371 835 1460 Antiphontem
851 1373 891 1436 de
907 1372 1027 1437 Herod.
1041 1372 1119 1438 caed.
1131 1395 1163 1460 p.
1176 1391 1250 1457 725,
1263 1392 1292 1455 9.

190 1480 252 1542 τοῖς
274 1474 323 1537 ἐπὶ
337 1477 389 1536 τοῦ
403 1477 512 1556 τροχοῦ
526 1473 908 1557 λεγομένοις-διεφέρετο,
924 1488 954 1539 et
978 1498 1008 1562 p.
1025 1490 1100 1561 729,
1118 1496 1165 1540 11.
1185 1478 1214 1539 οῖ
1228 1476 1295 1542 τοὺς

191 1577 296 1644 αι’ποδς
318 1577 365 1641 ἀεὶ
386 1577 454 1658 περὶ
476 1584 533 1641 τῶν
556 1577 651 1642 αὐτῶν
674 1580 783 1660 λόγους
804 1578 947 1660 λέγοντες
965 1581 1138 1662 πιστότεροί
1157 1581 1216 1643 εῖσι
1235 1585 1293 1643 τῶν

191 1678 416 1762 διαφερομένων
431 1682 541 1760 σφίσιν
557 1681 663 1747 αὐτοῖς.
688 1682 879 1746 ΜΑΤΤΗ.

234 1784 307 1867 584.
324 1783 363 1850 us
378 1782 533 1848 Matthiae.
573 1784 797 1850 Revocandum
814 1787 862 1853 ὥς.

234 1886 309 1969 585.
335 1885 460 1969 ἐκτενεῖ]
488 1885 677 1971 Metapbora
699 1902 746 1952 est
770 1911 790 1952 a
813 1889 959 1976 pulaestra
981 1888 1086 1968 ducta,
1111 1905 1146 1953 ut
1170 1889 1294 1972 ἔχεσθαι

191 1985 285 2068 μέσος
299 1985 439 2072 aliaeque.
456 1988 570 2051 ELM.
602 1991 717 2055 έκτενεῖ
728 1991 848 2077 aliquot
862 1991 953 2055 codd.
965 2007 996 2055 et
1011 1990 1161 2055 Eustath.
1176 2013 1208 2077 p.
1220 1992 1294 2072 672,

193 2090 246 2153 60.
287 2087 432 2152 Aliorum
457 2087 605 2154 librorum
629 2094 814 2179 corruptelae
835 2107 909 2157 sunt
932 2099 1037 2167 κτενεῖ,
1059 2095 1112 2157 οὖν
1135 2099 1240 2167 κτενεῖ,
1257 2092 1295 2156 ἂν

193 2217 299 2256 κτενει.

236 2295 312 2380 587.
335 2321 386 2375 μοι
400 2293 465 2382 τῷδ’
480 2296 634 2378 ὑπηρέτεις
655 2299 736 2384 λόγῳ
757 2298 833 2364 Ald.
849 2298 917 2363 rell.
933 2301 1029 2363 Rom.
1046 2301 1084 2364 C.
1102 2297 1204 2362 Florr.
1223 2312 1292 2361 tres.

194 2398 244 2462 σοὶ
266 2420 325 2484 pro
345 2424 395 2478 μοι
417 2400 510 2462 Rom.
527 2401 570 2462 D.
596 2401 635 2465 σὺ
655 2399 721 2486 τῷδ’
736 2403 822 2484 ὑπηρ.
838 2409 868 2464 λ.
887 2401 973 2466 Flor.
990 2403 1032 2465 A.
1050 2403 1123 2465 Par.
1142 2403 1183 2466 A.
1200 2403 1294 2465 Rom.

195 2501 280 2565 A.B.
319 2501 359 2563 In
384 2503 489 2564 Havn.
513 2501 604 2564 etiam
628 2502 714 2567 deest
735 2530 796 2582 μοι,
812 2518 843 2568 et
861 2527 903 2567 m.
919 2528 977 2569 sec.
994 2527 1091 2592 supra
1112 2504 1232 2592 scu'psit
1248 2507 1294 2568 σθ.

194 2605 258 2689 τῷδ’
276 2601 460 2684 ἔξυπηρέτεις
475 2604 557 2689 λόγῳ
575 2604 664 2669 Lasc.
683 2606 781 2672 Paris.
798 2607 835 2671 B.
853 2609 895 2671 D.
913 2610 1006 2671 Rom.
1023 2609 1067 2672 Ε.
1094 2607 1222 2694 Duplex
1239 2608 1293 2671 da-

195 2707 279 2773 tivus
299 2733 349 2786 μοι
372 2710 446 2791 τῷδε
468 2711 550 2793 λόγῳ
572 2709 735 2774 offendisse
750 2710 874 2775 videtur
890 2710 1040 2789 librarios,
1058 2727 1092 2775 ut
1106 2738 1157 2791 μοι
1171 2711 1295 2775 omitte-

194 2826 275 2888 rent,
291 2823 357 2872 tum
373 2808 598 2875 claudicantem
615 2834 737 2877 versum
759 2814 906 2878 sarcirent
927 2813 979 2878 alii
994 2815 1044 2878 σοὶ
1058 2813 1230 2892 scribendo,
1245 2813 1295 2878 alii

196 2923 246 3000 σὺ,
261 2920 313 2985 aJii
337 2918 530 3001 ἐξυπηρέτεις.
579 2913 629 2978 sie
651 2932 755 2980 autem
781 2917 876 3003 Soph.
897 2916 980 2981 Phil.
998 2933 1058 2999 747
1076 2940 1121 3003 sq.
1137 2920 1297 3001 πρόχειρον

198 3031 227 3092 εί
247 3028 277 3091 τί
297 3050 356 3099 σοι,
372 3023 486 3096 τέκνον,
502 3021 584 3102 πάρα
597 3022 683 3101 ξίφος
697 3025 810 3102 χεροῖν.
844 3021 923 3083 Eur.
942 3019 1015 3083 Hel.
1032 3021 1083 3084 82.
1099 3021 1250 3101 σύγγνωθι
1272 3019 1295 3084 δ’

196 3133 266 3212 ἡμῖν
280 3136 341 3197 τοῖς
355 3125 558 3208 λελεγμένοις,
574 3125 670 3206 γύναι.
695 3123 884 3185 ΜΑΤΤΗ.

240 3252 316 3321 594·
342 3229 499 3313 βασιλέων
523 3225 703 3292 Elmsleius.
741 3224 923 3309 Legebatur
945 3224 1098 3304 βασιλέως
1123 3224 1207 3311 quod
1236 3247 1296 3288 non

196 3338 279 3425 regis
293 3336 375 3414 filioe,
391 3331 444 3398 sed
460 3330 542 3419 regis
556 3329 653 3417 ipsius
668 3342 770 3392 torum
786 3326 981 3415 significaret.

240 3455 317 3524 597.
332 3436 442 3523 φιῖσαι]
459 3439 551 3518 φῦναι
567 3431 643 3496 Ald.

241 3545 316 3606 600.
333 3541 481 3620 μετεύξει]
500 3535 636 3615 μέτευξαι
650 3530 828 3596 Elmsleius.
868 3534 947 3609 Quae
965 3532 1143 3618 conjectura
1160 3530 1299 3595 hocloco

198 3645 301 3709 minus
323 3658 354 3707 et
377 3639 546 3705 necessaria
568 3653 599 3702 et
624 3633 793 3723 probabilis
814 3650 860 3698 est
883 3657 977 3720 quam
1003 3633 1130 3699 Cauteri
1153 3636 1183 3698 in
1210 3634 1299 3721 Cycl.

203 3768 274 3834 131.
297 3743 373 3809 οἶσθ’
397 3745 450 3807 οὖν
472 3741 489 3805 δ
513 3740 643 3821 δράσεις,
668 3740 707 3806 ὡς
729 3739 898 3818 θπαίρωμεν
922 3739 1049 3820 χθονόςς
1081 3736 1298 3824 imperativum

199 3846 389 3915 restituentis
405 3850 526 3925 δρᾶσον.

244 3957 316 4032 604.
341 3948 517 4032 φευξοῦμαι]
544 3943 749 4008 Scribendum
774 3941 920 4025 φεύξομαι
938 3966 976 4005 ex
1000 3943 1086 4007 Flur.
1108 3959 1155 4027 15.
1173 3943 1301 4029 pariter-

199 4079 262 4143 que
277 4057 424 4137 φεύξεσθε
440 4048 667 4112 restituendum
691 4069 748 4134 pro
763 4050 923 4128 φευξεῖσθε
939 4045 1053 4109 Bacch.
1071 4047 1144 4129 798.
1185 4047 1301 4109 Forma

199 4160 298 4226 futuri
318 4159 348 4220 in
366 4161 453 4234 οὒμαι
475 4166 582 4239 poetas
597 4151 722 4214 Atticos
742 4171 803 4211 non
830 4148 873 4212 uti
895 4147 951 4210 nisi
975 4166 1073 4212 metro
1088 4163 1219 4234 cogente
1238 4171 1302 4210 mo-

199 4264 253 4329 nui
268 4262 307 4327 ad
326 4257 488 4344 Aristoph.
506 4255 588 4318 Ach.
607 4272 679 4337 203.

243 4367 317 4432 606.
341 4364 372 4426 τί
386 4366 504 4442 δρῶσα;
528 4363 591 4438 μῶν
605 4360 753 4438 γαμοῦσα,
770 4356 818 4417 καὶ
832 4354 984 4437 προδοΰσθ
999 4382 1036 4420 σε
1047 4356 1071 4439 ;]
1091 4353 1193 4419 Schol.
1211 4381 1300 4434 σεση-

199 4473 321 4554 μείωται
334 4466 369 4532 τδ
383 4468 529 4548 γαμοΰσα
553 4459 636 4524 θέλει
651 4461 683 4524 δὲ
699 4461 803 4530 εἰπεῖν,
815 4459 873 4539 ἄρα
884 4463 1017 4523 τοιοῦτον
1028 4459 1118 4540 ἔργον
1127 4457 1281 4538 ποιήσασα
1292 4486 1300 4531 ;
