2864 4914
492 305 559 373 AD
583 302 924 375 HIPPOLYTUM.
1193 309 1257 374 808

156 493 261 543 nutem
277 481 373 545 verba
387 484 495 564 ἀρίστα
517 482 542 547 θ’
559 486 674 552 ὁπόσας
690 485 786 567 έφορᾷ
805 499 840 548 ut
863 481 1056 571 probabilem
1079 482 1170 546 metri
1191 482 1258 546 sor·

156 604 238 646 mam
255 585 482 662 nanciscantur,
498 589 613 654 ὁπόσας
627 587 657 650 in
674 590 748 655 ὅσας
763 585 948 651 mutandum
966 585 1102 650 videtur.

200 686 273 772 851.
289 689 473 773 ἀστερωπὸς]
493 689 700 754 Scribendum
716 691 881 771 ἀσπριοπός.
920 690 1024 767 Quam
1036 688 1171 753 'formam
1187 687 1258 753 libri

156 805 319 854 servarunt
334 790 365 854 in
381 792 479 856 Herc.
493 791 518 855 f.
534 794 608 872 406.

201 895 274 978 852.
291 893 397 979 τάλας]
417 896 450 958 ld
465 893 559 962 τάλας
573 894 596 959 ιδ
610 894 705 964 τάλας
716 896 793 961 Ald.
818 894 842 959 ὦ
857 893 959 969 τάλας,
975 893 999 958 ὦ
1013 892 1107 962 τόλας
1122 893 1170 959 bis
1184 897 1258 960 Par.

157 998 200 1060 A.
217 996 304 1060 Flor.
324 1016 373 1060 10.
389 997 476 1083 quod
493 999 585 1061 etiarn
601 1022 618 1062 e
634 999 719 1063 Flor.
730 1000 774 1062 A.
789 1012 951 1064 enotatum
966 997 997 1062 in
1013 1021 1121 1085 apogr.
1135 998 1257 1063 Hamb.

156 1096 180 1161 ὦ
202 1098 296 1167 τάλας
318 1101 351 1162 tu
373 1097 466 1166 τάλας
490 1099 575 1165 Flor.
594 1120 622 1166 2.
638 1101 731 1166 Lasc.
755 1100 948 1166 MATTH.
995 1100 1200 1166 scribendum
1225 1103 1259 1165 ίδ

156 1199 250 1268 τόλας
271 1204 345 1266 ὅσον
364 1202 455 1266 κακὸν
478 1203 543 1286 ἔχει
564 1204 662 1284 δόμος.
708 1204 772 1283 Qui
787 1227 895 1269 versus
915 1224 955 1269 ex
979 1203 1113 1290 tripodia
1128 1204 1259 1269 iambica

156 1319 188 1368 et
203 1304 349 1369 dochmio
364 1319 410 1369 est
424 1305 627 1392 compositus,
644 1321 680 1370 ut
693 1330 725 1370 v.
742 1307 816 1370 866.

200 1408 218 1471 8
219 1424 273 1492 53.
288 1410 383 1472 Unus
397 1430 506 1472 versus
519 1407 771 1494 δάκρυσι-τύχη.

200 1511 274 1595 855.
289 1509 398 1598 πόλοι]
417 1511 502 1574 Flor.
518 1513 563 1574 A.
580 1514 655 1576 Par.
672 1514 717 1575 A.
738 1511 818 1577 τόδε.
843 1514 950 1577 Havn.
966 1510 1067 1576 πόλιν.
1108 1513 1147 1575 In
1171 1508 1258 1575 Flor.

158 1629 186 1676 2.
204 1612 291 1676 deest
304 1611 399 1678 πάλαι
414 1637 431 1678 e
446 1613 552 1694 litura,
568 1613 661 1679 ctiam
677 1613 708 1678 in
725 1614 817 1679 Lasc.
841 1613 1034 1679 MATTH.

200 1715 273 1800 857.
292 1716 470 1780 Delendum
487 1709 699 1803 interrogandi
715 1716 839 1804 siguum
859 1730 929 1805 post
948 1716 1096 1799 ἠρτημένη
1111 1716 1259 1804 positum.

157 1813 234 1883 Post
249 1819 332 1884 θέλει
346 1817 555 1907 negligentius
569 1820 713 1885 additum
727 1846 756 1884 τι
771 1825 900 1901 σημῆναι
922 1819 1003 1899 νέον,
1018 1819 1143 1885 duabus
1163 1821 1259 1885 inter-

156 1921 370 2007 rogationibus
384 1926 430 2009 (τί
439 1923 474 2003 δή
486 1922 551 1988 ποθΙ
564 1925 617 2004 ἥδε
631 1923 882 1997 δέλτος-θέλεις
897 1930 961 2004 μῶν
972 1949 1000 1987 τι
1011 1927 1140 2004 σημῆναι
1152 1922 1223 1989 νέον
1233 1924 1258 2004 η)

156 2025 187 2086 in
205 2047 297 2089 unam
312 2024 459 2089 confusis.

200 2134 328 2209 σημῆναι
344 2132 417 2194 Par.
435 2134 477 2194 A.
495 2128 581 2193 Flor.
602 2150 651 2194 10.
671 2147 720 2213 15.
746 2125 851 2214 Vulgo
865 2133 1005 2208 σημᾶναι.

200 2232 273 2296 860.
289 2236 339 2309 τά]
357 2237 409 2296 τοῦ
425 2234 470 2296 Η.

200 2336 274 2401 862.
297 2335 450 2419 σφενδόνη
472 2336 634 2401 dicebatur
651 2336 732 2424 palo
754 2336 879 2414 annuli,
895 2335 954 2400 i.c.
977 2334 1112 2399 circulus
1134 2334 1185 2400 ille
1203 2358 1259 2400 au-

156 2460 228 2501 reus
256 2438 286 2501 in
313 2461 379 2525 quo
405 2445 537 2522 σφραγὶς
565 2439 629 2504 sive
658 2438 765 2503 annuli
791 2451 915 2526 gemma
943 2437 1126 2503 includitur.
1173 2438 1259 2503 Hinc

155 2540 253 2628 ipsam
280 2564 435 2627 gemmam
457 2541 622 2629 significat,
640 2559 671 2607 et
694 2545 779 2607 τόποι
801 2543 970 2625 σφενδόνης
995 2540 1077 2605 idem
1103 2563 1139 2605 ac
1163 2550 1261 2623 σφρα-

156 2649 239 2726 γῖδος
254 2651 371 2723 σημεῖα.
418 2643 570 2709 Conferas
592 2644 755 2709 Platonem
773 2641 912 2732 Republ.
929 2662 958 2709 2.
979 2668 1012 2731 p.
1026 2664 1046 2729 3
1048 2662 1091 2729 59
1106 2646 1149 2708 E.
1169 2643 1258 2724 καθη-

154 2772 248 2824 μενον
266 2746 320 2809 οὖν
338 2748 414 2826 μετὰ
433 2751 492 2810 τῶν
516 2748 628 2821 ἄλλων,
650 2753 752 2831 πιχεῖν
769 2747 824 2826 τὴν
835 2749 1007 2832 σφενδόνην
1028 2751 1080 2811 τοῦ
1102 2750 1259 2814 δακτυλίου

155 2852 377 2932 περιαγαγόντα
405 2849 479 2932 πρὸς
505 2849 611 2914 ἑαυτὸν
634 2853 677 2917 είς
706 2850 739 2914 πδ
769 2853 840 2915 εἵσω
869 2855 921 2931 τῆς
949 2851 1059 2933 χειρός.
1090 2852 1196 2915 τούτου
1225 2851 1259 2914 dl

156 2953 329 3034 γενομένου,
360 2955 462 3035 ἀφανῆ
491 2953 581 3018 αὐτὸν
609 2952 753 3036 γενέσθαι
785 2958 847 3020 τοῖς
883 2951 1148 3034 παρακαθημένοις.
1185 2975 1259 3039 quoe

155 3054 378 3143 interpretatus
401 3072 447 3120 est
472 3055 581 3120 Cicero
602 3056 642 3120 de
663 3055 753 3120 Offic.
776 3076 807 3142 3.
832 3076 861 3139 9.
885 3056 943 3132 τ’ἀό,
966 3077 1036 3118 cum
1059 3055 1168 3141 palum
1189 3074 1259 3141 ςρτια

155 3161 269 3223 annuli
292 3159 335 3222 ad
350 3159 493 3245 ραόπιατα
515 3168 723 3236 converterat,
746 3180 768 3221 α
791 3157 879 3221 nullo
903 3157 1080 3234 videbatur,
1104 3159 1173 3243 ipae
1198 3179 1257 3221 aa»

156 3273 215 3326 tem
237 3264 344 3327 omnio
367 3262 502 3326 videdat.
542 3263 616 3326 Hoc
636 3261 757 3325 monuit
779 3262 826 3325 H.
840 3260 1018 3346 Stephanus
1036 3257 1068 3322 in
1086 3258 1182 3323 Thes.
1198 3259 1258 3325 Gr.

158 3365 251 3452 Ling.
288 3379 319 3429 et
350 3376 421 3452 post
446 3385 518 3428 eum
545 3359 786 3428 Valckeuaerius.
833 3361 976 3450 Hesych.
1012 3363 1175 3444 σφενδόνη·
1207 3366 1260 3426 τοῦ

157 3470 314 3532 δακτυλίου
336 3467 369 3530 τὸ
393 3464 559 3548 περιφερές·
582 3463 601 3544 ἢ
624 3467 765 3547 σφραγίς.
812 3463 931 3528 Similia
945 3462 1061 3528 habent
1079 3464 1191 3551 Etym.
1208 3464 1258 3528 Μ.

156 3584 187 3635 et
203 3569 345 3634 Photius.
392 3567 526 3632 Videtur
540 3566 667 3654 quidem
690 3566 749 3632 iste
770 3565 905 3631 circulus
927 3566 1030 3631 dictus
1051 3565 1147 3631 fuisse
1165 3575 1260 3649 σφεν-

156 3676 237 3753 δόνη,
260 3672 335 3759 quia
359 3693 514 3759 gemmam
540 3692 639 3747 suam,
663 3682 699 3732 ut
722 3668 822 3733 funda
844 3667 992 3755 lapidem,
1016 3667 1180 3755 amplexus
1201 3683 1257 3734 cst.

156 3774 306 3839 MONK.

200 3878 273 3942 866.
290 3880 437 3963 έκδοχαῖς]
457 3879 491 3941 έν
505 3880 655 3958 διαδοχαῖς
671 3877 716 3940 Η.

200 3981 272 4063 867.
290 3979 506 4062 ἐπεισφέρει·
525 3978 530 4066 l
550 3980 721 4057 ἀβίοτος-
739 3975 744 4063 Ι
764 3976 933 4058 εἵη-λέγω
948 3973 1027 4039 Ald.

200 4083 335 4164 ἐπιφέρει
351 4083 425 4145 Par.
441 4083 484 4145 A.
501 4079 588 4145 Flor.
605 4082 650 4143 A.
670 4099 719 4144 10.
742 4080 848 4167 Vulgo
865 4077 1048 4160 ἐπεισφέρει.
1232 4146 1239 4157 ,

199 4187 290 4250 κακόν
306 4187 354 4262 Η,
367 4183 453 4249 Flor.
466 4197 528 4248 tres
542 4196 574 4248 at
587 4204 670 4246 unus
683 4180 824 4270 altorque
835 4181 934 4247 codex
950 4176 1138 4266 Musgravii.
1162 4182 1259 4241 κακῶν

157 4287 249 4352 Lasc.
265 4287 343 4352 Ald.

200 4393 322 4472 όβίοτος
344 4389 512 4455 Seidlerus.
558 4385 760 4454 scribebatur
774 4387 912 4467 ἀβίωτος.
958 4386 999 4449 111
1022 4384 1068 4450 H.
1084 4384 1259 4463 ἀβίοτον-

156 4495 260 4576 τύχαν.
