2864 4914
560 259 628 325 AD
653 261 879 326 MEDEAM.
1210 262 1274 326 ala

211 448 285 515 392.
302 432 361 516 κεί]
379 432 434 496 κᾶν
450 445 511 496 tres
524 432 655 499 codices.

213 552 290 618 394.
302 536 337 598 οὐ
351 537 580 618 γὰρ-ἀλγυνεῖ
592 536 677 623 κέαρ]
695 538 777 602 Haec
789 541 922 622 παρῳόεῖ
934 533 1068 621 Eupolis
1080 533 1167 622 apud
1184 534 1272 601 Lon-

169 635 279 723 ginum
296 662 322 702 c.
341 641 391 704 26.
408 639 443 703 οὐ
458 643 524 722 γὰρ,
540 644 582 720 μὰ
596 640 649 719 τὴν
665 646 829 723 Μαραθῶνι
845 640 899 721 τὴν
918 639 992 720 ἐμὴν
1004 638 1115 722 μόχην,
1135 636 1141 726 Ι
1160 641 1273 722 χαίρων

169 765 214 808 τις
228 741 324 805 αὐτῶν
338 743 447 823 τούμὸν
461 745 587 825 ἆλγννεῖ
608 743 688 827 κέαρ.
726 745 830 809 Verba
844 757 917 809 sunt
933 741 1099 821 Miltiadis,
1114 741 1146 805 ni
1169 740 1271 822 fallor,

169 841 200 905 in
216 843 324 909 fabula
340 845 462 926 Δήμοις,
475 845 515 910 de
525 869 590 933 qua
604 846 758 913 videndus
767 845 990 912 Valckenarius
1001 843 1136 910 Diatrib.
1152 867 1185 932 p.
1196 861 1271 931 252.

169 944 286 1010 ELM.

212 1050 290 1134 398.
306 1059 363 1131 σφι
379 1050 417 1112 Β.
457 1050 641 1138 Legebatur
655 1060 741 1133 σφιν,
758 1050 844 1139 quod
860 1049 1080 1115 revocandum.

214 1152 304 1239 σφιν]
323 1153 362 1215 In
380 1154 473 1217 Rom.
492 1155 536 1217 A.
552 1153 810 1242 suprascriptum
828 1180 861 1219 σι
875 1156 981 1219 λείπει.
1016 1151 1114 1218 Unde
1128 1158 1187 1234 σφι
1196 1148 1271 1224 olim

170 1254 283 1317 lectum
301 1253 435 1341 colligas.
461 1255 639 1321 Brunckius
653 1257 745 1322 etiam
759 1267 815 1341 σφι
829 1257 928 1322 edidit
943 1281 961 1322 e
975 1253 1175 1333 membranis,
1190 1277 1274 1318 com·

170 1372 280 1442 parato
297 1357 451 1444 Sophocle
467 1357 546 1422 OEd.
563 1361 603 1423 C.
616 1378 691 1438 421.
707 1358 795 1424 Ἀλλ’
811 1363 840 1425 οἱ
854 1362 920 1426 θεοί
932 1369 989 1442 σφι
1002 1358 1077 1440 μήτε
1090 1357 1144 1437 τὴν
1159 1381 1274 1439 πεπρω-

171 1458 265 1539 μένην
283 1459 289 1545 Ι
307 1462 395 1541 ὕβριν
425 1460 657 1541 κατασβέσειαν,
689 1463 723 1528 έν
752 1462 776 1527 τ’
804 1464 869 1543 ἐμοὶ
893 1463 981 1531 τέλος
1000 1461 1006 1551 Ι
1025 1464 1127 1527 αὐτοῖν
1156 1460 1275 1544 γένοιτο

171 1565 261 1640 τῆσδε
283 1568 334 1642 τῆς
355 1563 452 1648 μόχης
473 1563 552 1647 πέρι.
598 1565 682 1629 Mihi
699 1588 773 1631 vero
793 1565 962 1653 utrobique
984 1579 1132 1653 praestare
1149 1563 1276 1629 videtur

173 1672 258 1745 σφιν,
275 1665 362 1751 quod
377 1683 483 1731 nostro
498 1668 567 1731 loco
582 1667 732 1733 revocavi.
770 1669 851 1733 Vide
866 1666 1054 1756 AEschylum
1078 1669 1185 1733 Proin.
1202 1684 1276 1752 252.

171 1769 246 1851 456.
265 1770 352 1833 Pers.
370 1773 444 1852 761.
462 1771 537 1854 809.
558 1770 742 1857 Sophoclem
758 1771 840 1836 OEd.
857 1773 895 1836 C.
910 1791 984 1853 444.
996 1789 1074 1856 451.
1093 1791 1188 1856 1490.
1205 1768 1277 1857 (ubi

173 1878 248 1951 σφιν
269 1894 327 1957 pro
350 1871 498 1959 singulari
521 1875 550 1937 οἱ
572 1873 717 1960 usurpari
740 1889 867 1938 monent
889 1872 1099 1962 grammatici)
1121 1874 1177 1961 Aj.
1199 1891 1274 1960 570.

172 1975 226 2037 El.
251 1992 344 2056 1070.
391 1976 430 2040 In
456 1975 504 2039 his
520 1974 667 2040 omnibus
687 1984 763 2059 σφιν
785 1990 884 2040 metro
905 1975 1112 2041 necessarium
1136 1992 1195 2055 est,
1218 1983 1276 2059 σφι

171 2098 246 2141 vero
260 2100 425 2164 nusquam.
455 2080 597 2143 Metram
613 2077 740 2165 quidem
757 2078 928 2166 corrumpit
944 2086 1029 2162 σφιν,
1045 2077 1133 2166 quod
1147 2078 1276 2143 exhibet

172 2179 292 2244 Aldina
303 2180 389 2268 apud
403 2181 587 2270 Sophoclem
602 2180 717 2245 Trach.
726 2182 800 2245 880.
811 2180 948 2255 Τόλαιυ’,
959 2182 1092 2264 ὀλεθρία,
1106 2183 1164 2245 τίνι
1176 2182 1274 2266 τρόπῳ

173 2287 275 2346 θανεῖν
294 2293 369 2365 σφιν
383 2285 461 2366 φής;
487 2283 548 2349 Sed
569 2283 637 2370 ejus
659 2281 727 2346 loco
746 2306 810 2347 non
830 2291 887 2366 σφι
909 2283 962 2348 sed
982 2293 1044 2366 σφε
1066 2297 1275 2369 reposuerunt

171 2386 366 2450 recentiores.
411 2385 593 2450 Accusativi
623 2385 726 2449 locum
755 2384 903 2449 invasisse
934 2384 1059 2450 videtur
1083 2394 1160 2469 σφιν
1188 2385 1275 2474 apud

172 2487 361 2574 AEschylum
379 2488 485 2553 Theb.
502 2508 576 2574 933.
592 2488 647 2553 ubi
667 2488 822 2576 scriptura
834 2487 953 2552 incerta
967 2503 1024 2554 est.
1068 2489 1187 2554 Dativo
1201 2498 1277 2573 σφιν

172 2590 326 2655 rarissime
341 2591 442 2656 utitur
456 2591 638 2678 Euripides,
654 2613 756 2678 neque
771 2589 845 2656 alibi
860 2590 890 2655 in
906 2590 1036 2678 integris
1050 2589 1177 2669 fabulis,
1187 2590 1276 2678 quod

172 2693 277 2773 sciam,
292 2716 387 2780 quam
411 2692 461 2758 hic
483 2710 515 2758 et
531 2694 644 2782 Suppl.
662 2697 733 2778 769.
752 2697 852 2775 Οίμοι,
873 2697 958 2780 πόσῳ
976 2702 1053 2777 σφιν
1066 2692 1224 2774 ξυνθανεῖν
1238 2693 1277 2760 ἂν

172 2796 293 2875 ἥθελυυ.
319 2796 476 2883 Troginus
491 2796 578 2884 apud
594 2796 756 2860 Platonem
773 2795 813 2860 de
825 2798 909 2885 Rep.
923 2820 955 2885 p.
970 2817 1027 2861 111
1047 2798 1089 2863 E.
1105 2798 1187 2862 οὕτω
1200 2805 1277 2880 σφιν

173 2902 310 2980 ἐξίτηλον
324 2902 396 2980 αἷμα
411 2902 568 2980 δαιμόνων.
591 2900 706 2964 ELM.

216 3023 291 3087 399.
315 3002 491 3090 Distinguit
511 3002 592 3068 inter
617 3001 728 3085 γόμονς
746 3015 778 3067 et
805 3007 900 3083 κῆδος,
923 3017 959 3068 ut
982 3025 1078 3092 supra
1098 3026 1129 3067 v.
1147 3005 1224 3088 360,
1248 3023 1276 3068 1.

173 3105 254 3168 inter
277 3108 414 3188 νυμφίοις
435 3121 467 3170 et
486 3109 676 3186 κηδεύσασιν.
717 3110 758 3170 Οί
778 3107 973 3187 κηδεύσαντες
991 3119 1065 3169 sunt
1080 3107 1109 3169 ol
1127 3107 1276 3188 πενθεροὶ,

173 3210 276 3272 Creon
299 3208 422 3273 scilicet.
461 3210 662 3296 Quapropter
675 3206 763 3272 addit
779 3209 827 3272 καὶ
842 3210 941 3289 φυγὰς
962 3209 1034 3286 ἐμὰς
1051 3207 1171 3291 χθονὸς,
1186 3207 1278 3295 cujus

171 3310 295 3397 injuriae
309 3328 418 3375 auctor
433 3312 547 3376 Creon.
572 3310 687 3374 ELM.

214 3431 288 3493 402.
313 3414 375 3495 ἕρπ’
400 3416 443 3480 είς
464 3414 498 3476 τὸ
526 3410 639 3498 δεινόν]
669 3409 960 3498 Pseudogregorius
981 3433 1012 3475 v.
1034 3412 1110 3492 480.
1129 3414 1167 3476 τὰ
1184 3410 1277 3475 θεινό.

175 3515 291 3579 Melior
305 3531 351 3580 est
367 3515 502 3603 vulgata.
543 3516 658 3579 Noster
674 3515 756 3578 Hec.
770 3528 845 3598 515.
868 3518 930 3580 πῶς
953 3515 1004 3580 καί
1023 3539 1068 3579 κιν
1087 3509 1277 3595 έξεπρόξαπ’;

173 3617 218 3701 ἆρ’
241 3620 427 3697 αίδοόμενοις
450 3616 455 3705 Ι
474 3616 492 3696 ἢ
514 3617 587 3700 πρὸς
609 3617 642 3680 τὸ
668 3616 768 3682 δεινὸν
790 3614 905 3696 ἤλθεθ’,
927 3617 965 3685 ὣς
986 3618 1108 3699 ἔχθραν,
1131 3616 1234 3698 γέρον,
1253 3613 1261 3704 ]

175 3724 348 3788 κτείνοντες.
395 3720 445 3785 Sic
468 3721 560 3786 etiam
584 3721 695 3800 τόλμης
720 3717 744 3784 δ’
772 3719 832 3800 εἶμι
855 3718 929 3801 πρὸς
950 3718 985 3782 τὸ
1009 3717 1151 3800 κόρτερον
1172 3716 1280 3805 paullo

173 3844 245 3890 ante
260 3847 290 3887 v.
306 3825 381 3910 388.
398 3827 439 3892 είς
453 3824 487 3888 τὸ
502 3823 658 3904 μαλθακὸν
673 3823 909 3904 προσηγόμεσθα
925 3821 980 3886 Or.
997 3839 1070 3906 713.
1092 3822 1134 3887 εἷς
1155 3820 1188 3884 τὸ
1203 3824 1280 3901 θῆλυ

173 3929 353 4009 τρεπόμενος
369 3926 442 3991 Hel.
459 3945 534 4012 997.
559 3926 673 3991 ELM.

215 4050 291 4114 403.
313 4033 384 4112 ὁρᾶς
405 4032 424 4094 ἃ
445 4028 589 4116 πάσχεις]
612 4027 733 4093 Eadem
751 4025 847 4093 verba
864 4050 902 4092 ex
918 4024 1072 4113 Aristoph
1100 4024 1187 4090 Nub.
1203 4026 1277 4093 662.

174 4133 290 4198 indicat
305 4132 486 4199 Elnrsleius.
1267 4142 1269 4148 “

216 4240 326 4320 ὀφλεῖν
340 4235 520 4301 Elmsleius.
560 4233 762 4301 Scribebetur
776 4233 897 4315 ὅφλειν,

216 4359 290 4421 404.
310 4346 374 4405 τοῖς
389 4338 571 4420 Σισνφείοις,
588 4342 649 4405 τοῖς
663 4334 687 4399 τ’
703 4333 841 4403 Ἰάσονος
862 4333 983 4422 γάμοις]
1003 4329 1202 4420 Hesychius:
1226 4336 1277 4396 Σι-

174 4444 318 4526 συφείοις.
357 4444 533 4525 Κορινθίοις,
551 4445 660 4509 κακοῖς.
685 4438 744 4505 ἀπὸ
759 4439 896 4522 Σισύφου
910 4432 1074 4517 βασιλέως.
1099 4432 1216 4498 ELM.

745 4559 802 4622 1'4
