2864 4914
523 292 592 356 AD
615 291 866 358 HECUBAM.
1204 295 1248 364 59

186 461 261 527 662.
282 462 373 550 βοῆς]
398 462 567 527 Genitivus
589 463 709 551 regitur
730 486 750 528 ιι
770 463 907 529 τάλαινα.
955 464 1006 528 Sic
1021 487 1050 527 v.
1065 482 1139 530 211.
1155 469 1247 547 μᾶτερ

144 565 274 628 δύστανε
285 566 366 643 βίον.

186 666 258 750 665.
281 667 353 751 ὕπο]
370 669 443 749 ὕπερ
462 671 521 751 (γρ.
543 669 613 751 ὕπο)
635 670 742 755 Mosq.
765 691 856 733 unus.
878 671 952 751 άπερ
975 670 1020 733 Η.
1043 683 1075 734 et
1096 685 1248 756 quattuor

142 767 204 832 alii.
236 769 341 833 Ceteri
356 792 429 834 cum
445 769 523 835 Ald.
541 772 611 849 άπο,
627 770 715 858 quod
728 770 760 834 in
778 773 825 835 H.
840 770 1005 859 adscripsit
1018 794 1131 837 manus
1144 795 1249 838 receu-

143 869 213 934 tior.
260 872 353 936 Conf.
368 872 410 936 sd
426 896 454 935 v.
469 892 523 957 53.

187 975 260 1038 666.
277 976 322 1058 ές]
341 978 383 1042 εἰς
397 974 475 1039 Ald.

185 1079 218 1140 tt
233 1079 348 1164 καιρὸν]
368 1079 470 1160 καιρὸν
485 1082 518 1143 δὲ
533 1078 640 1143 decem
656 1078 820 1143 minimum
834 1079 965 1143 codices.

186 1180 260 1244 668.
276 1180 370 1244 οὐκέτ’
387 1182 432 1245 Η.
449 1195 480 1245 et
495 1203 548 1246 sex
565 1195 723 1268 septemve
738 1180 800 1245 alii.
826 1180 936 1246 κούκέτ’
953 1181 1029 1246 Ald.
1076 1181 1249 1248 Scholiasta

143 1281 258 1346 codicis
280 1281 365 1347 Flor.
389 1283 483 1347 unius
504 1282 572 1348 lucc
593 1283 636 1348 sic
658 1283 881 1372 interpretatur
902 1284 1000 1348 οὐκέτι
1021 1284 1147 1364 βλέπεις
1171 1287 1249 1368 φάος

145 1385 193 1448 καὶ
206 1392 287 1460 ζῶσα
301 1386 336 1448 οὐ
350 1389 408 1465 ζῇς.
453 1385 516 1463 Qui
531 1385 590 1450 hoc
604 1409 695 1450 sensu
711 1386 863 1472 accepisse
878 1385 1014 1464 videtur,
1030 1408 1095 1451 non
1109 1389 1248 1474 amplius

145 1507 189 1563 ec,
205 1488 351 1573 quamvis
371 1488 470 1551 lucem
491 1509 633 1566 cameris,
652 1502 688 1553 ut
709 1492 742 1553 ἐν
756 1496 846 1566 ζῶσιν
861 1491 967 1571 νεκρόν
980 1488 1062 1553 dixit
1077 1489 1249 1576 Sophocles

146 1588 231 1654 Phil.
243 1591 337 1654 1018.
381 1591 499 1654 Verum
521 1592 580 1654 hoc
600 1591 625 1655 si
639 1590 788 1656 voluisset
804 1591 985 1679 Euripides,
1002 1591 1115 1671 verbis,
1131 1607 1168 1657 ut
1181 1591 1249 1680 opi-

144 1714 214 1771 nor,
230 1716 304 1757 usus
318 1709 397 1757 esset
411 1693 517 1758 minus
533 1693 699 1780 ambiguis,
715 1710 751 1759 ut
765 1695 839 1759 fecit
853 1695 884 1758 in
901 1698 1011 1760 Oreste
1026 1697 1101 1779 386.
1148 1695 1249 1759 Simili

145 1795 222 1860 vitio
243 1795 365 1861 laborat
386 1797 472 1884 quod
495 1797 666 1863 scholiastae
688 1797 817 1884 quidam
843 1815 917 1862 sunt
938 1799 1104 1861 commenti
1127 1821 1157 1862 v.
1173 1796 1246 1881 671.

145 1914 218 1986 post
232 1900 307 1982 ἀτδρ
321 1901 352 1963 τί
364 1900 452 1986 signo
465 1923 530 1964 esse
544 1899 801 1987 distinguendum
816 1899 1039 1987 interrogandi.

190 2005 263 2084 672.
280 2003 468 2090 ἀπηγγέλθη]
487 2003 644 2086 ἀπηγγέλη
658 2003 778 2090 aliquot
793 2002 883 2068 codd.

192 2106 266 2190 673.
284 2107 386 2192 χερὸς]
404 2115 502 2191 χερῶν
515 2107 580 2172 duo
594 2107 686 2172 codd.

191 2210 265 2273 680.
282 2211 418 2293 ἐλπίδας]
434 2212 542 2276 έλπίδα
557 2209 648 2275 codd.
663 2210 767 2296 pauci.

192 2311 267 2375 682.
282 2314 386 2397 οἴκοις]
406 2316 439 2377 έν
453 2316 543 2380 οἴκοις
558 2314 602 2376 Η.
620 2326 652 2376 et.
667 2313 694 2375 F
697 2311 753 2376 lor.
771 2334 862 2377 unus.

192 2416 267 2495 684.
282 2413 305 2479 ὦ
319 2415 424 2480 τέκνον
438 2416 557 2501 τέκνον]
574 2414 752 2481 Deleudum
764 2414 896 2480 alterum
909 2415 1014 2479 τέκνον
1024 2415 1056 2478 in
1070 2414 1248 2501 quindecim

148 2515 241 2581 codd.
264 2517 425 2597 omissum,
448 2519 507 2582 nisi
531 2518 602 2604 quis
624 2517 647 2582 ὦ
664 2519 769 2583 τέκνον
783 2516 807 2581 ὦ
822 2517 928 2582 τέκνον
942 2516 1031 2581 scribi
1048 2517 1146 2595 malit,
1161 2516 1249 2605 quod

148 2620 241 2685 estin
259 2621 344 2685 Flor.
363 2644 435 2686 uno.

192 2725 267 2809 685.
284 2727 375 2804 νόμον
388 2725 550 2813 βακχεῖον]
568 2727 666 2805 νόμων
680 2725 833 2808 βακχείων
848 2723 925 2788 Ald.
968 2723 1115 2788 Alterum
1132 2723 1249 2788 babent

148 2827 222 2890 MS.
240 2826 349 2912 Kingii
364 2843 395 2890 et
410 2827 598 2892 Eustothius
614 2851 647 2915 p.
662 2847 734 2908 241,
752 2847 803 2912 23.
828 2829 920 2908 νόμον
934 2828 1087 2909 βακχείαν
1098 2825 1247 2890 Priscian.

151 2930 201 2991 18.
222 2952 255 3015 p.
273 2948 345 3014 231.
363 2929 395 2993 b.
410 2950 457 2992 11.
481 2930 530 2994 ed.
550 2931 627 2995 Ald.
673 2931 808 3008 Quidam
831 2932 912 3012 γόων
935 2952 992 3016 pro
1014 2932 1121 3009 νόμον.
1146 2930 1247 2994 POR.

145 3033 226 3112 γόων
239 3038 387 3115 βακχεῖον
403 3034 449 3096 Η.
465 3035 539 3116 γόον
552 3040 699 3117 βακχεῖον
716 3027 801 3096 Flor.
819 3054 911 3095 unus.

188 3137 262 3218 687.
280 3137 421 3220 δύστηνε]
441 3137 570 3201 δύστανε
585 3135 663 3200 Ald.
679 3151 711 3201 et
725 3135 846 3223 aliquot
860 3134 952 3199 codd.

189 3239 263 3320 689.
280 3238 347 3321 ἀφ’]
366 3236 413 3319 ἐφ’
430 3252 493 3302 tres
506 3238 599 3302 codd.

189 3342 263 3423 690.
296 3340 480 3425 Legebatur
504 3340 664 3423 ἀδάκρυτος
689 3340 877 3407 ἀστένακτος.
924 3337 1136 3424 Transposuit
1161 3339 1247 3401 Her-

143 3463 285 3505 mannus.
332 3442 423 3506 Libri
439 3443 569 3529 quidum
584 3444 747 3526 ἀδάκρυτον
762 3442 956 3507 ἀστένακτον.

186 3545 282 3627 ἁμέρα
297 3543 326 3624 μ’
344 3544 422 3608 libri.
445 3545 474 3626 μ’
491 3545 606 3611 delevit
620 3548 836 3624 Hcrmsuuus,
851 3544 931 3609 male
950 3556 1053 3607 tamen
1076 3541 1171 3624 ἁμέρα
1187 3540 1247 3606 ’πι-

144 3647 254 3731 σχήσει
269 3647 413 3712 scribens.

184 3750 259 3834 698.
290 3751 632 3835 ἀκταῖς-θαλασσίαις]
660 3749 979 3817 ἀκτδς-θαλασσέονς
1004 3747 1085 3812 dixit
1108 3747 1182 3834 Iph.
1205 3749 1248 3812 T.

144 3854 217 3936 236.
266 3851 351 3917 Ibid.
374 3866 477 3916 tamen
500 3877 530 3916 v.
551 3869 643 3938 1327.
667 3855 980 3920 ἀκτὰς-θαλασσίας.
1028 3850 1079 3914 Sic
1101 3853 1250 3932 πελαγίας

140 3958 172 4022 ές
186 3955 321 4037 ἀγκάλας
337 3956 412 4021 Hel.
428 3957 527 4021 1068:
564 3957 617 4021 sed
639 3959 800 4038 πελαγίους
822 3958 853 4024 ές
868 3955 1003 4038 ἀγκάλας
1016 3952 1062 4016 ib.
1077 3970 1170 4038 1452.
1186 3965 1248 4017 est·

140 4080 204 4143 que
221 4057 288 4122 haec
311 4074 464 4145 perpetua
483 4059 514 4122 in
536 4058 718 4147 hujusmodi
740 4058 901 4144 adjectivis
922 4055 1140 4133 inconstantia,
1157 4054 1249 4120 libra-

139 4160 193 4224 riis
214 4161 345 4225 fortasse
366 4160 553 4248 imputanda
574 4161 796 4248 potiusquam
819 4159 930 4246 poetis,
945 4181 1025 4245 quos
1046 4156 1246 4222 masculinam

140 4262 388 4328 terminationem
411 4262 585 4352 praetulisse
603 4262 752 4327 credibile
773 4279 832 4340 est,
850 4286 916 4350 quo
936 4261 1082 4325 similium
1104 4259 1249 4324 terminu-

140 4365 263 4430 tionum
279 4387 467 4430 concursum
481 4365 625 4431 vitarent.

187 4473 262 4555 699.
278 4487 352 4552 700.
370 4469 421 4533 Sic
437 4467 533 4533 verbs
543 4467 695 4536 collocata
707 4467 741 4531 in
758 4466 808 4532 ed.
826 4464 984 4531 Matthiae.
1031 4463 1248 4543 scribendum,
