2864 4914
316 300 384 362 AD
409 300 712 365 IPHIGENIAM
737 297 1072 365 AULIDENSEM.
1183 298 1248 364 477

143 482 202 545 est,
228 482 338 555 utpote
356 493 421 534 rem
444 486 475 536 et
496 493 662 559 personam
685 469 872 558 ignorantis:
896 470 940 534 nd
965 471 1114 557 temporis
1124 468 1248 554 flaturi

142 570 314 634 arbitrium
330 575 503 659 pertinere,
518 596 589 662 qum
609 574 738 638 dicarat
757 594 864 652 senen,
878 594 936 637 nec
955 573 1051 637 aliter
1072 571 1248 659 dijudicari

138 693 253 757 posae,·
272 677 396 761 grauia
417 684 521 740 tamen
543 697 618 754 esse,
641 684 670 739 et
692 698 758 741 rem
782 699 846 740 non
865 676 980 764 attigui
999 674 1248 738 111011111άὶ11άί-

144 797 227 839 care.
251 778 396 842 MUSG.

188 881 304 943 ἀνοίσει
319 881 538 946 Marklandus.
579 881 761 969 Legehatur
777 881 814 944 ἂν
829 882 903 967 ὤσῃ.

189 982 261 1045 866.
286 986 382 1061 δεξιᾶς
405 984 485 1047 ἕκατι
499 984 539 1063 μὴ
553 983 654 1065 μέλλ’,
670 986 698 1048 εἴ
715 1009 743 1046 τι
757 1009 807 1064 μοι
824 981 940 1068 χρῄζεις
956 982 1074 1065 λέγειν]
1101 980 1245 1044 Illustra-

145 1082 259 1147 tionem
274 1083 413 1170 postulat
428 1084 479 1149 hic
492 1086 590 1150 locus.
617 1090 725 1165 Δεξιῖιτ
741 1085 824 1149 ἕκατι
838 1106 999 1170 nunquam
1015 1080 1169 1169 significat
1184 1081 1248 1146 Per

145 1186 301 1263 dextram,
320 1186 586 1272 quemadmodum
608 1199 754 1252 vertunt:
778 1186 832 1250 sed
855 1186 916 1262 vel,
936 1194 1068 1273 propter
1089 1185 1247 1261 dextram,

145 1287 206 1365 vel,
222 1291 365 1352 dentrnm
376 1290 459 1377 quod
472 1293 592 1356 attinet.
612 1314 715 1378 neque
728 1289 891 1379 probabile
905 1307 962 1367 est,
973 1290 1146 1377 Reginam,
1159 1290 1248 1374 Aga-

146 1390 318 1454 memnonis
340 1414 482 1470 uxorem,
497 1393 727 1457 obsecraturam
749 1415 815 1457 esse
835 1413 963 1457 seruum
986 1413 1078 1454 suum
1100 1411 1160 1476 per
1173 1390 1249 1453 deu·

146 1502 230 1556 tram
244 1493 322 1580 ejus.
345 1516 417 1558 nam
433 1493 526 1581 longe
539 1495 669 1560 diversae
686 1510 759 1560 sunt
774 1493 1025 1571 circumstantiae,
1048 1492 1102 1557 ubi
1120 1490 1249 1578 Iphige-

146 1595 197 1659 nia
212 1595 244 1660 in
261 1595 389 1673 Tauris,
405 1619 434 1659 v.
454 1597 546 1660 1068.
567 1597 721 1684 supplicat
740 1598 847 1663 Choro
867 1597 942 1678 πρὸς
964 1599 1068 1676 δεξιᾶς,
1088 1616 1149 1682 per
1169 1595 1247 1658 dea·

146 1708 241 1763 trum.
288 1697 358 1763 Illae
379 1698 461 1763 enim
484 1699 629 1787 ingenuae
651 1714 750 1778 erant,
767 1700 837 1764 licet
851 1699 1003 1786 captivae:
1027 1712 1059 1762 et
1081 1699 1175 1781 φίλας
1195 1719 1248 1761 eas

145 1801 282 1888 appellat
299 1801 474 1889 Iphigenia,
490 1798 526 1868 v.
534 1803 610 1888 458.
626 1818 656 1867 et
673 1803 827 1885 φιλτάτας,
845 1827 874 1867 v.
894 1803 986 1887 1056.
1031 1800 1137 1864 Aliter
1150 1797 1248 1886 expli-

145 1905 245 1968 canda
267 1905 334 1968 haec
360 1919 443 1970 sunt.
489 1908 617 1991 Regum
642 1921 674 1970 et
704 1920 884 1991 magnatum
911 1927 979 1968 mos
1008 1914 1075 1967 erat
1103 1901 1249 1966 dextram

146 2006 344 2070 osculandam
369 2007 417 2071 vel
445 2007 632 2093 tangendam
664 2007 821 2094 porrigere
846 2008 942 2072 servis
970 2021 1002 2070 et
1029 2004 1248 2070 humilioribus

146 2109 387 2195 quibuscunque
408 2107 464 2194 qui
486 2107 580 2172 fidem
599 2130 636 2172 ac
656 2109 879 2195 protectionem
903 2130 1010 2171 eorum
1034 2106 1247 2194 implorarent,

147 2225 202 2274 aut
216 2209 301 2274 aliud
317 2208 393 2296 quid
411 2222 561 2296 peterent,
577 2209 626 2274 rel
646 2209 762 2297 gratias
776 2224 915 2297 agerent,
930 2209 980 2275 vel
994 2209 1247 2296 gratularentur=

147 2311 197 2376 vel
211 2310 346 2397 denique
368 2310 556 2397 simpliciter,
571 2310 603 2375 in
626 2310 750 2398 signum
770 2311 1004 2399 approbationis
1017 2333 1136 2376 eorum.
1181 2311 1248 2374 Res

148 2429 195 2480 est
216 2413 375 2478 notissima
399 2412 445 2495 (in
471 2412 598 2500 regibus
620 2413 723 2478 adhuc
746 2414 866 2501 durat‚)
890 2430 922 2480 et
943 2414 1087 2502 exempla
1109 2413 1245 2499 ubique:

147 2517 211 2582 vid.
233 2516 352 2580 Alcest.
371 2535 441 2599 194.
466 2513 649 2599 Sophoclem
672 2515 751 2580 OEd.
775 2518 857 2603 Tyr.
882 2530 954 2600 779.
978 2517 1150 2581 Arrianum
1174 2515 1249 2580 Dis-

147 2633 219 2685 sert.
236 2620 264 2683 Ι.
287 2640 333 2704 19.
373 2619 474 2682 Senex
491 2617 598 2705 itaque
613 2640 671 2705 pro
686 2641 772 2683 more
793 2620 926 2706 gratiam
941 2621 1021 2684 hanc
1035 2620 1248 2708 exspectabat,

147 2736 243 2809 utque
257 2720 337 2785 hanc
351 2719 610 2807 exspectationem
633 2734 724 2807 gestu
744 2721 851 2806 aliquo
866 2721 1052 2807 significasse
1067 2743 1248 2808 supponen-

147 2823 209 2888 dus
223 2838 278 2888 est.
324 2822 386 2887 Sed
403 2821 653 2910 Clytaemnestra,
669 2844 765 2886 moroe
787 2822 963 2910 impatiens,
981 2824 1074 2911 jubet
1088 2846 1160 2888 eum
1178 2847 1250 2912 per-

147 2947 221 3011 gere
236 2939 383 3011 tauquam
400 2923 458 2987 hoc
473 2923 595 3010 signum
611 2923 795 3008 accepisset:
817 2929 902 3012 quod
917 2928 962 2991 ud
981 2931 1126 2992 deutrum
1146 2950 1247 2991 meam

148 3030 261 3092 attinet
281 3047 321 3089 na
342 3035 494 3099 cunctae,
513 3026 543 3090 ai
564 3026 642 3113 quid
662 3026 853 3091 111111·ιηὶλὶ
873 3029 986 3093 dicere.
1030 3029 1195 3095 Reticetur
1214 3030 1248 3094 in

148 3127 324 3191 narratione
337 3128 418 3190 actio
430 3125 536 3211 aliqua
549 3125 639 3204 senis,
653 3129 703 3189 vel
713 3136 838 3214 79111111,
850 3151 943 3215 quem
960 3142 1149 3216 spectatores
1163 3129 1249 3194 vide-

149 3230 242 3294 bant:
265 3228 532 3316 quemadmodum
562 3227 676 3292 Marioe
701 3229 792 3309 actio,
817 3229 865 3293 vel
895 3230 1101 3317 apprehensio
1129 3231 1247 3317 pedum

149 3331 278 3397 Domini
307 3330 404 3395 nostri
434 3330 465 3395 in
495 3332 555 3395 isto
583 3331 625 3395 Ι).
648 3330 782 3395 loannis
812 3349 862 3396 1ο.
891 3349 939 3409 17.
976 3331 1029 3412 Μή
1057 3358 1114 3413 μου
1143 3332 1249 3397 άττον.

150 3435 303 3499 MARK.
348 3435 429 3497 Haec
444 3431 520 3496 mihi
536 3432 628 3520 plane
642 3431 830 3497 incredibilis
844 3457 910 3499 esse
931 3433 1146 3522 interpretatio
1160 3434 1249 3500 vide-

150 3549 212 3599 tur.
256 3535 344 3599 Nihil
360 3534 446 3599 aliud
463 3534 530 3599 haec
545 3535 640 3599 verba
655 3534 827 3621 significare
848 3551 980 3623 possum
995 3559 1088 3623 quam
1099 3559 1161 3623 per
1175 3537 1250 3602 dea-

149 3646 233 3701 tram
255 3647 284 3702 te
305 3660 368 3716 oro,
389 3660 445 3702 nec
466 3636 647 3701 indecorum
669 3636 727 3700 hoc
752 3652 798 3701 est
820 3638 948 3725 reginae,
966 3639 999 3702 in
1022 3662 1059 3703 eo
1077 3639 1247 3725 prasertim

149 3764 214 3825 quo
227 3740 364 3827 agitatur
379 3740 474 3804 animi
489 3755 588 3816 motu,
604 3762 659 3826 per
674 3739 816 3803 dextram
838 3763 948 3826 rogare
962 3741 1094 3805 παλαιὸν
1108 3741 1251 3821 δωμάτων

150 3843 255 3924 λάτριν
269 3866 308 3906 ne
322 3858 486 3907 cunctetur
501 3842 604 3928 eloqui
619 3864 692 3927 quae
707 3843 839 3907 dicenda
853 3843 978 3909 habeat.

195 3947 268 4026 867.
283 3943 323 4028 γ’]
343 3944 545 4009 Scribendum
561 3942 589 4024 μ’
605 3967 675 4008 cum
693 3946 845 4010 Porsono.

196 4047 269 4129 869.
285 4045 313 4126 μ’
331 4048 365 4109 ἓν
379 4046 507 4111 codices.
531 4045 566 4124 δή
579 4072 617 4125 με
632 4045 711 4110 Ald.

196 4148 270 4229 871.
285 4146 366 4232 ποθ’]
384 4146 460 4212 πεῖθ’
478 4147 563 4211 Flor.
582 4167 610 4211 1.
627 4166 657 4211 2.

196 4252 269 4336 873.
287 4250 360 4313 880.
378 4255 491 4313 κτενεῖν
505 4248 685 4312 Elmsleius.
725 4249 816 4314 Libri
833 4257 960 4316 κτανεῖν.

197 4354 269 4437 875.
285 4356 337 4431 τῆς
350 4350 479 4415 codices.
502 4350 556 4429 τὴν
571 4349 647 4415 Α111.

197 4457 269 4520 881.
285 4452 384 4538 λάβῃ]
400 4449 496 4532 λάβοι
509 4451 594 4517 Flor.
614 4473 640 4516 1.
658 4472 687 4516 2.
