2864 4914
199 287 264 354 156
562 283 940 350 ANNOTATIONES

242 461 316 543 817.
332 459 424 542 λέχος
440 457 628 522 Brunclrius.
654 461 696 525 είς
709 456 801 540 λέχος
814 456 894 523 libri.
921 455 1018 543 Soph.
1036 455 1091 540 Aj.
1104 474 1177 537 491.
1193 453 1228 518 τὸ
1243 454 1300 519 σὸν

197 562 289 646 λέχος
304 561 453 641 ξυνῆλθον
467 575 627 646 comparat
643 561 811 624 Porsoous.

242 666 317 730 821.
334 664 443 744 Θήβας
457 663 691 728 Valckenarius.
725 661 817 726 Libn‘
833 661 962 742 Θήβαις,
977 659 1064 747 quod
1079 660 1301 740 revocandum,

197 767 255 832 nisi
271 766 342 854 quis
357 765 449 852 Θήβα
463 766 561 830 malit.
607 767 689 829 Nam
713 764 903 852 probabilior
924 788 996 828 sane
1014 780 1062 828 est
1076 787 1225 828 numerus
1240 765 1301 827 sin-

197 870 327 957 gularis,
342 893 406 956 quo
421 870 452 933 in
468 867 587 956 reliqua
602 868 698 955 hujus
712 868 856 932 carminis
870 883 958 955 parte
973 868 1074 933 utitur
1088 880 1190 955 poeta.

241 974 314 1059 823.
328 973 442 1053 ἤλυθον
456 971 576 1057 aliquot
590 970 684 1036 codd.
729 970 834 1035 Ceteri
849 992 920 1035 cum
936 969 1014 1035 Ald.
1028 971 1133 1051 ήλθον.

242 1076 315 1156 824.
340 1078 447 1157 πθργοι
472 1074 605 1138 ἀνέσταν
626 1074 714 1137 Β.Η.
736 1071 852 1159 aliique
873 1073 1028 1138 nonnulli.
1055 1077 1166 1157 πύργος
1187 1074 1300 1140 ἀνέστα

199 1177 277 1241 Ald.
300 1179 408 1259 πύργοι
421 1177 548 1256 διδύμων
560 1181 701 1255 ποταμῶν
714 1190 761 1239 est
777 1176 852 1242 urbs
866 1178 1033 1258 διπόταμον.

244 1280 318 1344 826.
334 1280 482 1364 ἂπεδίυν]
502 1279 646 1360 ἀμπεδίον
660 1289 811 1364 quattuor
826 1278 918 1343 codd.

240 1383 314 1463 827.
329 1382 460 1465 πρόπαρ]
478 1383 597 1464 πρόπαν
611 1383 656 1444 H.

241 1486 316 1570 832.
335 1483 459 1568 ἑτέραις]
480 1483 591 1565 ἑτέροις
605 1481 683 1547 Ald.
728 1485 912 1549 Corrcctum
927 1506 966 1547 ex
982 1482 1102 1570 aliquot
1116 1481 1207 1546 codd.

241 1589 314 1672 833.
326 1584 434 1668 Ἀρεος
452 1585 736 1670 (debebat'Apeos)
755 1589 922 1651 Porsouus.
970 1585 1060 1652 Libri
1075 1584 1193 1667 ἀρηίοις.

241 1692 314 1776 834.
330 1690 467 1774 πάροιθε]
484 1688 666 1771 προπάροιθε
681 1689 758 1754 Ald.
774 1706 805 1755 et
819 1714 892 1777 pars
906 1690 1061 1755 codicum.

241 1796 314 1878 835.
352 1792 538 1857 ναυτίλοισιν
570 1807 721 1879 quattuor
749 1793 880 1858 codices.
927 1793 1076 1880 Plerique
1103 1792 1299 1873 ναυβάταισιν

196 1919 267 1960 curn
286 1894 362 1958 Ald.
407 1895 503 1958 Unus
518 1895 702 1970 ναυάταισιν,
720 1908 782 1960 tres
798 1899 963 1961 ναύταισιν.

242 1998 316 2082 836.
332 1997 436 2082 πίδυν]
455 1998 558 2061 πεδίον
574 1997 651 2062 Ald.
668 2013 699 2062 et
713 1998 804 2063 codd.
821 1996 973 2085 plerique.

241 2100 315 2184 838.
339 2098 476 2182 κλήρους]
495 2100 641 2163 Eustath.
662 2099 702 2163 ad
720 2099 812 2164 iliad.
830 2128 858 2182 γ.
875 2123 904 2187 p.
921 2116 996 2186 317,
1012 2119 1064 2184 52.
1088 2099 1246 2182 Εὐριπίδης
1265 2102 1300 2164 ἓν

196 2204 375 2268 Φοινίσσαις
401 2203 449 2265 καὶ
474 2201 615 2281 μαντικός
637 2228 720 2271 τινας
741 2203 864 2286 ψήφους
886 2203 1012 2285 κλήρους
1034 2209 1131 2282 καλεῖ,
1154 2203 1190 2269 ἃς
1212 2203 1299 2284 φασὶ,

196 2304 312 2371 δέλτοις
326 2309 588 2385 παρεσημειοῦντα,
606 2306 639 2369 ἔν
653 2331 686 2369 τε
705 2306 853 2384 πτήσεσιν
866 2308 993 2388 ὀρνίθων
1009 2308 1056 2370 καὶ
1069 2312 1193 2374 λοιποῖς.
1217 2306 1299 2385 Κλή-

195 2432 264 2489 ρους
278 2407 329 2471 hic
353 2407 521 2493 Spanhem.
537 2406 578 2470 ad
595 2406 718 2472 Callim.
734 2408 766 2471 in
783 2408 862 2473 Pall.
877 2431 911 2495 p.
926 2411 1001 2474 626.
1017 2422 1099 2473 recte
1117 2408 1300 2496 interpreta-

198 2523 250 2572 tur
275 2510 407 2575 tabcllas
437 2511 670 2575 vaticiniorum.
716 2511 852 2598 Mopsus
881 2510 1021 2576 Pindaro
1046 2511 1143 2598 Pyth.
1165 2531 1198 2592 4,
1224 2513 1299 2597 338.

196 2611 311 2677 dicitur
347 2613 449 2693 μάντις
483 2614 641 2696 ὀρνίχεσσι
682 2615 731 2678 καὶ
772 2613 909 2697 κλάροισι
951 2614 1142 2696 θεοπροπίων
1183 2617 1298 2696 ἱεροῖσι.

197 2714 368 2780 VALCK.

240 2817 350 2902 τέμοι]
371 2816 504 2881 Codices
519 2817 632 2905 partim
648 2817 672 2880 τ’
689 2821 764 2898 ἐμοί.

241 2918 314 2997 842.
331 2918 446 2985 ἄστεως
459 2918 552 2981 codd.
567 2918 668 2982 inulti.
713 2918 780 2982 Alii
796 2923 903 2988 ἄστεος
915 2943 987 2985 curn
1003 2921 1081 2986 Ald.

241 3020 314 3103 843.
337 3020 375 3086 ὥς
397 3019 480 3103 ἐμὸν]
501 3021 540 3088 ὣς
557 3021 667 3101 τούμὸν
682 3021 760 3085 Ald.
784 3037 816 3086 et
837 3022 929 3086 codd.
952 3023 1091 3110 quidam.
1116 3025 1156 3091 ὥς
1178 3023 1202 3087 τ’
1226 3025 1300 3105 ἐμὸν

197 3121 285 3186 Flor.
302 3123 373 3186 duo.

240 3227 315 3309 847.
339 3228 377 3293 ὡς
398 3224 470 3290 πᾶσ’
493 3226 590 3307 ἀπήνη
608 3228 682 3294 πούς
703 3253 736 3292 τε
757 3231 929 3309 πρεσβύτου
951 3235 1038 3311 φιλεῖ
1057 3230 1157 3315 χειρὸς
1179 3233 1300 3312 θυραίας

196 3328 355 3408 ἀναμένειν
370 3330 571 3413 κουφίσματα]
592 3331 730 3394 Locusa
748 3332 854 3396 multis
868 3332 986 3396 frustra
1006 3346 1154 3397 tentatus.
1201 3334 1300 3398 Recte

197 3430 372 3495 Schaeferus
395 3431 570 3518 “Vulgata
593 3432 718 3497 videtur
740 3455 823 3497 sana.
870 3434 920 3499 Sic
944 3449 1081 3499 vertam:
1113 3457 1236 3522 comper
1260 3442 1298 3519 (s.

194 3536 309 3617 omnia)
326 3535 410 3598 enim
431 3557 536 3616 senex,
551 3538 618 3601 sive
640 3560 740 3601 curru
763 3537 906 3615 vehatur,
928 3540 995 3602 sive
1011 3538 1148 3626 pedibus
1164 3540 1298 3613 incedut,

194 3637 326 3700 libenter
341 3646 497 3723 exspectat
511 3639 625 3702 alienor
637 3663 753 3705 υιιιιιιιο
767 3642 950 3705 levationem
956 3642 981 3702 .”

239 3741 311 3822 851.
327 3739 401 3806 ἆπος
416 3741 503 3802 Flor.
519 3763 601 3806 unus
616 3766 686 3806 curn
704 3742 867 3807 scholiasta
881 3758 913 3807 et
929 3743 1098 3808 Eustathio
1112 3767 1143 3830 p.
1159 3744 1298 3829 381,19.

194 3844 269 3909 ἄπας
288 3844 333 3905 Η.
357 3856 388 3905 ct
410 3842 475 3906 duo
497 3843 557 3907 alii.
582 3846 640 3909 ἀπὸ
664 3844 692 3908 σ’
717 3847 802 3909 Flor.
828 3868 920 3909 unus.
942 3845 1030 3910 ἅποσ’
1048 3848 1148 3910 Taur.
1195 3846 1300 3910 Ceteri

195 3950 287 4012 κῖιπος
302 3968 372 4009 curn
390 3946 467 4009 Ald.

238 4047 311 4131 852.
335 4050 490 4133 παρεῖμαι]
507 4050 627 4133 πάρειμι
643 4051 719 4115 Ald.
735 4063 766 4115 et
787 4051 906 4138 aliquot
925 4052 1015 4116 codd.
1032 4052 1113 4117 inter
1130 4075 1211 4139 quos
1226 4066 1299 4115 sunt

195 4151 280 4213 ΒΗ.
305 4151 418 4213 Veram
435 4150 618 4237 scripturam
636 4152 727 4218 etiarn
745 4153 908 4218 scholiasta
925 4167 1084 4219 memorat.
1115 4155 1166 4220 Sic
1183 4154 1298 4219 Bacch.

193 4255 267 4338 634.
284 4254 374 4316 κόπον
391 4251 415 4315 δ’
430 4256 486 4317 ὕπο
503 4257 649 4334 διαμεθεὶς
664 4258 751 4339 ξίφος
765 4263 912 4339 παρεῖται.

235 4357 323 4439 γοῦν]
342 4356 431 4419 Male
446 4356 566 4443 aliquot
581 4381 642 4421 non
658 4359 768 4447 optimi
783 4358 903 4424 codices
918 4365 972 4443 γῆς
982 4361 1033 4424 vel
1047 4365 1112 4443 γᾶς.
1134 4365 1209 4443 γοῦν
1222 4359 1299 4424 dicit

193 4457 331 4523 Tiresias
345 4460 531 4524 confirmans
545 4484 618 4547 quae
633 4460 673 4525 dc
688 4462 747 4527 viae
763 4464 904 4528 molestia
918 4463 1140 4550 exhaustisque
1154 4486 1211 4552 per
1228 4486 1297 4529 earn
