2864 4914
190 295 255 360 289.
552 294 933 361 ANNOTATlONES

192 466 313 534 Graecis
326 489 345 532 α
359 466 460 555 capite
476 465 623 554 jaculari.
667 466 820 531 Thessala
834 463 958 531 hastilia
972 479 1185 528 memorantur
1197 462 1290 528 etiam

190 568 223 634 in
261 568 392 634 Bacchis
429 585 523 656 1205.
561 569 614 634 οὐκ
649 570 831 651 άγκυλωτοῖς
863 571 1038 634 Θεσσαλῦν
1070 565 1291 650 στοχάσμασιν.

236 795 307 856 224.
330 775 362 838 τί
381 775 565 858 κυνηγεσίων
587 775 635 840 καὶ
656 776 706 839 σοὶ
726 773 867 859 μελέτης]
895 772 1101 838 Scribendum
1121 772 1231 854 μελέτη
1251 795 1289 836 ex

193 880 267 942 Par.
286 878 330 941 A.
352 891 385 940 et
405 877 452 955 H,
475 898 582 941 versus
603 876 671 964 ipse
691 890 797 941 autem
820 898 882 942 non
904 875 945 941 ab
967 875 1123 964 Euripide
1145 875 1289 962 scriptus,

192 979 247 1045 sed
269 981 310 1045 ab
333 978 565 1067 interpolatore.
611 980 760 1066 Ineptum
785 993 832 1044 est
856 979 904 1043 καὶ
929 980 989 1058 ool,
1015 978 1102 1065 quod
1128 977 1292 1042 scholiasta

192 1096 354 1168 utcunque
368 1079 504 1168 explicat
520 1103 577 1169 per
599 1080 730 1164 καθάπερ
753 1082 883 1150 καὶτοῖς
904 1081 1060 1164 ἀνδράσιν.
1108 1080 1170 1146 Sed
1184 1104 1289 1146 veram

191 1184 322 1250 fortasse
344 1184 440 1249 totius
455 1206 562 1248 versus
584 1184 768 1272 scripturam
784 1184 918 1248 servavit
933 1186 981 1248 Η.
993 1187 1023 1249 τί
1036 1210 1087 1250 σοι
1108 1187 1292 1267 κυνηγεσίων

191 1286 313 1368 μελέτη,
330 1286 464 1351 admisso
479 1286 583 1352 iambo
605 1309 663 1374 pro
675 1301 845 1374 nnapoesto,
861 1285 901 1350 de
922 1310 987 1374 quo
1007 1308 1122 1374 genere
1143 1310 1290 1352 versuum

191 1389 260 1455 dixi
274 1389 314 1455 ad
332 1389 422 1454 Med.
442 1390 532 1472 1087.
571 1388 731 1472 κυνηγέσια
744 1387 805 1454 hoc
819 1411 884 1454 nno
897 1388 966 1454 loco
980 1388 1097 1476 legitur
1110 1389 1141 1453 in
1156 1389 1291 1477 tragico·

192 1516 262 1559 rum
277 1492 401 1559 fabulis.

237 1599 310 1664 228.
326 1598 452 1682 Λίμνος]
480 1595 605 1674 Limna,
629 1593 716 1660 locus
737 1593 834 1660 littori
856 1595 1030 1683 proximus,
1046 1596 1101 1661 ubi
1124 1595 1183 1661 sita
1204 1610 1293 1661 erant

192 1697 367 1787 gymnasia,
390 1712 581 1763 memoratur
601 1697 694 1763 etiam
711 1697 783 1763 infr.
802 1717 895 1783 1132.
909 1698 974 1764 Τὸν
996 1701 1073 1782 άμφὶ
1087 1702 1202 1780 Λίμνος
1223 1701 1292 1782 τρό-

192 1830 260 1889 χον,
282 1804 323 1867 ad
338 1826 432 1890 quem
456 1825 579 1867 versum
603 1802 777 1880 scholiasta,
792 1804 899 1884 Λόμνη,
922 1806 1011 1871 τόπος
1025 1808 1183 1886 Τροιζῆνος
1205 1804 1293 1868 ἔνθεν

193 1904 482 1989 ΛιμνῖγτιςἈρτεμις
496 1912 639 1971 καλεῖται.
662 1907 812 1971 ΜΟΝΚ.

239 2027 312 2094 231.
328 2010 379 2073 De
394 2008 482 2096 equis
498 2008 625 2073 Venetis
639 2007 778 2096 loquitur
799 2007 943 2086 Phaedra,
959 2032 1038 2095 quos
1060 2007 1091 2072 in
1114 2007 1293 2073 solennibus

194 2112 379 2176 Graecorum
395 2110 479 2175 ludis
497 2111 712 2176 celeberrimos
733 2111 829 2177 fuisse
850 2127 983 2177 constat.
1020 2111 1161 2199 Hesych.
1174 2110 1292 2175 Ἐνετό-

194 2219 258 2292 δας,
272 2216 390 2283 πάλους
405 2216 662 2297 στεφανηφόρους,
678 2214 737 2279 άπὸ
757 2219 809 2294 τῆς
829 2217 898 2298 περὶ
918 2216 972 2295 τὴν
991 2215 1113 2297 Ἀδρίαν
1132 2213 1291 2281 'lintribus‘

193 2318 367 2401 διαφέρουσι
381 2322 439 2401 γὰρ
455 2321 525 2383 ἐκεῖ.
569 2317 811 2382 Anachronismi
832 2317 930 2404 igitur
944 2317 1114 2406 Euripides
1131 2317 1292 2382 insimula-

57 2417 62 2426 ’
192 2437 248 2486 και·
275 2421 307 2484 in
336 2420 452 2486 scholio
478 2420 564 2508 quod
594 2420 726 2506 sumpsit
753 2421 942 2485 Eustathius
968 2444 1000 2509 p.
1023 2425 1099 2507 361,
1125 2441 1177 2487 21.
1203 2420 1291 2507 quod

193 2525 251 2590 hos
265 2548 363 2611 equos
376 2524 506 2589 heroicis
522 2522 715 2610 temporibus
729 2523 881 2590 tribuerit.
921 2525 1032 2589 Veneti
1046 2525 1140 2604 enim,
1157 2523 1293 2610 Paphla

193 2627 295 2716 goniae
309 2650 385 2714 gens
403 2627 481 2712 (vid.
497 2629 596 2691 Hom.
615 2625 655 2690 Il.
670 2633 704 2691 Β.
720 2629 808 2712 851.)
825 2649 886 2691 non
902 2626 961 2691 nisi
975 2643 1046 2714 post
1060 2628 1192 2692 excisam
1211 2629 1293 2690 Tro-

166 2750 168 2755 ’
189 2731 256 2818 jam
272 2730 304 2793 in
320 2729 431 2794 Adriae
453 2729 578 2807 linibus,
594 2729 676 2793 duce
693 2731 868 2807 Antenore,
882 2730 1055 2795 consedisse
1076 2729 1292 2817 perhibentur.

196 2832 346 2898 Historiae
361 2832 569 2897 meminerunt
584 2831 696 2897 Livius
712 2854 778 2897 1.1.
794 2831 904 2920 Virgil.
919 2835 995 2898 AEn.
1013 2855 1041 2896 1.
1053 2852 1125 2914 242.
1142 2835 1245 2898 MON
1249 2835 1292 2899 K.

240 2954 311 3021 232.
327 2935 492 3017 παράφρων
508 2933 696 2999 Brunckius.
736 2934 827 2999 Libri
841 2936 1009 3018 παράφρον.

240 3058 311 3124 233.
328 3039 362 3117 δὴ
380 3060 440 3104 om.
457 3038 545 3102 Flor.
561 3038 636 3102 duo.
664 3040 737 3102 Hoc
752 3061 841 3101 versu
859 3038 961 3102 utitur
975 3039 1109 3103 Photius
1123 3062 1147 3103 s.
1165 3045 1219 3104 νῦν
1233 3040 1279 3120 δή.

240 3162 313 3229 234.
330 3144 436 3228 πόθον]
454 3144 548 3206 πόθεν
563 3141 651 3205 Flor.
667 3144 710 3205 A.
726 3155 757 3206 et
773 3141 918 3205 Photius.

239 3249 312 3331 236.
328 3251 446 3313 πολλᾶς
461 3244 545 3311 Flor.
564 3248 606 3312 A.
639 3246 745 3332 Vulgo
758 3250 884 3326 πολλῆς,
900 3245 986 3332 quod
1002 3247 1222 3313 revocandum.

239 3369 313 3436 237.
330 3351 413 3418 ὅστις
427 3350 518 3415 codd.
534 3366 566 3415 et
581 3351 673 3414 Lasc.
695 3352 737 3417 ὥς
751 3375 795 3416 τις
810 3349 886 3413 Ald.

238 3454 440 3542 άνασειράζει]
471 3453 665 3535 άνασειράζω·
701 3454 885 3537 άναχαλινῶ.
913 3451 1002 3516 Suid.
1030 3452 1063 3516 id
1096 3467 1153 3532 est,
1176 3455 1293 3540 fraetw

194 3557 331 3622 retralw.
354 3556 413 3621 ἀπὸ
427 3561 598 3638 μεταφορᾶς
619 3562 678 3620 τῶν
691 3562 756 3623 ταῖς
770 3561 885 3637 σειραῖς
905 3555 1170 3636 παρακρουομένων
1184 3559 1291 3633 ἵππων,

197 3661 244 3724 καὶ
258 3666 310 3723 τοῦ
327 3659 427 3727 εὐθέος
448 3661 556 3741 δρόμου
577 3660 880 3741 παρεκβαλλομένων.
905 3657 1009 3723 Schol.
1055 3661 1153 3724 Hunc
1169 3683 1292 3725 versum

196 3761 331 3850 respexit
347 3761 526 3848 Hesychius
541 3785 570 3827 v.
586 3764 782 3844 άνασειράζει.
805 3762 955 3826 ΜΟΝΚ.

241 3865 313 3950 238.
337 3866 518 3945 παρακόπτει
539 3865 667 3952 φρένας]
684 3867 834 3930 Delirare
842 3868 943 3952 fixerit.
989 3866 1061 3929 Non
1080 3889 1150 3930 raro
1165 3866 1292 3953 quidem

195 3970 405 4050 παρακόπτειν,
431 3968 561 4054 perinde
588 3991 625 4032 ac
652 3971 841 4050 παραπαίειν,
871 3967 1022 4054 significat
1052 3970 1207 4033 delirare:
1239 3970 1293 4034 scd

197 4070 298 4135 nescio
313 4092 351 4133 an
367 4069 441 4133 alibi
456 4070 586 4135 verbum
602 4071 704 4136 activo
718 4095 821 4147 sensu,
838 4086 872 4135 ut
887 4070 949 4146 hic,
965 4071 1160 4137 adhibeatur.
1206 4073 1293 4138 Hinc

197 4190 299 4238 tamen
323 4172 488 4255 παράκοποι
509 4179 629 4255 φρενῶν
647 4176 851 4250 insanientes,
869 4174 982 4238 Bacch.
997 4195 1052 4260 33.
1069 4191 1100 4239 et
1116 4175 1295 4262 simpliciter

196 4279 366 4362 παράκοπος
380 4298 499 4353 omens,
514 4277 628 4341 Bacch.
646 4298 735 4341 1000.
754 4277 862 4342 AEsch.
878 4279 987 4342 Prom.
1002 4281 1075 4342 601.
1098 4280 1249 4345 MONK.

241 4402 313 4467 239.
328 4378 715 4463 δύστανος-εἰργασάμαν]
740 4381 882 4459 δύστηνος
896 4395 927 4445 et
942 4380 1126 4462 εἰργασάμην
1138 4383 1166 4445 F
1169 4380 1223 4446 lor.
1239 4398 1291 4466 15.

197 4484 380 4568 εἰργασάμην
393 4482 485 4548 etiarn
503 4500 533 4547 2.
552 4503 601 4547 10.
619 4484 691 4548 Par.
707 4485 752 4546 A.
768 4484 876 4548 Havn.
890 4484 1092 4548 MATTH.
