<?xml version="1.0" encoding="UTF-8"?>
<!DOCTYPE html PUBLIC "-//W3C//DTD XHTML 1.0 Transitional//EN"
    "http://www.w3.org/TR/xhtml1/DTD/xhtml1-transitional.dtd">
<html xmlns="http://www.w3.org/1999/xhtml" xml:lang="en" lang="en">
 <head>
  <title>
</title>
<meta http-equiv="Content-Type" content="text/html;charset=utf-8" />
  <meta name='ocr-system' content='tesseract 3.04.00' />
  <meta name='ocr-capabilities' content='ocr_page ocr_carea ocr_par ocr_line ocrx_word'/>
</head>
<body>
  <div class='ocr_page' id='page_1' title='image "./tragoediaesuper01eurigoog_0222.png"; bbox 0 0 2864 4914; ppageno 0'>
   <div class='ocr_carea' id='block_1_1' title="bbox 559 293 1298 359">
    <p class='ocr_par' dir='ltr' id='par_1_1' title="bbox 559 293 1298 359">
     <span class='ocr_line' id='line_1_1' title="bbox 559 293 1298 359; baseline -0.001 -2"><span class='ocrx_word' id='word_1_1' title='bbox 559 295 627 357; x_wconf 91' lang='lat' dir='ltr'><strong>AD</strong></span> <span class='ocrx_word' id='word_1_2' title='bbox 650 293 876 359; x_wconf 83' lang='lat' dir='ltr'><strong>MEDEAM.</strong></span> <span class='ocrx_word' id='word_1_3' title='bbox 1206 293 1298 356; x_wconf 77' lang='lat' dir='ltr'><strong>ala·</strong></span> 
     </span>
    </p>
   </div>
   <div class='ocr_carea' id='block_1_2' title="bbox 166 460 1281 4557">
    <p class='ocr_par' dir='ltr' id='par_1_2' title="bbox 166 460 1271 752">
     <span class='ocr_line' id='line_1_2' title="bbox 169 460 1270 552; baseline 0.002 -26"><span class='ocrx_word' id='word_1_4' title='bbox 169 460 255 527; x_wconf 89' lang='lat' dir='ltr'><strong>mula</strong></span> <span class='ocrx_word' id='word_1_5' title='bbox 269 463 402 528; x_wconf 88' lang='lat' dir='ltr'><strong>solennis</strong></span> <span class='ocrx_word' id='word_1_6' title='bbox 416 463 447 528; x_wconf 94' lang='lat' dir='ltr'><strong>in</strong></span> <span class='ocrx_word' id='word_1_7' title='bbox 463 464 743 552; x_wconf 81' lang='lat' dir='ltr'>deprecationibus.</span> <span class='ocrx_word' id='word_1_8' title='bbox 781 463 1009 552; x_wconf 82' lang='lat' dir='ltr'><strong>Aristophanes</strong></span> <span class='ocrx_word' id='word_1_9' title='bbox 1025 464 1054 528; x_wconf 92' lang='lat' dir='ltr'>N</span> <span class='ocrx_word' id='word_1_10' title='bbox 1058 464 1111 528; x_wconf 91' lang='lat' dir='ltr'><strong>ub.</strong></span> <span class='ocrx_word' id='word_1_11' title='bbox 1127 465 1201 549; x_wconf 89' lang='lat'><strong>696.</strong></span> <span class='ocrx_word' id='word_1_12' title='bbox 1218 464 1270 543; x_wconf 72' lang='grc' dir='ltr'><strong>Μὴ</strong></span> 
     </span>
     <span class='ocr_line' id='line_1_3' title="bbox 168 564 1271 653; baseline 0.002 -25"><span class='ocrx_word' id='word_1_13' title='bbox 168 564 241 644; x_wconf 66' lang='lat' dir='ltr'><strong>mid,</strong></span> <span class='ocrx_word' id='word_1_14' title='bbox 259 568 377 631; x_wconf 84' lang='grc' dir='ltr'>ίκετεύω</span> <span class='ocrx_word' id='word_1_15' title='bbox 393 564 432 640; x_wconf 80' lang='grc' dir='ltr'><strong>α’,</strong></span> <span class='ocrx_word' id='word_1_16' title='bbox 450 567 559 642; x_wconf 76' lang='grc' dir='ltr'>ἐνθάδ’,</span> <span class='ocrx_word' id='word_1_17' title='bbox 572 568 641 632; x_wconf 79' lang='grc' dir='ltr'>ἀλλ’</span> <span class='ocrx_word' id='word_1_18' title='bbox 654 572 736 651; x_wconf 77' lang='grc' dir='ltr'>εἴπερ</span> <span class='ocrx_word' id='word_1_19' title='bbox 758 594 794 651; x_wconf 81' lang='grc' dir='ltr'><strong>γε</strong></span> <span class='ocrx_word' id='word_1_20' title='bbox 815 568 883 652; x_wconf 77' lang='grc' dir='ltr'><strong>χρὴ,</strong></span> <span class='ocrx_word' id='word_1_21' title='bbox 902 566 910 653; x_wconf 91' lang='grc' dir='ltr'>Ι</span> <span class='ocrx_word' id='word_1_22' title='bbox 927 567 1024 651; x_wconf 82' lang='grc' dir='ltr'>χαμαί</span> <span class='ocrx_word' id='word_1_23' title='bbox 1043 565 1071 648; x_wconf 85' lang='grc' dir='ltr'><strong>μ’</strong></span> <span class='ocrx_word' id='word_1_24' title='bbox 1088 569 1182 633; x_wconf 78' lang='grc' dir='ltr'>ἔασον</span> <span class='ocrx_word' id='word_1_25' title='bbox 1197 567 1271 631; x_wconf 70' lang='lat' dir='ltr'><strong>adra</strong></span> 
     </span>
     <span class='ocr_line' id='line_1_4' title="bbox 166 667 606 752; baseline 0.009 -21"><span class='ocrx_word' id='word_1_26' title='bbox 166 667 247 732; x_wconf 81' lang='grc' dir='ltr'>ταῦτ’</span> <span class='ocrx_word' id='word_1_27' title='bbox 265 671 467 752; x_wconf 73' lang='grc' dir='ltr'>ἐκφροντίσαι.</span> <span class='ocrx_word' id='word_1_28' title='bbox 491 673 606 736; x_wconf 85' lang='grc' dir='ltr'>ΕΙ.Μ.</span> 
     </span>
    </p>

    <p class='ocr_par' dir='ltr' id='par_1_3' title="bbox 211 773 815 860">
     <span class='ocr_line' id='line_1_5' title="bbox 211 773 815 860; baseline 0.005 -25"><span class='ocrx_word' id='word_1_29' title='bbox 211 790 285 856; x_wconf 77' lang='lat'>339,</span> <span class='ocrx_word' id='word_1_30' title='bbox 302 774 370 860; x_wconf 80' lang='grc' dir='ltr'>οὖν]</span> <span class='ocrx_word' id='word_1_31' title='bbox 387 775 424 838; x_wconf 82' lang='grc' dir='ltr'><strong>αὖ</strong></span> <span class='ocrx_word' id='word_1_32' title='bbox 438 773 531 838; x_wconf 85' lang='lat' dir='ltr'><strong>codd.</strong></span> <span class='ocrx_word' id='word_1_33' title='bbox 547 798 658 840; x_wconf 84' lang='lat' dir='ltr'><strong>novem</strong></span> <span class='ocrx_word' id='word_1_34' title='bbox 674 791 706 840; x_wconf 90' lang='lat' dir='ltr'><strong>et</strong></span> <span class='ocrx_word' id='word_1_35' title='bbox 722 778 815 840; x_wconf 88' lang='lat' dir='ltr'><strong>Lasc.</strong></span> 
     </span>
    </p>

    <p class='ocr_par' dir='ltr' id='par_1_4' title="bbox 212 874 857 963">
     <span class='ocr_line' id='line_1_6' title="bbox 212 874 857 963; baseline 0.003 -24"><span class='ocrx_word' id='word_1_36' title='bbox 212 895 230 959; x_wconf 89' lang='lat'>3</span> <span class='ocrx_word' id='word_1_37' title='bbox 233 892 286 959; x_wconf 82' lang='lat'><strong>54.</strong></span> <span class='ocrx_word' id='word_1_38' title='bbox 304 874 436 958; x_wconf 75' lang='grc' dir='ltr'>ἀψευδὴς</span> <span class='ocrx_word' id='word_1_39' title='bbox 450 879 580 943; x_wconf 86' lang='lat' dir='ltr'><strong>codices.</strong></span> <span class='ocrx_word' id='word_1_40' title='bbox 603 881 638 944; x_wconf 84' lang='grc' dir='ltr'><strong>οὐ</strong></span> <span class='ocrx_word' id='word_1_41' title='bbox 653 881 766 963; x_wconf 78' lang='grc' dir='ltr'>ψευδὴς</span> <span class='ocrx_word' id='word_1_42' title='bbox 780 878 857 942; x_wconf 86' lang='lat' dir='ltr'><strong>Ald.</strong></span> 
     </span>
    </p>

    <p class='ocr_par' dir='ltr' id='par_1_5' title="bbox 168 979 1273 1269">
     <span class='ocr_line' id='line_1_7' title="bbox 212 979 1273 1064; baseline 0.001 -23"><span class='ocrx_word' id='word_1_43' title='bbox 212 981 286 1062; x_wconf 82' lang='lat'><strong>356.</strong></span> <span class='ocrx_word' id='word_1_44' title='bbox 304 980 485 1058; x_wconf 78' lang='lat' dir='ltr'>Scholiasta,</span> <span class='ocrx_word' id='word_1_45' title='bbox 498 983 544 1046; x_wconf 80' lang='grc' dir='ltr'><strong>Οὐ</strong></span> <span class='ocrx_word' id='word_1_46' title='bbox 558 982 617 1064; x_wconf 78' lang='grc' dir='ltr'><strong>γάρ</strong></span> <span class='ocrx_word' id='word_1_47' title='bbox 631 1009 659 1047; x_wconf 90' lang='grc' dir='ltr'><strong>τι</strong></span> <span class='ocrx_word' id='word_1_48' title='bbox 674 982 810 1064; x_wconf 78' lang='grc' dir='ltr'>δράσειςι</span> <span class='ocrx_word' id='word_1_49' title='bbox 834 982 963 1059; x_wconf 77' lang='grc' dir='ltr'>Δίδυμος</span> <span class='ocrx_word' id='word_1_50' title='bbox 976 981 1051 1058; x_wconf 80' lang='grc' dir='ltr'>μετὰ</span> <span class='ocrx_word' id='word_1_51' title='bbox 1065 983 1171 1042; x_wconf 80' lang='grc' dir='ltr'>τοῦτον</span> <span class='ocrx_word' id='word_1_52' title='bbox 1186 979 1273 1061; x_wconf 75' lang='grc' dir='ltr'>φέρει</span> 
     </span>
     <span class='ocr_line' id='line_1_8' title="bbox 168 1079 1273 1171; baseline 0.004 -30"><span class='ocrx_word' id='word_1_53' title='bbox 168 1080 203 1142; x_wconf 88' lang='grc' dir='ltr'><strong>τὸ</strong></span> <span class='ocrx_word' id='word_1_54' title='bbox 222 1084 265 1161; x_wconf 89' lang='lat' dir='ltr'><strong>(v.</strong></span> <span class='ocrx_word' id='word_1_55' title='bbox 281 1083 383 1166; x_wconf 84' lang='lat'><strong>380.)‚</strong></span> <span class='ocrx_word' id='word_1_56' title='bbox 401 1088 472 1171; x_wconf 82' lang='grc' dir='ltr'>σιγῇ</span> <span class='ocrx_word' id='word_1_57' title='bbox 488 1087 594 1164; x_wconf 85' lang='grc' dir='ltr'>δόμους</span> <span class='ocrx_word' id='word_1_58' title='bbox 609 1083 742 1164; x_wconf 82' lang='grc' dir='ltr'>είσβᾶσ’,</span> <span class='ocrx_word' id='word_1_59' title='bbox 758 1082 795 1148; x_wconf 82' lang='grc' dir='ltr'><strong>ἵν’</strong></span> <span class='ocrx_word' id='word_1_60' title='bbox 812 1083 956 1164; x_wconf 82' lang='grc' dir='ltr'>ἔστρωται</span> <span class='ocrx_word' id='word_1_61' title='bbox 977 1079 1080 1163; x_wconf 84' lang='grc' dir='ltr'>λε’χσς,</span> <span class='ocrx_word' id='word_1_62' title='bbox 1096 1082 1145 1145; x_wconf 77' lang='grc' dir='ltr'><strong>καὶ</strong></span> <span class='ocrx_word' id='word_1_63' title='bbox 1158 1081 1273 1164; x_wconf 78' lang='grc' dir='ltr'>μέμφε-</span> 
     </span>
     <span class='ocr_line' id='line_1_9' title="bbox 168 1183 1251 1269; baseline 0.005 -26"><span class='ocrx_word' id='word_1_64' title='bbox 168 1208 217 1246; x_wconf 90' lang='grc' dir='ltr'><strong>ται</strong></span> <span class='ocrx_word' id='word_1_65' title='bbox 231 1191 293 1251; x_wconf 83' lang='grc' dir='ltr'>τοῖς</span> <span class='ocrx_word' id='word_1_66' title='bbox 307 1187 476 1267; x_wconf 81' lang='grc' dir='ltr'>ὑποκριταῖς</span> <span class='ocrx_word' id='word_1_67' title='bbox 490 1188 529 1253; x_wconf 81' lang='grc' dir='ltr'><strong>ὧς</strong></span> <span class='ocrx_word' id='word_1_68' title='bbox 543 1189 668 1268; x_wconf 76' lang='grc' dir='ltr'>ἀκαίρως</span> <span class='ocrx_word' id='word_1_69' title='bbox 683 1187 773 1251; x_wconf 78' lang='grc' dir='ltr'>αὐτὸν</span> <span class='ocrx_word' id='word_1_70' title='bbox 787 1186 964 1250; x_wconf 86' lang='grc' dir='ltr'>τάσσουσιν.</span> <span class='ocrx_word' id='word_1_71' title='bbox 989 1183 1059 1247; x_wconf 89' lang='lat' dir='ltr'><strong>Vid.</strong></span> <span class='ocrx_word' id='word_1_72' title='bbox 1075 1183 1115 1247; x_wconf 89' lang='lat' dir='ltr'><strong>ad</strong></span> <span class='ocrx_word' id='word_1_73' title='bbox 1133 1207 1160 1247; x_wconf 87' lang='lat' dir='ltr'><strong>v.</strong></span> <span class='ocrx_word' id='word_1_74' title='bbox 1176 1187 1251 1269; x_wconf 84' lang='lat'><strong>380.</strong></span> 
     </span>
    </p>

    <p class='ocr_par' dir='ltr' id='par_1_6' title="bbox 169 1286 1275 1452">
     <span class='ocr_line' id='line_1_10' title="bbox 212 1286 1275 1370; baseline -0.001 -20"><span class='ocrx_word' id='word_1_75' title='bbox 212 1305 231 1370; x_wconf 83' lang='lat'>3</span> <span class='ocrx_word' id='word_1_76' title='bbox 234 1302 286 1370; x_wconf 82' lang='lat'><strong>57.</strong></span> <span class='ocrx_word' id='word_1_77' title='bbox 310 1290 439 1352; x_wconf 79' lang='grc' dir='ltr'>δύστανε</span> <span class='ocrx_word' id='word_1_78' title='bbox 454 1291 541 1370; x_wconf 82' lang='grc' dir='ltr'>γύναι</span> <span class='ocrx_word' id='word_1_79' title='bbox 556 1311 618 1352; x_wconf 77' lang='grc' dir='ltr'>σοι.</span> <span class='ocrx_word' id='word_1_80' title='bbox 636 1291 730 1352; x_wconf 89' lang='lat' dir='ltr'><strong>Rom.</strong></span> <span class='ocrx_word' id='word_1_81' title='bbox 746 1291 783 1353; x_wconf 86' lang='lat' dir='ltr'><strong>C.</strong></span> <span class='ocrx_word' id='word_1_82' title='bbox 799 1302 830 1352; x_wconf 91' lang='lat' dir='ltr'><strong>et</strong></span> <span class='ocrx_word' id='word_1_83' title='bbox 850 1287 936 1351; x_wconf 87' lang='lat' dir='ltr'><strong>Flor.</strong></span> <span class='ocrx_word' id='word_1_84' title='bbox 954 1304 983 1348; x_wconf 84' lang='lat'><strong>2.</strong></span> <span class='ocrx_word' id='word_1_85' title='bbox 1003 1302 1051 1370; x_wconf 87' lang='lat'><strong>15.</strong></span> <span class='ocrx_word' id='word_1_86' title='bbox 1069 1301 1101 1350; x_wconf 91' lang='lat' dir='ltr'><strong>et</strong></span> <span class='ocrx_word' id='word_1_87' title='bbox 1115 1300 1198 1350; x_wconf 89' lang='lat' dir='ltr'><strong>recte</strong></span> <span class='ocrx_word' id='word_1_88' title='bbox 1211 1286 1275 1351; x_wconf 81' lang='lat' dir='ltr'><strong>for-</strong></span> 
     </span>
     <span class='ocr_line' id='line_1_11' title="bbox 169 1403 259 1452; baseline 0.022 -2"><span class='ocrx_word' id='word_1_89' title='bbox 169 1403 259 1452; x_wconf 88' lang='lat' dir='ltr'><strong>tasse.</strong></span> 
     </span>
    </p>

    <p class='ocr_par' dir='ltr' id='par_1_7' title="bbox 213 1494 917 1578">
     <span class='ocr_line' id='line_1_12' title="bbox 213 1494 917 1578; baseline 0.004 -23"><span class='ocrx_word' id='word_1_90' title='bbox 213 1494 288 1575; x_wconf 83' lang='lat'><strong>364.</strong></span> <span class='ocrx_word' id='word_1_91' title='bbox 303 1495 455 1578; x_wconf 76' lang='grc' dir='ltr'>πανταχῆ]</span> <span class='ocrx_word' id='word_1_92' title='bbox 473 1500 627 1578; x_wconf 80' lang='grc' dir='ltr'>πανταχοῦ</span> <span class='ocrx_word' id='word_1_93' title='bbox 644 1494 720 1558; x_wconf 87' lang='lat' dir='ltr'><strong>Chr.</strong></span> <span class='ocrx_word' id='word_1_94' title='bbox 737 1496 808 1558; x_wconf 83' lang='lat' dir='ltr'><strong>Par.</strong></span> <span class='ocrx_word' id='word_1_95' title='bbox 825 1495 917 1558; x_wconf 87' lang='lat'>1060.</span> 
     </span>
    </p>

    <p class='ocr_par' dir='ltr' id='par_1_8' title="bbox 169 1595 1281 4557">
     <span class='ocr_line' id='line_1_13' title="bbox 212 1595 1275 1684; baseline 0.003 -28"><span class='ocrx_word' id='word_1_96' title='bbox 212 1596 288 1678; x_wconf 81' lang='lat'><strong>365.</strong></span> <span class='ocrx_word' id='word_1_97' title='bbox 311 1595 379 1658; x_wconf 78' lang='grc' dir='ltr'>ἀλλ’</span> <span class='ocrx_word' id='word_1_98' title='bbox 396 1598 458 1660; x_wconf 84' lang='grc' dir='ltr'>οὔτι</span> <span class='ocrx_word' id='word_1_99' title='bbox 472 1599 562 1684; x_wconf 78' lang='grc' dir='ltr'>ταύτῃ</span> <span class='ocrx_word' id='word_1_100' title='bbox 577 1597 684 1683; x_wconf 79' lang='grc' dir='ltr'>ταῦτα]</span> <span class='ocrx_word' id='word_1_101' title='bbox 704 1596 922 1684; x_wconf 88' lang='lat' dir='ltr'><strong>Supplendum</strong></span> <span class='ocrx_word' id='word_1_102' title='bbox 940 1596 1136 1676; x_wconf 80' lang='grc' dir='ltr'>ἀποβήσεται.</span> <span class='ocrx_word' id='word_1_103' title='bbox 1174 1596 1275 1660; x_wconf 84' lang='lat' dir='ltr'>Recte</span> 
     </span>
     <span class='ocr_line' id='line_1_14' title="bbox 171 1697 1275 1786; baseline 0.004 -27"><span class='ocrx_word' id='word_1_104' title='bbox 171 1697 341 1776; x_wconf 88' lang='lat' dir='ltr'><strong>Heathius,</strong></span> <span class='ocrx_word' id='word_1_105' title='bbox 361 1708 395 1762; x_wconf 85' lang='lat' dir='ltr'><strong>at</strong></span> <span class='ocrx_word' id='word_1_106' title='bbox 417 1721 480 1762; x_wconf 81' lang='grc' dir='ltr'>ιιοιι</span> <span class='ocrx_word' id='word_1_107' title='bbox 503 1701 571 1764; x_wconf 73' lang='lat' dir='ltr'><strong>Iuro</strong></span> <span class='ocrx_word' id='word_1_108' title='bbox 593 1700 649 1764; x_wconf 84' lang='grc' dir='ltr'>ίιοι</span> <span class='ocrx_word' id='word_1_109' title='bbox 669 1701 757 1764; x_wconf 85' lang='lat' dir='ltr'><strong>modo</strong></span> <span class='ocrx_word' id='word_1_110' title='bbox 777 1700 921 1764; x_wconf 78' lang='lat' dir='ltr'><strong>abibunt.</strong></span> <span class='ocrx_word' id='word_1_111' title='bbox 966 1701 1082 1763; x_wconf 82' lang='lat' dir='ltr'>Noster</span> <span class='ocrx_word' id='word_1_112' title='bbox 1102 1698 1206 1786; x_wconf 90' lang='lat' dir='ltr'><strong>Hipp.</strong></span> <span class='ocrx_word' id='word_1_113' title='bbox 1220 1717 1275 1779; x_wconf 88' lang='lat'><strong>41.</strong></span> 
     </span>
     <span class='ocr_line' id='line_1_15' title="bbox 170 1797 1277 1889; baseline 0.005 -28"><span class='ocrx_word' id='word_1_114' title='bbox 170 1797 238 1861; x_wconf 81' lang='grc' dir='ltr'>ἀλλ’</span> <span class='ocrx_word' id='word_1_115' title='bbox 262 1802 325 1864; x_wconf 83' lang='grc' dir='ltr'>οὔτι</span> <span class='ocrx_word' id='word_1_116' title='bbox 348 1803 438 1889; x_wconf 83' lang='grc' dir='ltr'>ταύτῃ</span> <span class='ocrx_word' id='word_1_117' title='bbox 460 1800 538 1866; x_wconf 87' lang='grc' dir='ltr'>τόνδ’</span> <span class='ocrx_word' id='word_1_118' title='bbox 561 1804 656 1884; x_wconf 78' lang='grc' dir='ltr'>ἔρωτα</span> <span class='ocrx_word' id='word_1_119' title='bbox 676 1802 734 1885; x_wconf 76' lang='grc' dir='ltr'><strong>χρὴ</strong></span> <span class='ocrx_word' id='word_1_120' title='bbox 753 1809 869 1867; x_wconf 78' lang='grc' dir='ltr'>πεσεῖν.</span> <span class='ocrx_word' id='word_1_121' title='bbox 915 1800 972 1865; x_wconf 87' lang='lat' dir='ltr'><strong>Ad</strong></span> <span class='ocrx_word' id='word_1_122' title='bbox 994 1823 1088 1888; x_wconf 91' lang='lat' dir='ltr'><strong>quem</strong></span> <span class='ocrx_word' id='word_1_123' title='bbox 1108 1799 1210 1865; x_wconf 87' lang='lat' dir='ltr'><strong>locum</strong></span> <span class='ocrx_word' id='word_1_124' title='bbox 1231 1824 1277 1866; x_wconf 82' lang='lat' dir='ltr'><strong>se·</strong></span> 
     </span>
     <span class='ocr_line' id='line_1_16' title="bbox 170 1902 1277 1992; baseline 0.004 -28"><span class='ocrx_word' id='word_1_125' title='bbox 170 1902 297 1988; x_wconf 83' lang='lat' dir='ltr'><strong>quentia</strong></span> <span class='ocrx_word' id='word_1_126' title='bbox 319 1903 425 1968; x_wconf 91' lang='lat' dir='ltr'><strong>attulit</strong></span> <span class='ocrx_word' id='word_1_127' title='bbox 440 1903 673 1969; x_wconf 82' lang='lat' dir='ltr'><strong>Valckenarius.</strong></span> <span class='ocrx_word' id='word_1_128' title='bbox 706 1903 879 1992; x_wconf 84' lang='lat' dir='ltr'><strong>AEscbylus</strong></span> <span class='ocrx_word' id='word_1_129' title='bbox 902 1906 1008 1968; x_wconf 88' lang='lat' dir='ltr'><strong>Prom.</strong></span> <span class='ocrx_word' id='word_1_130' title='bbox 1024 1924 1098 1987; x_wconf 85' lang='lat'>510.</span> <span class='ocrx_word' id='word_1_131' title='bbox 1117 1903 1164 1968; x_wconf 75' lang='grc' dir='ltr'><strong>Οὔ</strong></span> <span class='ocrx_word' id='word_1_132' title='bbox 1185 1908 1277 1968; x_wconf 73' lang='grc' dir='ltr'>ταῦτα</span> 
     </span>
     <span class='ocr_line' id='line_1_17' title="bbox 169 2005 1276 2094; baseline 0.003 -28"><span class='ocrx_word' id='word_1_133' title='bbox 169 2007 261 2092; x_wconf 78' lang='grc' dir='ltr'>ταύτῃ</span> <span class='ocrx_word' id='word_1_134' title='bbox 275 2005 363 2087; x_wconf 82' lang='grc' dir='ltr'>μοῖρά</span> <span class='ocrx_word' id='word_1_135' title='bbox 374 2033 419 2070; x_wconf 86' lang='grc' dir='ltr'><strong>τω</strong></span> <span class='ocrx_word' id='word_1_136' title='bbox 435 2010 621 2090; x_wconf 80' lang='grc' dir='ltr'>τελεσφόρος</span> <span class='ocrx_word' id='word_1_137' title='bbox 640 2005 645 2093; x_wconf 93' lang='grc' dir='ltr'>Ι</span> <span class='ocrx_word' id='word_1_138' title='bbox 666 2012 770 2088; x_wconf 78' lang='grc' dir='ltr'>κρᾶναι</span> <span class='ocrx_word' id='word_1_139' title='bbox 783 2005 945 2088; x_wconf 77' lang='grc' dir='ltr'>πέπρωται.</span> <span class='ocrx_word' id='word_1_140' title='bbox 968 2005 1199 2094; x_wconf 83' lang='lat' dir='ltr'><strong>Aristophanes</strong></span> <span class='ocrx_word' id='word_1_141' title='bbox 1211 2007 1276 2094; x_wconf 89' lang='lat' dir='ltr'><strong>Eq.</strong></span> 
     </span>
     <span class='ocr_line' id='line_1_18' title="bbox 171 2109 1278 2198; baseline 0.003 -28"><span class='ocrx_word' id='word_1_142' title='bbox 171 2113 246 2194; x_wconf 86' lang='lat'><strong>839.</strong></span> <span class='ocrx_word' id='word_1_143' title='bbox 263 2109 337 2187; x_wconf 79' lang='grc' dir='ltr'>Οὐκ,</span> <span class='ocrx_word' id='word_1_144' title='bbox 352 2111 474 2192; x_wconf 76' lang='grc' dir='ltr'>ὦγαθοὶ,</span> <span class='ocrx_word' id='word_1_145' title='bbox 490 2109 569 2175; x_wconf 83' lang='grc' dir='ltr'>ταῦτ’</span> <span class='ocrx_word' id='word_1_146' title='bbox 586 2112 654 2174; x_wconf 69' lang='lat' dir='ltr'><strong>tort</strong></span> <span class='ocrx_word' id='word_1_147' title='bbox 666 2137 711 2175; x_wconf 86' lang='grc' dir='ltr'><strong>πω</strong></span> <span class='ocrx_word' id='word_1_148' title='bbox 726 2112 828 2198; x_wconf 81' lang='grc' dir='ltr'>ταύτῃ,</span> <span class='ocrx_word' id='word_1_149' title='bbox 842 2113 885 2191; x_wconf 85' lang='grc' dir='ltr'><strong>μδ</strong></span> <span class='ocrx_word' id='word_1_150' title='bbox 898 2109 953 2174; x_wconf 88' lang='grc' dir='ltr'><strong>τδν</strong></span> <span class='ocrx_word' id='word_1_151' title='bbox 967 2114 1118 2174; x_wconf 77' lang='grc' dir='ltr'>Ποσειδῶ.</span> <span class='ocrx_word' id='word_1_152' title='bbox 1152 2109 1278 2174; x_wconf 85' lang='lat' dir='ltr'><strong>Ennius</strong></span> 
     </span>
     <span class='ocr_line' id='line_1_19' title="bbox 170 2211 1277 2300; baseline 0.003 -26"><span class='ocrx_word' id='word_1_153' title='bbox 170 2211 255 2297; x_wconf 92' lang='lat' dir='ltr'><strong>apud</strong></span> <span class='ocrx_word' id='word_1_154' title='bbox 273 2212 454 2276; x_wconf 84' lang='lat' dir='ltr'>Ciceronem</span> <span class='ocrx_word' id='word_1_155' title='bbox 477 2213 518 2276; x_wconf 93' lang='lat' dir='ltr'><strong>de</strong></span> <span class='ocrx_word' id='word_1_156' title='bbox 541 2214 616 2277; x_wconf 88' lang='lat' dir='ltr'><strong>Nat.</strong></span> <span class='ocrx_word' id='word_1_157' title='bbox 631 2213 726 2276; x_wconf 90' lang='lat' dir='ltr'><strong>Deor.</strong></span> <span class='ocrx_word' id='word_1_158' title='bbox 742 2232 773 2297; x_wconf 85' lang='lat'><strong>3.</strong></span> <span class='ocrx_word' id='word_1_159' title='bbox 792 2216 843 2275; x_wconf 72' lang='grc' dir='ltr'><strong>τό.</strong></span> <span class='ocrx_word' id='word_1_160' title='bbox 860 2213 1070 2300; x_wconf 77' lang='lat' dir='ltr'><strong><em>Nequaquam</em></strong></span> <span class='ocrx_word' id='word_1_161' title='bbox 1092 2214 1175 2276; x_wconf 82' lang='lat' dir='ltr'><strong>istac</strong></span> <span class='ocrx_word' id='word_1_162' title='bbox 1198 2214 1277 2277; x_wconf 74' lang='lat' dir='ltr'><strong>tatae</strong></span> 
     </span>
     <span class='ocr_line' id='line_1_20' title="bbox 170 2313 1276 2403; baseline 0.002 -28"><span class='ocrx_word' id='word_1_163' title='bbox 170 2314 239 2377; x_wconf 74' lang='lat' dir='ltr'><strong>ibit.</strong></span> <span class='ocrx_word' id='word_1_164' title='bbox 269 2314 330 2379; x_wconf 87' lang='lat' dir='ltr'><strong>Sed</strong></span> <span class='ocrx_word' id='word_1_165' title='bbox 346 2316 599 2403; x_wconf 78' lang='lat' dir='ltr'><strong>operaepretium</strong></span> <span class='ocrx_word' id='word_1_166' title='bbox 615 2330 661 2379; x_wconf 87' lang='lat' dir='ltr'><strong>est</strong></span> <span class='ocrx_word' id='word_1_167' title='bbox 675 2315 834 2380; x_wconf 84' lang='lat' dir='ltr'>Ciceronis</span> <span class='ocrx_word' id='word_1_168' title='bbox 849 2313 951 2379; x_wconf 89' lang='lat' dir='ltr'><strong>locum</strong></span> <span class='ocrx_word' id='word_1_169' title='bbox 966 2338 1134 2403; x_wconf 86' lang='lat' dir='ltr'><strong>apponere,</strong></span> <span class='ocrx_word' id='word_1_170' title='bbox 1150 2338 1211 2378; x_wconf 91' lang='lat' dir='ltr'><strong>uon</strong></span> <span class='ocrx_word' id='word_1_171' title='bbox 1228 2313 1276 2378; x_wconf 90' lang='lat' dir='ltr'><strong>iu·</strong></span> 
     </span>
     <span class='ocr_line' id='line_1_21' title="bbox 172 2416 1277 2505; baseline 0.003 -27"><span class='ocrx_word' id='word_1_172' title='bbox 172 2428 295 2501; x_wconf 87' lang='lat' dir='ltr'><strong>tegrum</strong></span> <span class='ocrx_word' id='word_1_173' title='bbox 307 2416 447 2503; x_wconf 86' lang='lat' dir='ltr'><strong>quidem,</strong></span> <span class='ocrx_word' id='word_1_174' title='bbox 460 2418 513 2482; x_wconf 75' lang='lat' dir='ltr'><strong>sad</strong></span> <span class='ocrx_word' id='word_1_175' title='bbox 525 2417 627 2504; x_wconf 86' lang='lat' dir='ltr'><strong>qualis</strong></span> <span class='ocrx_word' id='word_1_176' title='bbox 638 2433 759 2482; x_wconf 87' lang='lat' dir='ltr'><strong>exstat:</strong></span> <span class='ocrx_word' id='word_1_177' title='bbox 784 2418 850 2484; x_wconf 76' lang='lat' dir='ltr'><strong>Sed</strong></span> <span class='ocrx_word' id='word_1_178' title='bbox 865 2419 884 2457; x_wconf 68' lang='lat'><strong>*²</strong></span> <span class='ocrx_word' id='word_1_179' title='bbox 900 2418 919 2457; x_wconf 67' lang='lat'><strong>⁴*</strong></span> <span class='ocrx_word' id='word_1_180' title='bbox 935 2417 954 2456; x_wconf 66' lang='lat'><strong>⁴*</strong></span> <span class='ocrx_word' id='word_1_181' title='bbox 970 2420 1180 2505; x_wconf 84' lang='lat' dir='ltr'><strong>Nequaquam</strong></span> <span class='ocrx_word' id='word_1_182' title='bbox 1196 2416 1277 2481; x_wconf 89' lang='lat' dir='ltr'><strong>istuc</strong></span> 
     </span>
     <span class='ocr_line' id='line_1_22' title="bbox 171 2516 1277 2610; baseline 0.004 -31"><span class='ocrx_word' id='word_1_183' title='bbox 171 2516 247 2581; x_wconf 89' lang='lat' dir='ltr'><strong>istac</strong></span> <span class='ocrx_word' id='word_1_184' title='bbox 262 2519 377 2583; x_wconf 90' lang='lat' dir='ltr'><strong>abibit:</strong></span> <span class='ocrx_word' id='word_1_185' title='bbox 403 2543 517 2606; x_wconf 85' lang='lat' dir='ltr'><strong>magna</strong></span> <span class='ocrx_word' id='word_1_186' title='bbox 530 2521 609 2584; x_wconf 84' lang='lat' dir='ltr'><strong>inest</strong></span> <span class='ocrx_word' id='word_1_187' title='bbox 623 2520 762 2586; x_wconf 88' lang='lat' dir='ltr'><strong>certatio.</strong></span> <span class='ocrx_word' id='word_1_188' title='bbox 783 2520 790 2610; x_wconf 92' lang='grc' dir='ltr'>Ι</span> <span class='ocrx_word' id='word_1_189' title='bbox 809 2523 892 2585; x_wconf 93' lang='lat' dir='ltr'><strong>Nam</strong></span> <span class='ocrx_word' id='word_1_190' title='bbox 913 2538 949 2585; x_wconf 89' lang='lat' dir='ltr'><strong>ut</strong></span> <span class='ocrx_word' id='word_1_191' title='bbox 963 2543 1023 2606; x_wconf 88' lang='lat' dir='ltr'><strong>ego</strong></span> <span class='ocrx_word' id='word_1_192' title='bbox 1037 2519 1098 2582; x_wconf 85' lang='lat' dir='ltr'><strong>illis</strong></span> <span class='ocrx_word' id='word_1_193' title='bbox 1119 2519 1277 2605; x_wconf 84' lang='lat' dir='ltr'><strong>supplica-</strong></span> 
     </span>
     <span class='ocr_line' id='line_1_23' title="bbox 172 2621 1277 2711; baseline 0 -27"><span class='ocrx_word' id='word_1_194' title='bbox 172 2643 235 2684; x_wconf 88' lang='lat' dir='ltr'><strong>rem</strong></span> <span class='ocrx_word' id='word_1_195' title='bbox 254 2636 340 2687; x_wconf 87' lang='lat' dir='ltr'><strong>tanta</strong></span> <span class='ocrx_word' id='word_1_196' title='bbox 354 2623 629 2710; x_wconf 80' lang='lat' dir='ltr'><strong>blandiloquentia.</strong></span> <span class='ocrx_word' id='word_1_197' title='bbox 657 2624 759 2688; x_wconf 78' lang='lat' dir='ltr'><strong>Niobe</strong></span> <span class='ocrx_word' id='word_1_198' title='bbox 767 2645 926 2711; x_wconf 79' lang='lat' dir='ltr'><strong>parumne</strong></span> <span class='ocrx_word' id='word_1_199' title='bbox 938 2622 1126 2686; x_wconf 77' lang='lat' dir='ltr'><strong>ratiocinari</strong></span> <span class='ocrx_word' id='word_1_200' title='bbox 1138 2621 1277 2699; x_wconf 74' lang='lat' dir='ltr'><strong>videta-r,</strong></span> 
     </span>
     <span class='ocr_line' id='line_1_24' title="bbox 172 2725 1277 2814; baseline 0 -26"><span class='ocrx_word' id='word_1_201' title='bbox 172 2735 201 2789; x_wconf 85' lang='lat' dir='ltr'><strong>et</strong></span> <span class='ocrx_word' id='word_1_202' title='bbox 215 2727 276 2789; x_wconf 79' lang='lat' dir='ltr'><strong>eibi</strong></span> <span class='ocrx_word' id='word_1_203' title='bbox 290 2729 362 2813; x_wconf 80' lang='lat' dir='ltr'><strong>ipsa</strong></span> <span class='ocrx_word' id='word_1_204' title='bbox 378 2729 536 2813; x_wconf 70' lang='lat' dir='ltr'><strong>nqfirriam</strong></span> <span class='ocrx_word' id='word_1_205' title='bbox 547 2738 667 2812; x_wconf 79' lang='lat' dir='ltr'><strong>pestem</strong></span> <span class='ocrx_word' id='word_1_206' title='bbox 682 2728 887 2792; x_wconf 76' lang='lat' dir='ltr'><strong>machinari?</strong></span> <span class='ocrx_word' id='word_1_207' title='bbox 910 2725 999 2791; x_wconf 83' lang='lat' dir='ltr'><strong>Illud</strong></span> <span class='ocrx_word' id='word_1_208' title='bbox 1014 2747 1197 2814; x_wconf 83' lang='lat' dir='ltr'><strong>veroquam</strong></span> <span class='ocrx_word' id='word_1_209' title='bbox 1212 2726 1277 2789; x_wconf 84' lang='lat' dir='ltr'><strong>col·</strong></span> 
     </span>
     <span class='ocr_line' id='line_1_25' title="bbox 171 2828 1278 2918; baseline 0.001 -27"><span class='ocrx_word' id='word_1_210' title='bbox 171 2829 239 2891; x_wconf 79' lang='lat' dir='ltr'><strong>lida</strong></span> <span class='ocrx_word' id='word_1_211' title='bbox 254 2832 401 2893; x_wconf 75' lang='lat' dir='ltr'><strong>ratione?</strong></span> <span class='ocrx_word' id='word_1_212' title='bbox 425 2829 487 2908; x_wconf 84' lang='lat' dir='ltr'><strong>Qui</strong></span> <span class='ocrx_word' id='word_1_213' title='bbox 502 2829 568 2894; x_wconf 83' lang='lat' dir='ltr'><strong>volt</strong></span> <span class='ocrx_word' id='word_1_214' title='bbox 582 2854 659 2909; x_wconf 87' lang='lat' dir='ltr'><strong>esse,</strong></span> <span class='ocrx_word' id='word_1_215' title='bbox 675 2830 761 2918; x_wconf 93' lang='lat' dir='ltr'><strong>quod</strong></span> <span class='ocrx_word' id='word_1_216' title='bbox 777 2830 861 2904; x_wconf 81' lang='grc' dir='ltr'>νο1ῑ;</span> <span class='ocrx_word' id='word_1_217' title='bbox 885 2830 930 2894; x_wconf 88' lang='lat' dir='ltr'><strong>ita</strong></span> <span class='ocrx_word' id='word_1_218' title='bbox 944 2828 1000 2893; x_wconf 88' lang='lat' dir='ltr'><strong>dat</strong></span> <span class='ocrx_word' id='word_1_219' title='bbox 1020 2853 1052 2893; x_wconf 89' lang='lat' dir='ltr'><strong>se</strong></span> <span class='ocrx_word' id='word_1_220' title='bbox 1074 2852 1133 2907; x_wconf 83' lang='lat' dir='ltr'><strong>res,</strong></span> <span class='ocrx_word' id='word_1_221' title='bbox 1151 2842 1186 2893; x_wconf 89' lang='lat' dir='ltr'><strong>ut</strong></span> <span class='ocrx_word' id='word_1_222' title='bbox 1201 2851 1278 2916; x_wconf 84' lang='lat' dir='ltr'><strong>ope·</strong></span> 
     </span>
     <span class='ocr_line' id='line_1_26' title="bbox 173 2929 1280 3007; baseline 0.001 -14"><span class='ocrx_word' id='word_1_223' title='bbox 173 2954 237 2994; x_wconf 87' lang='lat' dir='ltr'><strong>ram</strong></span> <span class='ocrx_word' id='word_1_224' title='bbox 254 2930 352 2998; x_wconf 85' lang='lat' dir='ltr'><strong>dabit.</strong></span> <span class='ocrx_word' id='word_1_225' title='bbox 393 2935 455 3007; x_wconf 80' lang='lat' dir='ltr'><strong>Qui</strong></span> <span class='ocrx_word' id='word_1_226' title='bbox 470 2943 516 2998; x_wconf 79' lang='lat' dir='ltr'><strong>eat</strong></span> <span class='ocrx_word' id='word_1_227' title='bbox 531 2957 642 3000; x_wconf 79' lang='lat' dir='ltr'><strong>versae</strong></span> <span class='ocrx_word' id='word_1_228' title='bbox 663 2936 802 2999; x_wconf 78' lang='lat' dir='ltr'><strong>martiam</strong></span> <span class='ocrx_word' id='word_1_229' title='bbox 825 2935 998 2997; x_wconf 74' lang='lat' dir='ltr'><strong>remittatur</strong></span> <span class='ocrx_word' id='word_1_230' title='bbox 1012 2933 1180 2997; x_wconf 82' lang='lat' dir='ltr'><strong>maloram.</strong></span> <span class='ocrx_word' id='word_1_231' title='bbox 1220 2929 1280 2994; x_wconf 82' lang='lat' dir='ltr'><strong>ltle</strong></span> 
     </span>
     <span class='ocr_line' id='line_1_27' title="bbox 174 3033 1280 3122; baseline 0 -26"><span class='ocrx_word' id='word_1_232' title='bbox 174 3049 348 3097; x_wconf 88' lang='lat' dir='ltr'><strong>transversa</strong></span> <span class='ocrx_word' id='word_1_233' title='bbox 370 3050 472 3100; x_wconf 88' lang='lat' dir='ltr'><strong>mente</strong></span> <span class='ocrx_word' id='word_1_234' title='bbox 494 3036 570 3100; x_wconf 90' lang='lat' dir='ltr'><strong>mibi</strong></span> <span class='ocrx_word' id='word_1_235' title='bbox 595 3037 688 3102; x_wconf 88' lang='lat' dir='ltr'><strong>hodie</strong></span> <span class='ocrx_word' id='word_1_236' title='bbox 713 3036 842 3101; x_wconf 80' lang='lat' dir='ltr'><strong>tradidit</strong></span> <span class='ocrx_word' id='word_1_237' title='bbox 863 3036 1032 3122; x_wconf 83' lang='lat' dir='ltr'><strong>repagula:</strong></span> <span class='ocrx_word' id='word_1_238' title='bbox 1053 3033 1059 3121; x_wconf 93' lang='grc' dir='ltr'>Ι</span> <span class='ocrx_word' id='word_1_239' title='bbox 1078 3033 1195 3121; x_wconf 85' lang='lat' dir='ltr'><strong>quibus</strong></span> <span class='ocrx_word' id='word_1_240' title='bbox 1219 3056 1280 3120; x_wconf 81' lang='lat' dir='ltr'><strong>ego</strong></span> 
     </span>
     <span class='ocr_line' id='line_1_28' title="bbox 173 3134 1280 3227; baseline 0.002 -29"><span class='ocrx_word' id='word_1_241' title='bbox 173 3134 249 3198; x_wconf 92' lang='lat' dir='ltr'><strong>iram</strong></span> <span class='ocrx_word' id='word_1_242' title='bbox 262 3159 384 3200; x_wconf 87' lang='lat' dir='ltr'><strong>omnem</strong></span> <span class='ocrx_word' id='word_1_243' title='bbox 398 3137 568 3217; x_wconf 82' lang='lat' dir='ltr'><strong>recludam,</strong></span> <span class='ocrx_word' id='word_1_244' title='bbox 581 3155 676 3227; x_wconf 89' lang='lat' dir='ltr'><strong>atque</strong></span> <span class='ocrx_word' id='word_1_245' title='bbox 691 3139 734 3203; x_wconf 84' lang='lat' dir='ltr'><strong>illi</strong></span> <span class='ocrx_word' id='word_1_246' title='bbox 750 3137 916 3227; x_wconf 86' lang='lat' dir='ltr'><strong>perniciem</strong></span> <span class='ocrx_word' id='word_1_247' title='bbox 932 3136 1033 3201; x_wconf 88' lang='lat' dir='ltr'><strong>dabo:</strong></span> <span class='ocrx_word' id='word_1_248' title='bbox 1054 3135 1060 3224; x_wconf 91' lang='grc' dir='ltr'>Ι</span> <span class='ocrx_word' id='word_1_249' title='bbox 1080 3135 1154 3199; x_wconf 91' lang='lat' dir='ltr'><strong>mihi</strong></span> <span class='ocrx_word' id='word_1_250' title='bbox 1168 3158 1280 3200; x_wconf 90' lang='lat' dir='ltr'><strong>moero-</strong></span> 
     </span>
     <span class='ocr_line' id='line_1_29' title="bbox 174 3237 1278 3320; baseline 0 -20"><span class='ocrx_word' id='word_1_251' title='bbox 174 3261 234 3315; x_wconf 88' lang='lat' dir='ltr'><strong>res,</strong></span> <span class='ocrx_word' id='word_1_252' title='bbox 249 3237 293 3301; x_wconf 88' lang='lat' dir='ltr'><strong>illi</strong></span> <span class='ocrx_word' id='word_1_253' title='bbox 308 3237 446 3304; x_wconf 88' lang='lat' dir='ltr'><strong>luctum:</strong></span> <span class='ocrx_word' id='word_1_254' title='bbox 471 3240 600 3305; x_wconf 86' lang='lat' dir='ltr'><strong>exitium</strong></span> <span class='ocrx_word' id='word_1_255' title='bbox 617 3241 828 3320; x_wconf 65' lang='lat' dir='ltr'><strong>intexebant</strong></span> <span class='ocrx_word' id='word_1_256' title='bbox 844 3240 931 3302; x_wconf 90' lang='lat' dir='ltr'><strong>mibi.</strong></span> <span class='ocrx_word' id='word_1_257' title='bbox 955 3240 1052 3302; x_wconf 77' lang='lat' dir='ltr'><strong>Hanc</strong></span> <span class='ocrx_word' id='word_1_258' title='bbox 1067 3238 1209 3302; x_wconf 79' lang='lat' dir='ltr'><strong>uidelicet</strong></span> <span class='ocrx_word' id='word_1_259' title='bbox 1223 3259 1278 3301; x_wconf 89' lang='grc' dir='ltr'><strong>τα-</strong></span> 
     </span>
     <span class='ocr_line' id='line_1_30' title="bbox 172 3338 1278 3429; baseline -0.001 -24"><span class='ocrx_word' id='word_1_260' title='bbox 172 3343 298 3416; x_wconf 81' lang='lat' dir='ltr'><strong>tionem,</strong></span> <span class='ocrx_word' id='word_1_261' title='bbox 314 3365 407 3429; x_wconf 85' lang='lat' dir='ltr'><strong>qaam</strong></span> <span class='ocrx_word' id='word_1_262' title='bbox 424 3365 479 3407; x_wconf 84' lang='lat' dir='ltr'><strong>vos</strong></span> <span class='ocrx_word' id='word_1_263' title='bbox 493 3344 602 3407; x_wconf 79' lang='lat' dir='ltr'><strong>divino</strong></span> <span class='ocrx_word' id='word_1_264' title='bbox 616 3345 760 3429; x_wconf 72' lang='lat' dir='ltr'><strong>benapiciu</strong></span> <span class='ocrx_word' id='word_1_265' title='bbox 774 3343 894 3406; x_wconf 73' lang='lat' dir='ltr'><strong>homini</strong></span> <span class='ocrx_word' id='word_1_266' title='bbox 912 3341 1010 3405; x_wconf 81' lang='grc' dir='ltr'>ιοίιιιν</span> <span class='ocrx_word' id='word_1_267' title='bbox 1031 3340 1182 3403; x_wconf 77' lang='lat' dir='ltr'><strong>tributam</strong></span> <span class='ocrx_word' id='word_1_268' title='bbox 1196 3338 1278 3404; x_wconf 74' lang='lat' dir='ltr'><strong>dict-</strong></span> 
     </span>
     <span class='ocr_line' id='line_1_31' title="bbox 172 3441 1280 3534; baseline 0 -27"><span class='ocrx_word' id='word_1_269' title='bbox 172 3445 225 3520; x_wconf 80' lang='lat' dir='ltr'><strong>tr&#39;s,</strong></span> <span class='ocrx_word' id='word_1_270' title='bbox 241 3445 346 3508; x_wconf 76' lang='lat' dir='ltr'><strong>bestia</strong></span> <span class='ocrx_word' id='word_1_271' title='bbox 358 3467 421 3508; x_wconf 83' lang='lat' dir='ltr'><strong>non</strong></span> <span class='ocrx_word' id='word_1_272' title='bbox 436 3445 559 3510; x_wconf 73' lang='lat' dir='ltr'><strong>habeat.</strong></span> <span class='ocrx_word' id='word_1_273' title='bbox 595 3447 732 3510; x_wconf 77' lang='lat' dir='ltr'><strong>Videsne</strong></span> <span class='ocrx_word' id='word_1_274' title='bbox 746 3447 862 3534; x_wconf 81' lang='lat' dir='ltr'><strong>igitar,</strong></span> <span class='ocrx_word' id='word_1_275' title='bbox 876 3451 993 3531; x_wconf 82' lang='lat' dir='ltr'><strong>quanto</strong></span> <span class='ocrx_word' id='word_1_276' title='bbox 1008 3463 1137 3505; x_wconf 81' lang='lat' dir='ltr'><strong>munere</strong></span> <span class='ocrx_word' id='word_1_277' title='bbox 1150 3441 1280 3507; x_wconf 80' lang='lat' dir='ltr'><strong>deorum</strong></span> 
     </span>
     <span class='ocr_line' id='line_1_32' title="bbox 172 3546 1280 3635; baseline 0.001 -26"><span class='ocrx_word' id='word_1_278' title='bbox 172 3548 273 3610; x_wconf 80' lang='lat' dir='ltr'><strong>aimus</strong></span> <span class='ocrx_word' id='word_1_279' title='bbox 283 3549 411 3632; x_wconf 67' lang='lat' dir='ltr'><strong>affecti?</strong></span> <span class='ocrx_word' id='word_1_280' title='bbox 433 3558 525 3635; x_wconf 80' lang='lat' dir='ltr'><strong>atque</strong></span> <span class='ocrx_word' id='word_1_281' title='bbox 536 3548 641 3612; x_wconf 87' lang='lat' dir='ltr'><strong>eadem</strong></span> <span class='ocrx_word' id='word_1_282' title='bbox 654 3548 770 3611; x_wconf 78' lang='lat' dir='ltr'><strong>Medea</strong></span> <span class='ocrx_word' id='word_1_283' title='bbox 777 3556 900 3634; x_wconf 84' lang='lat' dir='ltr'><strong>patrem</strong></span> <span class='ocrx_word' id='word_1_284' title='bbox 909 3546 1280 3633; x_wconf 77' lang='lat' dir='ltr'><strong>patriamqacfagr&#39;eaa:</strong></span> 
     </span>
     <span class='ocr_line' id='line_1_33' title="bbox 173 3647 1281 3739; baseline 0 -27"><span class='ocrx_word' id='word_1_285' title='bbox 173 3665 339 3735; x_wconf 87' lang='lat' dir='ltr'><strong>postquam</strong></span> <span class='ocrx_word' id='word_1_286' title='bbox 356 3664 445 3736; x_wconf 82' lang='lat' dir='ltr'><strong>pater</strong></span> <span class='ocrx_word' id='word_1_287' title='bbox 464 3652 469 3737; x_wconf 91' lang='grc' dir='ltr'>Ι</span> <span class='ocrx_word' id='word_1_288' title='bbox 488 3651 734 3739; x_wconf 82' lang='lat' dir='ltr'><strong>appropinquat,</strong></span> <span class='ocrx_word' id='word_1_289' title='bbox 753 3651 896 3738; x_wconf 86' lang='lat' dir='ltr'><strong>jamque,</strong></span> <span class='ocrx_word' id='word_1_290' title='bbox 919 3671 1008 3736; x_wconf 77' lang='lat' dir='ltr'><strong>pane</strong></span> <span class='ocrx_word' id='word_1_291' title='bbox 1027 3659 1063 3711; x_wconf 92' lang='lat' dir='ltr'><strong>ut</strong></span> <span class='ocrx_word' id='word_1_292' title='bbox 1078 3647 1281 3734; x_wconf 83' lang='lat' dir='ltr'><strong>eomprehen-</strong></span> 
     </span>
     <span class='ocr_line' id='line_1_34' title="bbox 173 3749 1281 3840; baseline 0 -26"><span class='ocrx_word' id='word_1_293' title='bbox 173 3752 278 3829; x_wconf 90' lang='lat' dir='ltr'><strong>datur,</strong></span> <span class='ocrx_word' id='word_1_294' title='bbox 293 3769 393 3839; x_wconf 88' lang='lat' dir='ltr'><strong>parat,</strong></span> <span class='ocrx_word' id='word_1_295' title='bbox 414 3751 419 3838; x_wconf 95' lang='grc' dir='ltr'>Ι</span> <span class='ocrx_word' id='word_1_296' title='bbox 440 3776 572 3840; x_wconf 88' lang='lat' dir='ltr'><strong>puerum</strong></span> <span class='ocrx_word' id='word_1_297' title='bbox 589 3753 707 3817; x_wconf 89' lang='lat' dir='ltr'><strong>interea</strong></span> <span class='ocrx_word' id='word_1_298' title='bbox 720 3753 899 3826; x_wconf 86' lang='lat' dir='ltr'><strong>obtruncat,</strong></span> <span class='ocrx_word' id='word_1_299' title='bbox 915 3750 1118 3837; x_wconf 87' lang='lat' dir='ltr'><strong>membraque</strong></span> <span class='ocrx_word' id='word_1_300' title='bbox 1135 3749 1281 3814; x_wconf 89' lang='lat' dir='ltr'><strong>articula·</strong></span> 
     </span>
     <span class='ocr_line' id='line_1_35' title="bbox 175 3851 1281 3943; baseline 0.001 -26"><span class='ocrx_word' id='word_1_301' title='bbox 175 3854 229 3917; x_wconf 92' lang='lat' dir='ltr'><strong>tim</strong></span> <span class='ocrx_word' id='word_1_302' title='bbox 246 3855 369 3932; x_wconf 85' lang='lat' dir='ltr'><strong>dividit,</strong></span> <span class='ocrx_word' id='word_1_303' title='bbox 389 3855 395 3942; x_wconf 92' lang='grc' dir='ltr'>Ι</span> <span class='ocrx_word' id='word_1_304' title='bbox 415 3879 534 3943; x_wconf 88' lang='lat' dir='ltr'><strong>perque</strong></span> <span class='ocrx_word' id='word_1_305' title='bbox 548 3879 640 3943; x_wconf 87' lang='lat' dir='ltr'><strong>agros</strong></span> <span class='ocrx_word' id='word_1_306' title='bbox 662 3855 775 3942; x_wconf 87' lang='lat' dir='ltr'><strong>passim</strong></span> <span class='ocrx_word' id='word_1_307' title='bbox 791 3852 941 3940; x_wconf 81' lang='lat' dir='ltr'><strong>dispergit</strong></span> <span class='ocrx_word' id='word_1_308' title='bbox 957 3875 1087 3940; x_wconf 88' lang='lat' dir='ltr'><strong>corpus:</strong></span> <span class='ocrx_word' id='word_1_309' title='bbox 1111 3851 1143 3916; x_wconf 92' lang='lat' dir='ltr'><strong>id</strong></span> <span class='ocrx_word' id='word_1_310' title='bbox 1160 3876 1195 3916; x_wconf 88' lang='lat' dir='ltr'><strong>ea</strong></span> <span class='ocrx_word' id='word_1_311' title='bbox 1210 3876 1281 3940; x_wconf 87' lang='lat' dir='ltr'><strong>gra-</strong></span> 
     </span>
     <span class='ocr_line' id='line_1_36' title="bbox 175 3953 1280 4046; baseline -0.003 -26"><span class='ocrx_word' id='word_1_312' title='bbox 175 3958 217 4021; x_wconf 89' lang='lat' dir='ltr'><strong>tia</strong></span> <span class='ocrx_word' id='word_1_313' title='bbox 235 3957 242 4046; x_wconf 94' lang='grc' dir='ltr'>Ι</span> <span class='ocrx_word' id='word_1_314' title='bbox 262 3976 309 4036; x_wconf 88' lang='lat' dir='ltr'><strong>ut,</strong></span> <span class='ocrx_word' id='word_1_315' title='bbox 332 3959 408 4023; x_wconf 90' lang='lat' dir='ltr'><strong>dum</strong></span> <span class='ocrx_word' id='word_1_316' title='bbox 432 3959 496 4024; x_wconf 87' lang='lat' dir='ltr'><strong>nati</strong></span> <span class='ocrx_word' id='word_1_317' title='bbox 520 3958 685 4046; x_wconf 85' lang='lat' dir='ltr'><strong>dissipatos</strong></span> <span class='ocrx_word' id='word_1_318' title='bbox 706 3972 793 4021; x_wconf 90' lang='lat' dir='ltr'><strong>artus</strong></span> <span class='ocrx_word' id='word_1_319' title='bbox 813 3967 952 4042; x_wconf 88' lang='lat' dir='ltr'><strong>captaret</strong></span> <span class='ocrx_word' id='word_1_320' title='bbox 976 3977 1099 4042; x_wconf 86' lang='lat' dir='ltr'><strong>pareus,</strong></span> <span class='ocrx_word' id='word_1_321' title='bbox 1119 3953 1211 4041; x_wconf 79' lang='lat' dir='ltr'><strong>lipsa</strong></span> <span class='ocrx_word' id='word_1_322' title='bbox 1235 3954 1280 4018; x_wconf 88' lang='lat' dir='ltr'><strong>iu-</strong></span> 
     </span>
     <span class='ocr_line' id='line_1_37' title="bbox 175 4055 1279 4147; baseline -0.004 -23"><span class='ocrx_word' id='word_1_323' title='bbox 175 4077 259 4125; x_wconf 87' lang='lat' dir='ltr'><strong>terea</strong></span> <span class='ocrx_word' id='word_1_324' title='bbox 272 4062 441 4147; x_wconf 83' lang='lat' dir='ltr'><strong>effugeret:</strong></span> <span class='ocrx_word' id='word_1_325' title='bbox 466 4061 554 4125; x_wconf 85' lang='lat' dir='ltr'><strong>illum</strong></span> <span class='ocrx_word' id='word_1_326' title='bbox 576 4075 611 4124; x_wconf 95' lang='lat' dir='ltr'><strong>ut</strong></span> <span class='ocrx_word' id='word_1_327' title='bbox 627 4083 742 4123; x_wconf 87' lang='lat' dir='ltr'><strong>moeror</strong></span> <span class='ocrx_word' id='word_1_328' title='bbox 756 4057 893 4122; x_wconf 84' lang='lat' dir='ltr'><strong>tardaret</strong></span> <span class='ocrx_word' id='word_1_329' title='bbox 913 4056 1019 4143; x_wconf 79' lang='lat' dir='ltr'><strong>sequi3</strong></span> <span class='ocrx_word' id='word_1_330' title='bbox 1041 4057 1047 4144; x_wconf 92' lang='grc' dir='ltr'>Ι</span> <span class='ocrx_word' id='word_1_331' title='bbox 1066 4056 1124 4121; x_wconf 86' lang='lat' dir='ltr'><strong>sibi</strong></span> <span class='ocrx_word' id='word_1_332' title='bbox 1147 4055 1279 4120; x_wconf 87' lang='lat' dir='ltr'><strong>salutem</strong></span> 
     </span>
     <span class='ocr_line' id='line_1_38' title="bbox 177 4160 1281 4251; baseline -0.005 -25"><span class='ocrx_word' id='word_1_333' title='bbox 177 4181 211 4227; x_wconf 90' lang='lat' dir='ltr'><strong>ut</strong></span> <span class='ocrx_word' id='word_1_334' title='bbox 227 4163 368 4227; x_wconf 79' lang='lat' dir='ltr'><strong>familiari</strong></span> <span class='ocrx_word' id='word_1_335' title='bbox 384 4178 505 4251; x_wconf 85' lang='lat' dir='ltr'><strong>pareret</strong></span> <span class='ocrx_word' id='word_1_336' title='bbox 521 4161 697 4250; x_wconf 89' lang='lat' dir='ltr'><strong>parricidio.</strong></span> <span class='ocrx_word' id='word_1_337' title='bbox 723 4163 814 4224; x_wconf 78' lang='lat' dir='ltr'><strong>Huic</strong></span> <span class='ocrx_word' id='word_1_338' title='bbox 828 4169 865 4224; x_wconf 82' lang='lat' dir='ltr'><strong>at</strong></span> <span class='ocrx_word' id='word_1_339' title='bbox 878 4161 987 4237; x_wconf 77' lang='lat' dir='ltr'><strong>scelera,</strong></span> <span class='ocrx_word' id='word_1_340' title='bbox 1003 4162 1049 4224; x_wconf 77' lang='lat' dir='ltr'><strong>aie</strong></span> <span class='ocrx_word' id='word_1_341' title='bbox 1063 4181 1102 4223; x_wconf 83' lang='grc' dir='ltr'><strong>ιιι</strong></span> <span class='ocrx_word' id='word_1_342' title='bbox 1116 4160 1200 4222; x_wconf 75' lang='lat' dir='ltr'><strong>ratio</strong></span> <span class='ocrx_word' id='word_1_343' title='bbox 1211 4161 1281 4245; x_wconf 77' lang='lat' dir='ltr'><strong>qui-</strong></span> 
     </span>
     <span class='ocr_line' id='line_1_39' title="bbox 174 4262 1280 4351; baseline -0.004 -21"><span class='ocrx_word' id='word_1_344' title='bbox 174 4267 240 4330; x_wconf 79' lang='lat' dir='ltr'><strong>dem</strong></span> <span class='ocrx_word' id='word_1_345' title='bbox 267 4267 380 4351; x_wconf 80' lang='lat' dir='ltr'><strong>defuit.</strong></span> <span class='ocrx_word' id='word_1_346' title='bbox 426 4268 590 4330; x_wconf 84' lang='lat' dir='ltr'><strong>Hactenus</strong></span> <span class='ocrx_word' id='word_1_347' title='bbox 612 4265 735 4342; x_wconf 88' lang='lat' dir='ltr'><strong>Cicero,</strong></span> <span class='ocrx_word' id='word_1_348' title='bbox 760 4263 851 4350; x_wconf 90' lang='lat' dir='ltr'><strong>cujus</strong></span> <span class='ocrx_word' id='word_1_349' title='bbox 874 4263 969 4326; x_wconf 90' lang='lat' dir='ltr'><strong>verba</strong></span> <span class='ocrx_word' id='word_1_350' title='bbox 994 4262 1096 4326; x_wconf 80' lang='lat' dir='ltr'><strong>Niobe</strong></span> <span class='ocrx_word' id='word_1_351' title='bbox 1120 4283 1280 4348; x_wconf 70' lang='lat' dir='ltr'><strong>paramur</strong></span> 
     </span>
     <span class='ocr_line' id='line_1_40' title="bbox 175 4362 1280 4454; baseline -0.004 -22"><span class='ocrx_word' id='word_1_352' title='bbox 175 4371 362 4433; x_wconf 71' lang='lat' dir='ltr'><strong>ratiocinari</strong></span> <span class='ocrx_word' id='word_1_353' title='bbox 379 4370 504 4433; x_wconf 80' lang='lat' dir='ltr'><strong>videtur</strong></span> <span class='ocrx_word' id='word_1_354' title='bbox 519 4368 650 4431; x_wconf 87' lang='lat' dir='ltr'><strong>multam</strong></span> <span class='ocrx_word' id='word_1_355' title='bbox 671 4365 852 4454; x_wconf 89' lang='lat' dir='ltr'><strong>disputandi</strong></span> <span class='ocrx_word' id='word_1_356' title='bbox 875 4363 1033 4429; x_wconf 88' lang='lat' dir='ltr'><strong>materiam</strong></span> <span class='ocrx_word' id='word_1_357' title='bbox 1056 4362 1280 4451; x_wconf 87' lang='lat' dir='ltr'><strong>interpretibus</strong></span> 
     </span>
     <span class='ocr_line' id='line_1_41' title="bbox 175 4462 1278 4557; baseline -0.008 -21"><span class='ocrx_word' id='word_1_358' title='bbox 175 4472 387 4557; x_wconf 84' lang='lat' dir='ltr'><strong>praebuerunt.</strong></span> <span class='ocrx_word' id='word_1_359' title='bbox 434 4474 551 4535; x_wconf 89' lang='lat' dir='ltr'><strong>Omnes</strong></span> <span class='ocrx_word' id='word_1_360' title='bbox 571 4470 652 4535; x_wconf 91' lang='lat' dir='ltr'><strong>enim</strong></span> <span class='ocrx_word' id='word_1_361' title='bbox 669 4492 776 4533; x_wconf 84' lang='lat' dir='ltr'><strong>versus</strong></span> <span class='ocrx_word' id='word_1_362' title='bbox 798 4491 835 4532; x_wconf 84' lang='lat' dir='ltr'><strong>ex</strong></span> <span class='ocrx_word' id='word_1_363' title='bbox 861 4465 957 4532; x_wconf 88' lang='lat' dir='ltr'><strong>Ennii</strong></span> <span class='ocrx_word' id='word_1_364' title='bbox 980 4464 1097 4532; x_wconf 87' lang='lat' dir='ltr'><strong>Medea</strong></span> <span class='ocrx_word' id='word_1_365' title='bbox 1120 4462 1216 4530; x_wconf 83' lang='lat' dir='ltr'><strong>sumti</strong></span> <span class='ocrx_word' id='word_1_366' title='bbox 1231 4463 1278 4527; x_wconf 80' lang='lat' dir='ltr'><strong>vi·</strong></span> 
     </span>
    </p>
   </div>
   <div class='ocr_carea' id='block_1_3' title="bbox 696 4590 749 4655">
    <p class='ocr_par' dir='ltr' id='par_1_9' title="bbox 696 4590 749 4655">
     <span class='ocr_line' id='line_1_42' title="bbox 696 4590 749 4655; baseline 0 0"><span class='ocrx_word' id='word_1_367' title='bbox 696 4590 749 4655; x_wconf 82' lang='lat'><strong>1’3</strong></span> 
     </span>
    </p>
   </div>
   <div class='ocr_carea' id='block_1_4' title="bbox 0 0 1446 4914">
    <p class='ocr_par' dir='ltr' id='par_1_10' title="bbox 0 0 1446 4914">
     <span class='ocr_line' id='line_1_43' title="bbox 0 0 1446 4914; baseline 0 0"><span class='ocrx_word' id='word_1_368' title='bbox 0 0 1446 4914; x_wconf 95' lang='lat' dir='ltr'><strong> </strong></span> 
     </span>
    </p>
   </div>
  </div>
 </body>
</html>
