<?xml version="1.0" encoding="UTF-8"?>
<!DOCTYPE html PUBLIC "-//W3C//DTD XHTML 1.0 Transitional//EN"
    "http://www.w3.org/TR/xhtml1/DTD/xhtml1-transitional.dtd">
<html xmlns="http://www.w3.org/1999/xhtml" xml:lang="en" lang="en">
 <head>
  <title>
</title>
<meta http-equiv="Content-Type" content="text/html;charset=utf-8" />
  <meta name='ocr-system' content='tesseract 3.04.00' />
  <meta name='ocr-capabilities' content='ocr_page ocr_carea ocr_par ocr_line ocrx_word'/>
</head>
<body>
  <div class='ocr_page' id='page_1' title='image "./tragoediaesuper01eurigoog_0352.png"; bbox 0 0 2864 4914; ppageno 0'>
   <div class='ocr_carea' id='block_1_1' title="bbox 562 336 1260 402">
    <p class='ocr_par' dir='ltr' id='par_1_1' title="bbox 562 336 1260 402">
     <span class='ocr_line' id='line_1_1' title="bbox 562 336 1260 402; baseline 0 -2"><span class='ocrx_word' id='word_1_1' title='bbox 562 338 630 401; x_wconf 87' lang='lat' dir='ltr'><strong>AD</strong></span> <span class='ocrx_word' id='word_1_2' title='bbox 653 336 908 402; x_wconf 83' lang='lat' dir='ltr'><strong>ALCESTIN.</strong></span> <span class='ocrx_word' id='word_1_3' title='bbox 1199 337 1260 400; x_wconf 79' lang='lat'><strong>341</strong></span> 
     </span>
    </p>
   </div>
   <div class='ocr_carea' id='block_1_2' title="bbox 160 504 1263 595">
    <p class='ocr_par' dir='ltr' id='par_1_2' title="bbox 160 504 1263 595">
     <span class='ocr_line' id='line_1_2' title="bbox 160 504 1263 595; baseline 0.004 -27"><span class='ocrx_word' id='word_1_4' title='bbox 160 504 226 569; x_wconf 90' lang='lat' dir='ltr'><strong>sine</strong></span> <span class='ocrx_word' id='word_1_5' title='bbox 240 505 382 571; x_wconf 88' lang='lat' dir='ltr'><strong>articulo.</strong></span> <span class='ocrx_word' id='word_1_6' title='bbox 416 505 517 571; x_wconf 90' lang='lat' dir='ltr'><strong>Orest.</strong></span> <span class='ocrx_word' id='word_1_7' title='bbox 537 526 630 589; x_wconf 83' lang='lat'><strong>1024.</strong></span> <span class='ocrx_word' id='word_1_8' title='bbox 646 508 761 592; x_wconf 73' lang='grc' dir='ltr'>φέγγος</span> <span class='ocrx_word' id='word_1_9' title='bbox 775 511 898 592; x_wconf 77' lang='grc' dir='ltr'>είσορᾷν</span> <span class='ocrx_word' id='word_1_10' title='bbox 913 509 983 573; x_wconf 83' lang='grc' dir='ltr'>θεοῦ</span> <span class='ocrx_word' id='word_1_11' title='bbox 995 504 1065 571; x_wconf 83' lang='grc' dir='ltr'>Τόδ’</span> <span class='ocrx_word' id='word_1_12' title='bbox 1081 505 1177 595; x_wconf 71' lang='grc' dir='ltr'>οὖιίθ</span> <span class='ocrx_word' id='word_1_13' title='bbox 1192 508 1263 587; x_wconf 81' lang='grc' dir='ltr'>ἡμῖν</span> 
     </span>
    </p>
   </div>
   <div class='ocr_carea' id='block_1_3' title="bbox 159 607 1263 698">
    <p class='ocr_par' dir='ltr' id='par_1_3' title="bbox 159 607 1263 698">
     <span class='ocr_line' id='line_1_3' title="bbox 159 607 1263 698; baseline 0.003 -28"><span class='ocrx_word' id='word_1_14' title='bbox 159 613 222 675; x_wconf 80' lang='grc' dir='ltr'>τοῖς</span> <span class='ocrx_word' id='word_1_15' title='bbox 235 611 432 690; x_wconf 76' lang='grc' dir='ltr'>ταλαιπώροις</span> <span class='ocrx_word' id='word_1_16' title='bbox 445 607 530 688; x_wconf 76' lang='grc' dir='ltr'><strong>μέτα.</strong></span> <span class='ocrx_word' id='word_1_17' title='bbox 577 609 690 698; x_wconf 89' lang='lat' dir='ltr'><strong>Suppl.</strong></span> <span class='ocrx_word' id='word_1_18' title='bbox 709 631 781 676; x_wconf 81' lang='lat'><strong>210.</strong></span> <span class='ocrx_word' id='word_1_19' title='bbox 799 608 853 675; x_wconf 92' lang='lat' dir='ltr'><strong>ubi</strong></span> <span class='ocrx_word' id='word_1_20' title='bbox 868 609 988 674; x_wconf 83' lang='lat' dir='ltr'><strong>confert</strong></span> <span class='ocrx_word' id='word_1_21' title='bbox 1003 610 1173 674; x_wconf 86' lang='lat' dir='ltr'><strong>Barnesius</strong></span> <span class='ocrx_word' id='word_1_22' title='bbox 1194 610 1263 696; x_wconf 86' lang='lat' dir='ltr'><strong>ejus</strong></span> 
     </span>
    </p>
   </div>
   <div class='ocr_carea' id='block_1_4' title="bbox 149 708 1261 4487">
    <p class='ocr_par' dir='ltr' id='par_1_4' title="bbox 159 708 1261 899">
     <span class='ocr_line' id='line_1_4' title="bbox 159 708 1261 798; baseline 0.003 -26"><span class='ocrx_word' id='word_1_23' title='bbox 159 708 276 774; x_wconf 78' lang='lat' dir='ltr'><strong>fabulae</strong></span> <span class='ocrx_word' id='word_1_24' title='bbox 305 733 334 776; x_wconf 91' lang='lat' dir='ltr'><strong>v.</strong></span> <span class='ocrx_word' id='word_1_25' title='bbox 356 727 432 794; x_wconf 88' lang='lat'>471.</span> <span class='ocrx_word' id='word_1_26' title='bbox 459 729 490 775; x_wconf 85' lang='lat' dir='ltr'><strong>et</strong></span> <span class='ocrx_word' id='word_1_27' title='bbox 519 711 611 776; x_wconf 91' lang='lat' dir='ltr'><strong>Med.</strong></span> <span class='ocrx_word' id='word_1_28' title='bbox 636 727 709 797; x_wconf 87' lang='lat'><strong>353.</strong></span> <span class='ocrx_word' id='word_1_29' title='bbox 755 711 881 777; x_wconf 83' lang='lat' dir='ltr'><strong>Iudicat</strong></span> <span class='ocrx_word' id='word_1_30' title='bbox 904 709 1133 775; x_wconf 84' lang='lat' dir='ltr'><strong>Wakefieldius</strong></span> <span class='ocrx_word' id='word_1_31' title='bbox 1164 710 1261 798; x_wconf 89' lang='lat' dir='ltr'><strong>Soph.</strong></span> 
     </span>
     <span class='ocr_line' id='line_1_5' title="bbox 160 813 772 899; baseline 0.005 -22"><span class='ocrx_word' id='word_1_32' title='bbox 160 814 277 879; x_wconf 89' lang='lat' dir='ltr'><strong>Trach.</strong></span> <span class='ocrx_word' id='word_1_33' title='bbox 296 829 367 899; x_wconf 85' lang='grc'><strong>145.</strong></span> <span class='ocrx_word' id='word_1_34' title='bbox 384 813 499 881; x_wconf 79' lang='grc' dir='ltr'>θάλπος</span> <span class='ocrx_word' id='word_1_35' title='bbox 515 819 593 879; x_wconf 82' lang='grc' dir='ltr'>θεοῦ.</span> <span class='ocrx_word' id='word_1_36' title='bbox 620 817 772 880; x_wconf 91' lang='grc' dir='ltr'><strong>ΜΟΝΚ.</strong></span> 
     </span>
    </p>

    <p class='ocr_par' dir='ltr' id='par_1_5' title="bbox 204 914 783 1002">
     <span class='ocr_line' id='line_1_6' title="bbox 204 914 783 1002; baseline -0.002 -22"><span class='ocrx_word' id='word_1_37' title='bbox 204 934 277 1002; x_wconf 81' lang='lat'><strong>723.</strong></span> <span class='ocrx_word' id='word_1_38' title='bbox 294 921 328 981; x_wconf 81' lang='grc' dir='ltr'><strong>ἐν</strong></span> <span class='ocrx_word' id='word_1_39' title='bbox 343 914 501 1001; x_wconf 79' lang='grc' dir='ltr'>ἀνδράσιν]</span> <span class='ocrx_word' id='word_1_40' title='bbox 519 916 620 982; x_wconf 79' lang='lat' dir='ltr'><strong>idest</strong></span> <span class='ocrx_word' id='word_1_41' title='bbox 637 920 783 1000; x_wconf 82' lang='grc' dir='ltr'>ἀνδρεῖον.</span> 
     </span>
    </p>

    <p class='ocr_par' dir='ltr' id='par_1_6' title="bbox 159 1017 1260 1288">
     <span class='ocr_line' id='line_1_7' title="bbox 203 1017 1260 1108; baseline -0.001 -25"><span class='ocrx_word' id='word_1_42' title='bbox 203 1034 278 1102; x_wconf 84' lang='lat'><strong>724.</strong></span> <span class='ocrx_word' id='word_1_43' title='bbox 302 1022 354 1084; x_wconf 78' lang='grc' dir='ltr'><strong>οὐκ</strong></span> <span class='ocrx_word' id='word_1_44' title='bbox 377 1020 521 1108; x_wconf 76' lang='grc' dir='ltr'>ἐγγελᾷς]</span> <span class='ocrx_word' id='word_1_45' title='bbox 547 1020 723 1084; x_wconf 87' lang='lat' dir='ltr'><strong>Conviciari</strong></span> <span class='ocrx_word' id='word_1_46' title='bbox 738 1020 913 1084; x_wconf 88' lang='lat' dir='ltr'><strong>Admetum</strong></span> <span class='ocrx_word' id='word_1_47' title='bbox 932 1018 1008 1083; x_wconf 91' lang='lat' dir='ltr'><strong>dicit</strong></span> <span class='ocrx_word' id='word_1_48' title='bbox 1032 1018 1160 1097; x_wconf 85' lang='lat' dir='ltr'>Pheres,</span> <span class='ocrx_word' id='word_1_49' title='bbox 1174 1017 1260 1104; x_wconf 92' lang='lat' dir='ltr'><strong>quod</strong></span> 
     </span>
     <span class='ocr_line' id='line_1_8' title="bbox 159 1120 1259 1211; baseline -0.001 -26"><span class='ocrx_word' id='word_1_50' title='bbox 159 1121 186 1185; x_wconf 89' lang='lat' dir='ltr'><strong>ei</strong></span> <span class='ocrx_word' id='word_1_51' title='bbox 215 1144 277 1186; x_wconf 92' lang='lat' dir='ltr'><strong>non</strong></span> <span class='ocrx_word' id='word_1_52' title='bbox 308 1121 472 1209; x_wconf 83' lang='lat' dir='ltr'><strong>contigerit</strong></span> <span class='ocrx_word' id='word_1_53' title='bbox 499 1122 638 1209; x_wconf 86' lang='lat' dir='ltr'><strong>gaudere</strong></span> <span class='ocrx_word' id='word_1_54' title='bbox 666 1123 764 1211; x_wconf 88' lang='lat' dir='ltr'><strong>patris</strong></span> <span class='ocrx_word' id='word_1_55' title='bbox 799 1123 909 1188; x_wconf 82' lang='lat' dir='ltr'><strong>funere</strong></span> <span class='ocrx_word' id='word_1_56' title='bbox 941 1121 1107 1186; x_wconf 79' lang='lat' dir='ltr'><strong>efferendo.</strong></span> <span class='ocrx_word' id='word_1_57' title='bbox 1142 1120 1259 1184; x_wconf 85' lang='lat' dir='ltr'><strong>HER-</strong></span> 
     </span>
     <span class='ocr_line' id='line_1_9' title="bbox 160 1225 313 1288; baseline 0.007 -1"><span class='ocrx_word' id='word_1_58' title='bbox 160 1225 313 1288; x_wconf 90' lang='lat' dir='ltr'><strong>MANN.</strong></span> 
     </span>
    </p>

    <p class='ocr_par' dir='ltr' id='par_1_7' title="bbox 158 1324 1261 1513">
     <span class='ocr_line' id='line_1_10' title="bbox 204 1324 1261 1415; baseline -0.003 -24"><span class='ocrx_word' id='word_1_59' title='bbox 204 1342 276 1410; x_wconf 84' lang='lat'><strong>727.</strong></span> <span class='ocrx_word' id='word_1_60' title='bbox 301 1327 341 1390; x_wconf 96' lang='lat' dir='ltr'><strong>In</strong></span> <span class='ocrx_word' id='word_1_61' title='bbox 357 1327 556 1391; x_wconf 82' lang='lat' dir='ltr'><strong>annotatione</strong></span> <span class='ocrx_word' id='word_1_62' title='bbox 571 1349 704 1391; x_wconf 88' lang='lat' dir='ltr'><strong>errorem</strong></span> <span class='ocrx_word' id='word_1_63' title='bbox 728 1327 848 1414; x_wconf 86' lang='lat' dir='ltr'><strong>corrige</strong></span> <span class='ocrx_word' id='word_1_64' title='bbox 870 1329 1055 1415; x_wconf 61' lang='lat' dir='ltr'><strong>typothetae,</strong></span> <span class='ocrx_word' id='word_1_65' title='bbox 1071 1324 1125 1412; x_wconf 95' lang='lat' dir='ltr'><strong>qui</strong></span> <span class='ocrx_word' id='word_1_66' title='bbox 1148 1324 1261 1389; x_wconf 76' lang='grc' dir='ltr'>πλέονι</span> 
     </span>
     <span class='ocr_line' id='line_1_11' title="bbox 158 1426 461 1513; baseline 0.003 -23"><span class='ocrx_word' id='word_1_67' title='bbox 158 1449 217 1513; x_wconf 92' lang='lat' dir='ltr'><strong>pro</strong></span> <span class='ocrx_word' id='word_1_68' title='bbox 230 1426 333 1491; x_wconf 77' lang='grc' dir='ltr'>πλέων</span> <span class='ocrx_word' id='word_1_69' title='bbox 348 1427 461 1513; x_wconf 88' lang='lat' dir='ltr'><strong>posuit.</strong></span> 
     </span>
    </p>

    <p class='ocr_par' dir='ltr' id='par_1_8' title="bbox 203 1529 808 1615">
     <span class='ocr_line' id='line_1_12' title="bbox 203 1529 808 1615; baseline -0.002 -22"><span class='ocrx_word' id='word_1_70' title='bbox 203 1531 275 1609; x_wconf 86' lang='lat'><strong>728.</strong></span> <span class='ocrx_word' id='word_1_71' title='bbox 295 1532 432 1615; x_wconf 75' lang='grc' dir='ltr'>ἓφεΰρες]</span> <span class='ocrx_word' id='word_1_72' title='bbox 451 1529 658 1595; x_wconf 86' lang='lat' dir='ltr'><strong>Scribeudum</strong></span> <span class='ocrx_word' id='word_1_73' title='bbox 675 1533 808 1613; x_wconf 72' lang='grc' dir='ltr'>ἐφηῢρες.</span> 
     </span>
    </p>

    <p class='ocr_par' dir='ltr' id='par_1_9' title="bbox 204 1630 602 1717">
     <span class='ocr_line' id='line_1_13' title="bbox 204 1630 602 1717; baseline 0 -21"><span class='ocrx_word' id='word_1_74' title='bbox 204 1647 275 1716; x_wconf 81' lang='lat'><strong>734.</strong></span> <span class='ocrx_word' id='word_1_75' title='bbox 294 1630 405 1717; x_wconf 80' lang='grc' dir='ltr'>ἔρροις]</span> <span class='ocrx_word' id='word_1_76' title='bbox 423 1633 509 1714; x_wconf 86' lang='grc' dir='ltr'>ἔρρου</span> <span class='ocrx_word' id='word_1_77' title='bbox 525 1630 602 1696; x_wconf 82' lang='lat' dir='ltr'><strong>Aid.</strong></span> 
     </span>
    </p>

    <p class='ocr_par' dir='ltr' id='par_1_10' title="bbox 201 1733 1074 1821">
     <span class='ocr_line' id='line_1_14' title="bbox 201 1733 1074 1821; baseline 0 -24"><span class='ocrx_word' id='word_1_78' title='bbox 201 1751 274 1819; x_wconf 87' lang='lat'><strong>735.</strong></span> <span class='ocrx_word' id='word_1_79' title='bbox 290 1733 391 1821; x_wconf 84' lang='grc' dir='ltr'>ὄντος]</span> <span class='ocrx_word' id='word_1_80' title='bbox 407 1738 493 1801; x_wconf 84' lang='grc' dir='ltr'>ὄντες</span> <span class='ocrx_word' id='word_1_81' title='bbox 509 1733 596 1799; x_wconf 86' lang='lat' dir='ltr'><strong>Flor.</strong></span> <span class='ocrx_word' id='word_1_82' title='bbox 614 1753 632 1800; x_wconf 85' lang='lat'>2</span> <span class='ocrx_word' id='word_1_83' title='bbox 650 1738 683 1818; x_wconf 88' lang='lat' dir='ltr'><strong>(a</strong></span> <span class='ocrx_word' id='word_1_84' title='bbox 698 1736 895 1817; x_wconf 86' lang='lat' dir='ltr'><strong>correctore).</strong></span> <span class='ocrx_word' id='word_1_85' title='bbox 915 1754 962 1820; x_wconf 85' lang='lat'><strong>15.</strong></span> <span class='ocrx_word' id='word_1_86' title='bbox 981 1737 1074 1799; x_wconf 89' lang='lat' dir='ltr'><strong>Lasc.</strong></span> 
     </span>
    </p>

    <p class='ocr_par' dir='ltr' id='par_1_11' title="bbox 159 1834 1259 2004">
     <span class='ocr_line' id='line_1_15' title="bbox 201 1834 1259 1923; baseline -0.002 -23"><span class='ocrx_word' id='word_1_87' title='bbox 201 1839 273 1921; x_wconf 87' lang='lat'><strong>736.</strong></span> <span class='ocrx_word' id='word_1_88' title='bbox 290 1836 365 1923; x_wconf 72' lang='grc' dir='ltr'>τῷδέ</span> <span class='ocrx_word' id='word_1_89' title='bbox 379 1836 407 1919; x_wconf 88' lang='grc' dir='ltr'><strong>γ’</strong></span> <span class='ocrx_word' id='word_1_90' title='bbox 424 1840 466 1904; x_wconf 87' lang='grc' dir='ltr'>είς</span> <span class='ocrx_word' id='word_1_91' title='bbox 480 1837 589 1901; x_wconf 80' lang='grc' dir='ltr'>ταυτὸν</span> <span class='ocrx_word' id='word_1_92' title='bbox 604 1837 695 1901; x_wconf 89' lang='grc' dir='ltr'><strong>Α.Η.</strong></span> <span class='ocrx_word' id='word_1_93' title='bbox 712 1835 797 1901; x_wconf 85' lang='lat' dir='ltr'><strong>Flor.</strong></span> <span class='ocrx_word' id='word_1_94' title='bbox 817 1857 866 1902; x_wconf 88' lang='lat'><strong>10.</strong></span> <span class='ocrx_word' id='word_1_95' title='bbox 886 1858 934 1921; x_wconf 87' lang='lat'><strong>15.</strong></span> <span class='ocrx_word' id='word_1_96' title='bbox 972 1835 1038 1922; x_wconf 71' lang='grc' dir='ltr'><strong>τῷδ’</strong></span> <span class='ocrx_word' id='word_1_97' title='bbox 1054 1834 1090 1901; x_wconf 74' lang='grc' dir='ltr'><strong>ἴτ’</strong></span> <span class='ocrx_word' id='word_1_98' title='bbox 1108 1837 1150 1903; x_wconf 85' lang='grc' dir='ltr'>είς</span> <span class='ocrx_word' id='word_1_99' title='bbox 1171 1834 1259 1900; x_wconf 80' lang='grc' dir='ltr'><strong>ταύτὸ</strong></span> 
     </span>
     <span class='ocr_line' id='line_1_16' title="bbox 159 1938 349 2004; baseline -0.005 -1"><span class='ocrx_word' id='word_1_100' title='bbox 159 1940 253 2004; x_wconf 87' lang='lat' dir='ltr'><strong>Lasc.</strong></span> <span class='ocrx_word' id='word_1_101' title='bbox 270 1938 349 2003; x_wconf 89' lang='lat' dir='ltr'><strong>Ald.</strong></span> 
     </span>
    </p>

    <p class='ocr_par' dir='ltr' id='par_1_12' title="bbox 201 2040 547 2127">
     <span class='ocr_line' id='line_1_17' title="bbox 201 2040 547 2127; baseline 0.003 -3"><span class='ocrx_word' id='word_1_102' title='bbox 201 2040 547 2127; x_wconf 58' lang='lat' dir='ltr'><strong>ornamina·</strong></span> 
     </span>
    </p>

    <p class='ocr_par' dir='ltr' id='par_1_13' title="bbox 157 2142 1258 2738">
     <span class='ocr_line' id='line_1_18' title="bbox 201 2142 1258 2227; baseline -0.001 -20"><span class='ocrx_word' id='word_1_103' title='bbox 201 2160 275 2227; x_wconf 89' lang='lat'>741.</span> <span class='ocrx_word' id='word_1_104' title='bbox 299 2143 375 2207; x_wconf 91' lang='lat' dir='ltr'><strong>Ald.</strong></span> <span class='ocrx_word' id='word_1_105' title='bbox 399 2142 422 2206; x_wconf 82' lang='grc' dir='ltr'>ὦ</span> <span class='ocrx_word' id='word_1_106' title='bbox 443 2144 581 2227; x_wconf 86' lang='grc' dir='ltr'>σχετλία,</span> <span class='ocrx_word' id='word_1_107' title='bbox 604 2147 725 2223; x_wconf 82' lang='grc' dir='ltr'>τόλμης,</span> <span class='ocrx_word' id='word_1_108' title='bbox 748 2146 882 2225; x_wconf 71' lang='grc' dir='ltr'>γενναία,</span> <span class='ocrx_word' id='word_1_109' title='bbox 897 2144 1017 2208; x_wconf 83' lang='lat' dir='ltr'><strong>omissis</strong></span> <span class='ocrx_word' id='word_1_110' title='bbox 1039 2145 1082 2221; x_wconf 82' lang='grc' dir='ltr'><strong>ίὸ,</strong></span> <span class='ocrx_word' id='word_1_111' title='bbox 1099 2144 1141 2207; x_wconf 72' lang='lat' dir='ltr'><strong>id.</strong></span> <span class='ocrx_word' id='word_1_112' title='bbox 1166 2144 1209 2223; x_wconf 70' lang='lat' dir='ltr'><strong>tto,</strong></span> <span class='ocrx_word' id='word_1_113' title='bbox 1225 2144 1258 2207; x_wconf 83' lang='grc' dir='ltr'><strong>ίιί</strong></span> 
     </span>
     <span class='ocr_line' id='line_1_19' title="bbox 157 2243 1256 2334; baseline 0 -25"><span class='ocrx_word' id='word_1_114' title='bbox 157 2260 348 2334; x_wconf 85' lang='lat' dir='ltr'><strong>praeponunt</strong></span> <span class='ocrx_word' id='word_1_115' title='bbox 362 2258 394 2309; x_wconf 93' lang='lat' dir='ltr'><strong>et</strong></span> <span class='ocrx_word' id='word_1_116' title='bbox 409 2248 536 2329; x_wconf 85' lang='grc' dir='ltr'>σχετλία</span> <span class='ocrx_word' id='word_1_117' title='bbox 551 2270 575 2307; x_wconf 95' lang='grc' dir='ltr'><strong>τ.</strong></span> <span class='ocrx_word' id='word_1_118' title='bbox 592 2243 755 2328; x_wconf 84' lang='grc' dir='ltr'>ὧγεννοίο</span> <span class='ocrx_word' id='word_1_119' title='bbox 774 2246 891 2311; x_wconf 87' lang='lat' dir='ltr'><strong>habent</strong></span> <span class='ocrx_word' id='word_1_120' title='bbox 907 2247 995 2309; x_wconf 76' lang='lat' dir='ltr'><strong>Part.</strong></span> <span class='ocrx_word' id='word_1_121' title='bbox 1011 2247 1094 2309; x_wconf 91' lang='lat' dir='ltr'><strong>B.D.</strong></span> <span class='ocrx_word' id='word_1_122' title='bbox 1110 2244 1196 2310; x_wconf 89' lang='lat' dir='ltr'><strong>Flor.</strong></span> <span class='ocrx_word' id='word_1_123' title='bbox 1213 2248 1256 2310; x_wconf 94' lang='lat' dir='ltr'><strong>A.</strong></span> 
     </span>
     <span class='ocr_line' id='line_1_20' title="bbox 159 2347 1258 2434; baseline -0.005 -19"><span class='ocrx_word' id='word_1_124' title='bbox 159 2369 324 2434; x_wconf 81' lang='lat'><strong>2.10.15.</strong></span> <span class='ocrx_word' id='word_1_125' title='bbox 349 2350 458 2412; x_wconf 89' lang='lat' dir='ltr'><strong>Havn.</strong></span> <span class='ocrx_word' id='word_1_126' title='bbox 483 2348 573 2412; x_wconf 90' lang='lat' dir='ltr'><strong>Lasc.</strong></span> <span class='ocrx_word' id='word_1_127' title='bbox 609 2349 735 2430; x_wconf 77' lang='grc' dir='ltr'>σχετλίη</span> <span class='ocrx_word' id='word_1_128' title='bbox 757 2349 865 2413; x_wconf 84' lang='grc' dir='ltr'>Ηιινιι.</span> <span class='ocrx_word' id='word_1_129' title='bbox 900 2350 1014 2429; x_wconf 83' lang='grc' dir='ltr'>τόλμας</span> <span class='ocrx_word' id='word_1_130' title='bbox 1036 2347 1124 2412; x_wconf 83' lang='lat' dir='ltr'><strong>Flor.</strong></span> <span class='ocrx_word' id='word_1_131' title='bbox 1145 2349 1188 2410; x_wconf 91' lang='lat' dir='ltr'><strong>A.</strong></span> <span class='ocrx_word' id='word_1_132' title='bbox 1207 2361 1258 2432; x_wconf 89' lang='grc'><strong>15.</strong></span> 
     </span>
     <span class='ocr_line' id='line_1_21' title="bbox 159 2446 1258 2537; baseline -0.005 -20"><span class='ocrx_word' id='word_1_133' title='bbox 159 2453 315 2518; x_wconf 84' lang='lat' dir='ltr'><strong>Praeterea</strong></span> <span class='ocrx_word' id='word_1_134' title='bbox 338 2451 423 2516; x_wconf 87' lang='lat' dir='ltr'><strong>Flor.</strong></span> <span class='ocrx_word' id='word_1_135' title='bbox 440 2453 483 2514; x_wconf 91' lang='lat' dir='ltr'><strong>A.</strong></span> <span class='ocrx_word' id='word_1_136' title='bbox 502 2469 620 2535; x_wconf 85' lang='lat'><strong>10.15.</strong></span> <span class='ocrx_word' id='word_1_137' title='bbox 645 2466 716 2537; x_wconf 90' lang='lat' dir='ltr'><strong>post</strong></span> <span class='ocrx_word' id='word_1_138' title='bbox 737 2452 850 2532; x_wconf 82' lang='grc' dir='ltr'>τόλμας</span> <span class='ocrx_word' id='word_1_139' title='bbox 872 2450 931 2515; x_wconf 91' lang='lat' dir='ltr'><strong>sic:</strong></span> <span class='ocrx_word' id='word_1_140' title='bbox 956 2451 1004 2515; x_wconf 80' lang='grc' dir='ltr'><strong>καὶ</strong></span> <span class='ocrx_word' id='word_1_141' title='bbox 1020 2449 1085 2532; x_wconf 76' lang='grc' dir='ltr'>μέγ’</span> <span class='ocrx_word' id='word_1_142' title='bbox 1103 2446 1258 2532; x_wconf 77' lang='grc' dir='ltr'>ὀρίστη,ὦ</span> 
     </span>
     <span class='ocr_line' id='line_1_22' title="bbox 158 2550 1256 2638; baseline -0.004 -19"><span class='ocrx_word' id='word_1_143' title='bbox 158 2561 292 2636; x_wconf 85' lang='grc' dir='ltr'>γενναῖα,</span> <span class='ocrx_word' id='word_1_144' title='bbox 307 2561 396 2638; x_wconf 83' lang='grc' dir='ltr'>χοῖρε</span> <span class='ocrx_word' id='word_1_145' title='bbox 411 2581 435 2617; x_wconf 84' lang='grc' dir='ltr'><strong>κ.</strong></span> <span class='ocrx_word' id='word_1_146' title='bbox 451 2578 477 2616; x_wconf 92' lang='grc' dir='ltr'><strong>τ.</strong></span> <span class='ocrx_word' id='word_1_147' title='bbox 493 2561 524 2617; x_wconf 93' lang='grc' dir='ltr'><strong>λ.</strong></span> <span class='ocrx_word' id='word_1_148' title='bbox 540 2550 563 2615; x_wconf 81' lang='grc' dir='ltr'>ὦ</span> <span class='ocrx_word' id='word_1_149' title='bbox 578 2554 704 2635; x_wconf 86' lang='grc' dir='ltr'>γεννοίιι</span> <span class='ocrx_word' id='word_1_150' title='bbox 719 2554 808 2617; x_wconf 84' lang='grc' dir='ltr'>Ριιττ.</span> <span class='ocrx_word' id='word_1_151' title='bbox 826 2554 912 2618; x_wconf 90' lang='lat' dir='ltr'><strong>B.D.</strong></span> <span class='ocrx_word' id='word_1_152' title='bbox 925 2555 952 2617; x_wconf 83' lang='lat' dir='ltr'>F</span> <span class='ocrx_word' id='word_1_153' title='bbox 955 2553 1012 2617; x_wconf 89' lang='lat' dir='ltr'><strong>lor.</strong></span> <span class='ocrx_word' id='word_1_154' title='bbox 1028 2555 1072 2619; x_wconf 89' lang='lat' dir='ltr'><strong>A.</strong></span> <span class='ocrx_word' id='word_1_155' title='bbox 1090 2572 1120 2618; x_wconf 86' lang='lat'><strong>2.</strong></span> <span class='ocrx_word' id='word_1_156' title='bbox 1141 2572 1188 2616; x_wconf 93' lang='lat'><strong>10.</strong></span> <span class='ocrx_word' id='word_1_157' title='bbox 1208 2569 1256 2636; x_wconf 84' lang='lat'><strong>15.</strong></span> 
     </span>
     <span class='ocr_line' id='line_1_23' title="bbox 157 2653 1028 2738; baseline 0.001 -18"><span class='ocrx_word' id='word_1_158' title='bbox 157 2658 264 2721; x_wconf 86' lang='lat' dir='ltr'><strong>Havn.</strong></span> <span class='ocrx_word' id='word_1_159' title='bbox 282 2659 373 2721; x_wconf 84' lang='lat' dir='ltr'><strong>Lasc.</strong></span> <span class='ocrx_word' id='word_1_160' title='bbox 391 2657 517 2738; x_wconf 88' lang='grc' dir='ltr'>γεννοίο</span> <span class='ocrx_word' id='word_1_161' title='bbox 530 2654 617 2719; x_wconf 82' lang='lat' dir='ltr'><strong>deest</strong></span> <span class='ocrx_word' id='word_1_162' title='bbox 631 2653 662 2717; x_wconf 92' lang='lat' dir='ltr'><strong>in</strong></span> <span class='ocrx_word' id='word_1_163' title='bbox 680 2656 754 2719; x_wconf 87' lang='lat' dir='ltr'><strong>Par.</strong></span> <span class='ocrx_word' id='word_1_164' title='bbox 769 2657 812 2720; x_wconf 94' lang='lat' dir='ltr'><strong>D.</strong></span> <span class='ocrx_word' id='word_1_165' title='bbox 836 2656 1028 2721; x_wconf 88' lang='lat' dir='ltr'><strong>MATTH.</strong></span> 
     </span>
    </p>

    <p class='ocr_par' dir='ltr' id='par_1_14' title="bbox 154 2757 1257 3647">
     <span class='ocr_line' id='line_1_24' title="bbox 199 2757 1257 2844; baseline 0 -22"><span class='ocrx_word' id='word_1_166' title='bbox 199 2761 272 2842; x_wconf 90' lang='lat'><strong>746.</strong></span> <span class='ocrx_word' id='word_1_167' title='bbox 302 2759 506 2844; x_wconf 79' lang='grc' dir='ltr'>πορεδρεύοις]</span> <span class='ocrx_word' id='word_1_168' title='bbox 536 2760 746 2840; x_wconf 81' lang='grc' dir='ltr'>προσεδρείοις</span> <span class='ocrx_word' id='word_1_169' title='bbox 770 2760 797 2822; x_wconf 83' lang='lat' dir='ltr'>F</span> <span class='ocrx_word' id='word_1_170' title='bbox 799 2757 858 2822; x_wconf 90' lang='lat' dir='ltr'><strong>lor.</strong></span> <span class='ocrx_word' id='word_1_171' title='bbox 883 2778 912 2824; x_wconf 83' lang='lat'><strong>2.</strong></span> <span class='ocrx_word' id='word_1_172' title='bbox 937 2761 1029 2824; x_wconf 85' lang='lat' dir='ltr'><strong>Lasc.</strong></span> <span class='ocrx_word' id='word_1_173' title='bbox 1054 2757 1130 2823; x_wconf 92' lang='lat' dir='ltr'><strong>Ald.</strong></span> <span class='ocrx_word' id='word_1_174' title='bbox 1175 2758 1257 2822; x_wconf 81' lang='lat' dir='ltr'><strong>Hoec</strong></span> 
     </span>
     <span class='ocr_line' id='line_1_25' title="bbox 155 2847 1256 2941; baseline -0.001 -15"><span class='ocrx_word' id='word_1_175' title='bbox 155 2863 279 2927; x_wconf 87' lang='lat' dir='ltr'><strong>locutus</strong></span> <span class='ocrx_word' id='word_1_176' title='bbox 301 2863 424 2940; x_wconf 90' lang='lat' dir='ltr'><strong>chorus,</strong></span> <span class='ocrx_word' id='word_1_177' title='bbox 447 2862 605 2926; x_wconf 84' lang='lat' dir='ltr'><strong>orchestra</strong></span> <span class='ocrx_word' id='word_1_178' title='bbox 624 2852 742 2941; x_wconf 88' lang='lat' dir='ltr'><strong>relicta,</strong></span> <span class='ocrx_word' id='word_1_179' title='bbox 763 2860 859 2925; x_wconf 84' lang='lat' dir='ltr'><strong>funus</strong></span> <span class='ocrx_word' id='word_1_180' title='bbox 881 2860 1050 2926; x_wconf 85' lang='lat' dir='ltr'><strong>Alcestidis</strong></span> <span class='ocrx_word' id='word_1_181' title='bbox 1075 2862 1107 2926; x_wconf 88' lang='lat' dir='ltr'><strong>in</strong></span> <span class='ocrx_word' id='word_1_182' title='bbox 1124 2847 1256 2926; x_wconf 85' lang='lat' dir='ltr'><strong>elatione</strong></span> 
     </span>
     <span class='ocr_line' id='line_1_26' title="bbox 155 2963 1256 3053; baseline 0.001 -24"><span class='ocrx_word' id='word_1_183' title='bbox 155 2964 333 3029; x_wconf 80' lang='lat' dir='ltr'><strong>comitatur.</strong></span> <span class='ocrx_word' id='word_1_184' title='bbox 379 2963 542 3028; x_wconf 86' lang='lat' dir='ltr'><strong>Absentiae</strong></span> <span class='ocrx_word' id='word_1_185' title='bbox 563 2963 661 3041; x_wconf 91' lang='lat' dir='ltr'><strong>chori,</strong></span> <span class='ocrx_word' id='word_1_186' title='bbox 689 2976 856 3051; x_wconf 87' lang='lat' dir='ltr'><strong>postquam</strong></span> <span class='ocrx_word' id='word_1_187' title='bbox 881 2964 975 3029; x_wconf 89' lang='lat' dir='ltr'><strong>semel</strong></span> <span class='ocrx_word' id='word_1_188' title='bbox 995 2964 1152 3053; x_wconf 81' lang='lat' dir='ltr'><strong>ingressus</strong></span> <span class='ocrx_word' id='word_1_189' title='bbox 1176 2979 1256 3030; x_wconf 90' lang='lat' dir='ltr'><strong>esset</strong></span> 
     </span>
     <span class='ocr_line' id='line_1_27' title="bbox 156 3065 1255 3154; baseline 0.002 -23"><span class='ocrx_word' id='word_1_190' title='bbox 156 3089 289 3145; x_wconf 84' lang='lat' dir='ltr'><strong>scenam,</strong></span> <span class='ocrx_word' id='word_1_191' title='bbox 316 3065 501 3154; x_wconf 87' lang='lat' dir='ltr'><strong>paucissima</strong></span> <span class='ocrx_word' id='word_1_192' title='bbox 524 3080 597 3130; x_wconf 88' lang='lat' dir='ltr'><strong>suut</strong></span> <span class='ocrx_word' id='word_1_193' title='bbox 619 3065 652 3130; x_wconf 92' lang='lat' dir='ltr'><strong>in</strong></span> <span class='ocrx_word' id='word_1_194' title='bbox 674 3065 834 3152; x_wconf 75' lang='lat' dir='ltr'><strong>tragoediis</strong></span> <span class='ocrx_word' id='word_1_195' title='bbox 859 3068 1079 3154; x_wconf 87' lang='lat' dir='ltr'><strong>superstitibus</strong></span> <span class='ocrx_word' id='word_1_196' title='bbox 1103 3067 1255 3154; x_wconf 84' lang='lat' dir='ltr'><strong>exempla.</strong></span> 
     </span>
     <span class='ocr_line' id='line_1_28' title="bbox 158 3167 1256 3256; baseline 0 -22"><span class='ocrx_word' id='word_1_197' title='bbox 158 3168 197 3234; x_wconf 91' lang='lat' dir='ltr'><strong>Id</strong></span> <span class='ocrx_word' id='word_1_198' title='bbox 213 3193 287 3234; x_wconf 83' lang='lat' dir='ltr'><strong>vero</strong></span> <span class='ocrx_word' id='word_1_199' title='bbox 301 3169 420 3233; x_wconf 86' lang='lat' dir='ltr'><strong>factum</strong></span> <span class='ocrx_word' id='word_1_200' title='bbox 440 3167 491 3232; x_wconf 91' lang='lat' dir='ltr'><strong>bic</strong></span> <span class='ocrx_word' id='word_1_201' title='bbox 508 3181 540 3232; x_wconf 88' lang='lat' dir='ltr'><strong>et</strong></span> <span class='ocrx_word' id='word_1_202' title='bbox 560 3167 592 3231; x_wconf 89' lang='lat' dir='ltr'><strong>in</strong></span> <span class='ocrx_word' id='word_1_203' title='bbox 608 3168 708 3254; x_wconf 88' lang='lat' dir='ltr'><strong>Ajace</strong></span> <span class='ocrx_word' id='word_1_204' title='bbox 732 3169 918 3256; x_wconf 90' lang='lat' dir='ltr'><strong>Sophocleo,</strong></span> <span class='ocrx_word' id='word_1_205' title='bbox 933 3193 961 3233; x_wconf 89' lang='lat' dir='ltr'><strong>v.</strong></span> <span class='ocrx_word' id='word_1_206' title='bbox 978 3172 1049 3252; x_wconf 86' lang='lat'><strong>814.</strong></span> <span class='ocrx_word' id='word_1_207' title='bbox 1065 3169 1256 3234; x_wconf 80' lang='lat' dir='ltr'><strong>occasionem</strong></span> 
     </span>
     <span class='ocr_line' id='line_1_29' title="bbox 155 3268 1256 3358; baseline 0 -22"><span class='ocrx_word' id='word_1_208' title='bbox 155 3271 211 3337; x_wconf 91' lang='lat' dir='ltr'><strong>dat</strong></span> <span class='ocrx_word' id='word_1_209' title='bbox 236 3270 394 3337; x_wconf 86' lang='lat' dir='ltr'><strong>nobilibus</strong></span> <span class='ocrx_word' id='word_1_210' title='bbox 416 3268 565 3334; x_wconf 86' lang='lat' dir='ltr'><strong>Herculis</strong></span> <span class='ocrx_word' id='word_1_211' title='bbox 585 3284 616 3334; x_wconf 91' lang='lat' dir='ltr'><strong>et</strong></span> <span class='ocrx_word' id='word_1_212' title='bbox 641 3269 750 3358; x_wconf 89' lang='lat' dir='ltr'><strong>Ajacis</strong></span> <span class='ocrx_word' id='word_1_213' title='bbox 770 3270 975 3351; x_wconf 86' lang='lat' dir='ltr'><strong>orationibus,</strong></span> <span class='ocrx_word' id='word_1_214' title='bbox 999 3294 1077 3358; x_wconf 89' lang='lat' dir='ltr'><strong>quas</strong></span> <span class='ocrx_word' id='word_1_215' title='bbox 1100 3271 1132 3334; x_wconf 93' lang='lat' dir='ltr'><strong>in</strong></span> <span class='ocrx_word' id='word_1_216' title='bbox 1158 3295 1256 3336; x_wconf 87' lang='lat' dir='ltr'><strong>vacua</strong></span> 
     </span>
     <span class='ocr_line' id='line_1_30' title="bbox 155 3370 1256 3460; baseline -0.002 -20"><span class='ocrx_word' id='word_1_217' title='bbox 155 3376 334 3440; x_wconf 86' lang='lat' dir='ltr'><strong>auditorum</strong></span> <span class='ocrx_word' id='word_1_218' title='bbox 359 3396 449 3438; x_wconf 84' lang='lat' dir='ltr'><strong>scena</strong></span> <span class='ocrx_word' id='word_1_219' title='bbox 470 3370 556 3460; x_wconf 92' lang='lat' dir='ltr'><strong>loqui</strong></span> <span class='ocrx_word' id='word_1_220' title='bbox 578 3373 751 3460; x_wconf 87' lang='lat' dir='ltr'><strong>oportebat.</strong></span> <span class='ocrx_word' id='word_1_221' title='bbox 798 3374 839 3440; x_wconf 92' lang='lat' dir='ltr'><strong>In</strong></span> <span class='ocrx_word' id='word_1_222' title='bbox 861 3372 1005 3454; x_wconf 80' lang='lat' dir='ltr'><strong>AEschyli</strong></span> <span class='ocrx_word' id='word_1_223' title='bbox 1027 3375 1165 3437; x_wconf 89' lang='lat' dir='ltr'><strong>Eumeu.</strong></span> <span class='ocrx_word' id='word_1_224' title='bbox 1183 3376 1256 3439; x_wconf 88' lang='lat' dir='ltr'><strong>cho-</strong></span> 
     </span>
     <span class='ocr_line' id='line_1_31' title="bbox 155 3474 1255 3564; baseline -0.002 -21"><span class='ocrx_word' id='word_1_225' title='bbox 155 3501 227 3543; x_wconf 88' lang='lat' dir='ltr'><strong>rum</strong></span> <span class='ocrx_word' id='word_1_226' title='bbox 255 3477 421 3543; x_wconf 83' lang='lat' dir='ltr'><strong>abscedere</strong></span> <span class='ocrx_word' id='word_1_227' title='bbox 445 3500 463 3540; x_wconf 87' lang='lat' dir='ltr'><strong>e</strong></span> <span class='ocrx_word' id='word_1_228' title='bbox 491 3498 593 3555; x_wconf 88' lang='lat' dir='ltr'><strong>scena,</strong></span> <span class='ocrx_word' id='word_1_229' title='bbox 622 3475 743 3541; x_wconf 91' lang='lat' dir='ltr'><strong>actione</strong></span> <span class='ocrx_word' id='word_1_230' title='bbox 769 3478 909 3544; x_wconf 90' lang='lat' dir='ltr'><strong>nondum</strong></span> <span class='ocrx_word' id='word_1_231' title='bbox 937 3474 1092 3555; x_wconf 88' lang='lat' dir='ltr'><strong>absoluta,</strong></span> <span class='ocrx_word' id='word_1_232' title='bbox 1117 3475 1255 3564; x_wconf 83' lang='lat' dir='ltr'><strong>postulat</strong></span> 
     </span>
     <span class='ocr_line' id='line_1_32' title="bbox 154 3577 743 3647; baseline -0.003 -1"><span class='ocrx_word' id='word_1_233' title='bbox 154 3581 271 3647; x_wconf 82' lang='lat' dir='ltr'><strong>fabulae</strong></span> <span class='ocrx_word' id='word_1_234' title='bbox 284 3580 375 3645; x_wconf 87' lang='lat' dir='ltr'><strong>istius</strong></span> <span class='ocrx_word' id='word_1_235' title='bbox 388 3577 569 3644; x_wconf 88' lang='lat' dir='ltr'><strong>oeconomia.</strong></span> <span class='ocrx_word' id='word_1_236' title='bbox 593 3579 743 3646; x_wconf 87' lang='lat' dir='ltr'><strong>MONK.</strong></span> 
     </span>
    </p>

    <p class='ocr_par' dir='ltr' id='par_1_15' title="bbox 149 3679 1254 4260">
     <span class='ocr_line' id='line_1_33' title="bbox 199 3679 1252 3769; baseline 0 -23"><span class='ocrx_word' id='word_1_237' title='bbox 199 3698 272 3769; x_wconf 82' lang='lat'><strong>755.</strong></span> <span class='ocrx_word' id='word_1_238' title='bbox 296 3685 443 3746; x_wconf 76' lang='lat' dir='ltr'><strong>Insanum</strong></span> <span class='ocrx_word' id='word_1_239' title='bbox 468 3679 616 3746; x_wconf 84' lang='lat' dir='ltr'><strong>Herculis</strong></span> <span class='ocrx_word' id='word_1_240' title='bbox 637 3682 836 3747; x_wconf 82' lang='lat' dir='ltr'><strong>voracitatem</strong></span> <span class='ocrx_word' id='word_1_241' title='bbox 859 3693 1008 3746; x_wconf 89' lang='lat' dir='ltr'><strong>notarunt</strong></span> <span class='ocrx_word' id='word_1_242' title='bbox 1029 3697 1159 3762; x_wconf 83' lang='lat' dir='ltr'><strong>veteres,</strong></span> <span class='ocrx_word' id='word_1_243' title='bbox 1174 3705 1252 3767; x_wconf 91' lang='lat' dir='ltr'><strong>quo·</strong></span> 
     </span>
     <span class='ocr_line' id='line_1_34' title="bbox 155 3783 1254 3872; baseline 0.002 -24"><span class='ocrx_word' id='word_1_244' title='bbox 155 3806 227 3848; x_wconf 91' lang='lat' dir='ltr'><strong>rum</strong></span> <span class='ocrx_word' id='word_1_245' title='bbox 252 3785 319 3849; x_wconf 91' lang='lat' dir='ltr'><strong>loca</strong></span> <span class='ocrx_word' id='word_1_246' title='bbox 342 3784 476 3849; x_wconf 86' lang='lat' dir='ltr'><strong>servavit</strong></span> <span class='ocrx_word' id='word_1_247' title='bbox 500 3783 676 3848; x_wconf 83' lang='lat' dir='ltr'><strong>Athenaeus</strong></span> <span class='ocrx_word' id='word_1_248' title='bbox 701 3803 749 3846; x_wconf 94' lang='lat'><strong>10.</strong></span> <span class='ocrx_word' id='word_1_249' title='bbox 772 3805 803 3870; x_wconf 94' lang='lat' dir='ltr'><strong>p.</strong></span> <span class='ocrx_word' id='word_1_250' title='bbox 819 3801 879 3864; x_wconf 85' lang='lat'><strong>411</strong></span> <span class='ocrx_word' id='word_1_251' title='bbox 901 3783 939 3846; x_wconf 91' lang='lat' dir='ltr'><strong>B.</strong></span> <span class='ocrx_word' id='word_1_252' title='bbox 978 3783 1131 3849; x_wconf 79' lang='lat' dir='ltr'><strong>Conferre</strong></span> <span class='ocrx_word' id='word_1_253' title='bbox 1155 3785 1254 3872; x_wconf 82' lang='lat' dir='ltr'><strong>possis</strong></span> 
     </span>
     <span class='ocr_line' id='line_1_35' title="bbox 156 3879 1254 3974; baseline 0.005 -23"><span class='ocrx_word' id='word_1_254' title='bbox 156 3886 280 3952; x_wconf 86' lang='lat' dir='ltr'><strong>Callim.</strong></span> <span class='ocrx_word' id='word_1_255' title='bbox 305 3889 426 3974; x_wconf 85' lang='lat' dir='ltr'><strong>Hymn.</strong></span> <span class='ocrx_word' id='word_1_256' title='bbox 454 3879 486 3950; x_wconf 92' lang='lat' dir='ltr'><strong>in</strong></span> <span class='ocrx_word' id='word_1_257' title='bbox 512 3886 608 3949; x_wconf 88' lang='lat' dir='ltr'><strong>Dian.</strong></span> <span class='ocrx_word' id='word_1_258' title='bbox 634 3885 705 3966; x_wconf 84' lang='lat'><strong>146.</strong></span> <span class='ocrx_word' id='word_1_259' title='bbox 734 3891 814 3952; x_wconf 87' lang='grc' dir='ltr'><strong>ποῖος</strong></span> <span class='ocrx_word' id='word_1_260' title='bbox 837 3887 896 3968; x_wconf 72' lang='grc' dir='ltr'><strong>γορ</strong></span> <span class='ocrx_word' id='word_1_261' title='bbox 925 3885 972 3950; x_wconf 73' lang='grc' dir='ltr'>ἀεὶ</span> <span class='ocrx_word' id='word_1_262' title='bbox 995 3888 1151 3969; x_wconf 74' lang='grc' dir='ltr'>Τιρύνθιος</span> <span class='ocrx_word' id='word_1_263' title='bbox 1177 3889 1254 3970; x_wconf 84' lang='grc' dir='ltr'>ἥρως</span> 
     </span>
     <span class='ocr_line' id='line_1_36' title="bbox 149 3986 1254 4071; baseline 0.001 -18"><span class='ocrx_word' id='word_1_264' title='bbox 149 3987 281 4068; x_wconf 71' lang='lat' dir='ltr'><strong>‘&#39;Eo-mre</strong></span> <span class='ocrx_word' id='word_1_265' title='bbox 308 3989 365 4071; x_wconf 84' lang='grc' dir='ltr'><strong>πρὸ</strong></span> <span class='ocrx_word' id='word_1_266' title='bbox 394 3987 523 4065; x_wconf 77' lang='grc' dir='ltr'>πυλέων,</span> <span class='ocrx_word' id='word_1_267' title='bbox 552 3986 763 4069; x_wconf 79' lang='grc' dir='ltr'>ποτιδεγμίνος</span> <span class='ocrx_word' id='word_1_268' title='bbox 792 3989 820 4051; x_wconf 80' lang='grc' dir='ltr'>εί</span> <span class='ocrx_word' id='word_1_269' title='bbox 847 4012 875 4051; x_wconf 96' lang='grc' dir='ltr'><strong>τι</strong></span> <span class='ocrx_word' id='word_1_270' title='bbox 904 3987 1041 4070; x_wconf 84' lang='grc' dir='ltr'>φίρονσσ</span> <span class='ocrx_word' id='word_1_271' title='bbox 1069 3995 1159 4054; x_wconf 71' lang='lat' dir='ltr'><strong>Neine</strong></span> <span class='ocrx_word' id='word_1_272' title='bbox 1184 3996 1254 4054; x_wconf 84' lang='grc' dir='ltr'><strong>πῖον</strong></span> 
     </span>
     <span class='ocr_line' id='line_1_37' title="bbox 154 4088 1252 4177; baseline -0.001 -21"><span class='ocrx_word' id='word_1_273' title='bbox 154 4092 276 4173; x_wconf 79' lang='grc' dir='ltr'>ἔδεσμα.</span> <span class='ocrx_word' id='word_1_274' title='bbox 301 4089 464 4177; x_wconf 87' lang='lat' dir='ltr'><strong>Aristopb.</strong></span> <span class='ocrx_word' id='word_1_275' title='bbox 480 4092 563 4155; x_wconf 87' lang='lat' dir='ltr'><strong>Rau.</strong></span> <span class='ocrx_word' id='word_1_276' title='bbox 578 4105 655 4173; x_wconf 87' lang='grc'><strong>549.</strong></span> <span class='ocrx_word' id='word_1_277' title='bbox 692 4089 764 4155; x_wconf 87' lang='lat' dir='ltr'><strong>vid.</strong></span> <span class='ocrx_word' id='word_1_278' title='bbox 783 4088 953 4177; x_wconf 85' lang='lat' dir='ltr'><strong>Spanhem.</strong></span> <span class='ocrx_word' id='word_1_279' title='bbox 971 4091 1013 4155; x_wconf 84' lang='lat' dir='ltr'><strong>ad</strong></span> <span class='ocrx_word' id='word_1_280' title='bbox 1036 4092 1080 4154; x_wconf 91' lang='lat' dir='ltr'><strong>H.</strong></span> <span class='ocrx_word' id='word_1_281' title='bbox 1101 4092 1132 4155; x_wconf 90' lang='lat' dir='ltr'><strong>in</strong></span> <span class='ocrx_word' id='word_1_282' title='bbox 1156 4091 1252 4156; x_wconf 89' lang='lat' dir='ltr'><strong>Dian.</strong></span> 
     </span>
     <span class='ocr_line' id='line_1_38' title="bbox 157 4193 401 4260; baseline -0.016 0"><span class='ocrx_word' id='word_1_283' title='bbox 157 4197 229 4260; x_wconf 88' lang='lat'><strong>160.</strong></span> <span class='ocrx_word' id='word_1_284' title='bbox 253 4193 401 4258; x_wconf 88' lang='lat' dir='ltr'><strong>MONK.</strong></span> 
     </span>
    </p>

    <p class='ocr_par' dir='ltr' id='par_1_16' title="bbox 154 4291 1253 4487">
     <span class='ocr_line' id='line_1_39' title="bbox 198 4291 1253 4383; baseline -0.001 -22"><span class='ocrx_word' id='word_1_285' title='bbox 198 4300 271 4383; x_wconf 83' lang='lat'><strong>756.</strong></span> <span class='ocrx_word' id='word_1_286' title='bbox 294 4294 407 4376; x_wconf 78' lang='grc' dir='ltr'>ποτῆρο</span> <span class='ocrx_word' id='word_1_287' title='bbox 422 4291 446 4356; x_wconf 85' lang='grc' dir='ltr'><strong>δ’</strong></span> <span class='ocrx_word' id='word_1_288' title='bbox 462 4294 497 4357; x_wconf 74' lang='grc' dir='ltr'><strong>ἓν</strong></span> <span class='ocrx_word' id='word_1_289' title='bbox 510 4294 662 4378; x_wconf 76' lang='grc' dir='ltr'>χείρεσσι]</span> <span class='ocrx_word' id='word_1_290' title='bbox 688 4294 740 4357; x_wconf 88' lang='lat' dir='ltr'><strong>Ita</strong></span> <span class='ocrx_word' id='word_1_291' title='bbox 754 4315 862 4358; x_wconf 90' lang='lat' dir='ltr'><strong>omnes</strong></span> <span class='ocrx_word' id='word_1_292' title='bbox 880 4309 994 4382; x_wconf 86' lang='lat' dir='ltr'><strong>praeter</strong></span> <span class='ocrx_word' id='word_1_293' title='bbox 1010 4297 1099 4359; x_wconf 85' lang='lat' dir='ltr'><strong>Lasc.</strong></span> <span class='ocrx_word' id='word_1_294' title='bbox 1115 4295 1170 4382; x_wconf 87' lang='lat' dir='ltr'><strong>qui</strong></span> <span class='ocrx_word' id='word_1_295' title='bbox 1185 4319 1253 4360; x_wconf 87' lang='lat' dir='ltr'><strong>cor·</strong></span> 
     </span>
     <span class='ocr_line' id='line_1_40' title="bbox 154 4394 1253 4487; baseline 0.002 -25"><span class='ocrx_word' id='word_1_296' title='bbox 154 4413 247 4487; x_wconf 85' lang='lat' dir='ltr'><strong>rupte</strong></span> <span class='ocrx_word' id='word_1_297' title='bbox 271 4397 358 4465; x_wconf 89' lang='lat' dir='ltr'><strong>dedit</strong></span> <span class='ocrx_word' id='word_1_298' title='bbox 381 4394 406 4462; x_wconf 85' lang='grc' dir='ltr'><strong>δ’</strong></span> <span class='ocrx_word' id='word_1_299' title='bbox 430 4397 571 4481; x_wconf 72' lang='grc' dir='ltr'>ίχείρεσι.</span> <span class='ocrx_word' id='word_1_300' title='bbox 598 4397 646 4481; x_wconf 66' lang='grc' dir='ltr'><strong>[δὲ</strong></span> <span class='ocrx_word' id='word_1_301' title='bbox 672 4396 788 4479; x_wconf 85' lang='grc' dir='ltr'>χείρεσι</span> <span class='ocrx_word' id='word_1_302' title='bbox 810 4397 898 4462; x_wconf 92' lang='lat' dir='ltr'><strong>Flor.</strong></span> <span class='ocrx_word' id='word_1_303' title='bbox 920 4398 962 4482; x_wconf 72' lang='grc'><strong>1.]</strong></span> <span class='ocrx_word' id='word_1_304' title='bbox 1004 4396 1129 4463; x_wconf 90' lang='lat' dir='ltr'><strong>Dubito</strong></span> <span class='ocrx_word' id='word_1_305' title='bbox 1149 4413 1253 4464; x_wconf 83' lang='lat' dir='ltr'><strong>autem</strong></span> 
     </span>
    </p>
   </div>
   <div class='ocr_carea' id='block_1_5' title="bbox 673 4518 724 4583">
    <p class='ocr_par' dir='ltr' id='par_1_17' title="bbox 673 4518 724 4583">
     <span class='ocr_line' id='line_1_41' title="bbox 673 4518 724 4583; baseline 0 0"><span class='ocrx_word' id='word_1_306' title='bbox 673 4518 724 4583; x_wconf 71' lang='grc' dir='ltr'><strong>Ζ3</strong></span> 
     </span>
    </p>
   </div>
   <div class='ocr_carea' id='block_1_6' title="bbox 0 0 1436 4914">
    <p class='ocr_par' dir='ltr' id='par_1_18' title="bbox 0 0 1436 4914">
     <span class='ocr_line' id='line_1_42' title="bbox 0 0 1436 4914; baseline 0 2"><span class='ocrx_word' id='word_1_307' title='bbox 0 0 1436 4914; x_wconf 95' lang='lat' dir='ltr'><strong> </strong></span> 
     </span>
    </p>
   </div>
  </div>
 </body>
</html>
