2864 4914
539 322 606 390 nn
629 322 880 390 ALcnsTIN.
1195 304 1260 391 eet

162 515 213 573 11,
230 495 327 583 247.]‘
358 497 409 562 Dc
424 496 581 585 AEgaeone
603 497 673 575 deo',
692 520 712 563 a
733 521 798 586 quo
816 515 926 561 nomen
950 495 1009 560 hoc
1029 493 1178 582 adeptum
1202 507 1259 571 est,

159 597 232 662 vide
253 598 435 663 scholiasten
459 597 611 687 Apollon.
627 598 734 664 Rhod.
755 619 782 678 1,
803 600 895 683 1165.
933 596 1073 662 Statium
1091 590 1259 660 Achitleid.

162 717 192 776 2,
213 718 262 764 12.
285 702 432 766 MUSG.
478 701 642 789 Exemplis
663 701 766 781 metri,
781 700 913 789 quohic
926 700 1041 764 versut*
1054 694 1260 785 scriptuffe's'ss

160 800 193 864 in
208 804 408 867 annotatione
422 802 523 867 allatis
537 804 622 868 adde
634 805 762 869 Hecub.
779 823 870 886 1104.

202 923 277 988 599.
294 909 345 973 τδς
360 910 446 970 err'or
460 900 634 994 typothetae
648 908 696 971 est
709 915 771 995 pro
780 913 840 975 τᾶς.

205 1007 279 1070 602.
297 1011 368 1072 αδδεδ
384 1021 465 1072 recte
480 1008 725 1096 interpretantur
736 1008 899 1096 ριιάατσαι,
913 1005 1067 1093 siquidem
1080 1005 1185 1093 p'ttdor
1201 1016 1264 1067 no'n

163 1121 285 1171 tantum
308 1113 355 1174 est
376 1116 496 1189 eorum,
512 1134 592 1196 quos
614 1110 749 1199 turpiter
769 1109 877 1175 fecisse
896 1108 1011 1195 pudet,'
1027 1106 1078 1172 sed
1101 1107 1195 1172 animi
1215 1102 1263 1171 a'f·

163 1208 276 1288 fectus,
298 1216 364 1297 quo
386 1212 520 1299 turpiter
541 1212 642 1277 facere
664 1234 818 1277 veremur.
866 1212 952 1275 Hinc
977 1209 1213 1290 διακαομένων
1238 1206 1263 1272 δ’

164 1313 279 1393 ἀνδρῶν
300 1314 428 1382 πλέονες
450 1316 526 1393 σάοι,
548 1316 584 1395 ἠὲ
605 1314 764 1398 πέφανται.
812 1314 898 1380 Miro
919 1334 1022 1378 errore
1046 1312 1130 1376 Flor.
1150 1314 1193 1375 A.
1213 1307 1264 1375 10³.

167 1422 217 1498 t5;
234 1415 357 1497 εὐγενὲς
369 1417 490 1503 εὐγενὴς
504 1420 628 1482 αἰδεῖται
643 1417 809 1500 ἐκφέρεται,
825 1417 971 1481 nimirum
987 1415 1027 1479 τδ
1037 1417 1157 1498 εδγενές
1175 1412 1264 1496 ἐκφέ-

164 1524 248 1594 ρεται
261 1516 335 1598 πρδς
349 1521 421 1582 αἰδῶ
435 1518 518 1583 idem
534 1519 580 1583 est
595 1533 691 1604 atquc
706 1521 722 1581 6
739 1518 861 1598 εὐγενὴς
876 1520 1011 1582 αἰδεῖται.
1037 1512 1227 1581 MATTH'.

209 1621 281 1703 603.
305 1619 404 1684 πάντα
422 1622 537 1703 σαφέσι
553 1628 611 1708 pto
632 1626 717 1685 πᾶσα
739 1606 834 1704 σοφάα
855 1619 973 1684 dictum
997 1619 1043 1683 est
1066 1633 1103 1682 ut
1125 1621 1161 1683 έν
1179 1616 1267 1682 παντὶ

167 1725 256 1815 κακοῦ
271 1721 356 1796 εἶναι,
374 1725 416 1790 εῖτ
428 1727 490 1786 πᾶν
503 1728 594 1787 κάκοΰ
608 1726 809 1806 ἀφικνεῖσθαι
826 1722 865 1787 de
879 1721 1001 1809 quilius‘
1011 1746 1037 1784 v.
1052 1718 1193 1786 Grnurm.
1208 1721 1266 1786 Gr.

168 1822 336 1909 §;443·,·3;
361 1826 553 1889 ΜΆΤΤΗ.
588 1907 592 1922 1

211 1928 292 2011 605.
302 1929 391 1990 κεδνδ
405 1927 541 2012 πράξειν]
561 1930 660 1991 Recte
674 1926 714 1992 ad
730 1948 854 1991 sensum
872 1926 1053 1991 Buchunan.
1079 1927 1122 1990 Et
1137 1924 1269 1990 montem

167 2029 248 2090 δοτιω
269 2036 348 2114 opens
361 2029 452 2093 tanet
472 2051 655 2095 successura
676 2031 794 2094 homini
812 2033 869 2119 ρδο
890 2032 998 2095 omnio
1021 2025 1110 2094 recte.
1142 2025 1270 2121 'Longe

168 2130 258 2194 aliter
286 2129 383 2217 vulgo
412 2131 666 2218 interpretantur.
712 2132 841 2197 Dictum
872 2144 919 2196 est
949 2136 1038 2197 κεδνδ
1063 2131 1186 2214 πράξειν
1211 2153 1270 2218 pro

170 2238 278 2300 κεδυθς
292 2232 340 2296 vel
357 2239 454 2300 καλῶς
466 2233 601 2315 πράξειν.
636 2234 773 2300 Omnino
786 2234 973 2300 conferenda
988 2250 1061 2298 sunt
1077 2235 1179 2299 Orest.
1194 2228 1270 2319 531'.

171 2335 313 2417 Θυγάτηρ
327 2334 351 2399 δ’
369 2337 423 2416 ἐμὴ
436 2335 557 2400 θανοῦσ’
576 2337 702 2419 ἔπραξεν
717 2339 825 2401 ἔνδικα.
852 2336 926 2424 Iph.
943 2338 985 2399 A.
1003 2339 1079 2421 346.
1094 2334 1273 2416 πράσσοντα

170 2437 298 2519 μεγάλα.
334 2437 452 2503 Electr.
475 2461 504 2502 v.
529 2438 587 2503 ult.
613 2440 771 2515 εὐδαίμονα
793 2438 931 2521 πράσσει.
978 2440 1018 2503 In
1044 2437 1158 2502 eodem·
1181 2459 1272 2501 sensu

173 2540 276 2608 κεδνδς
297 2541 464 2606 adhibetur
487 2543 564 2605 Tro.
581 2542 653 2620 684.
677 2542 745 2605 οὔδέ
768 2541 930 2623 κλέπτομαι
952 2540 1074 2624 φρένας,
1091 2538 1224 2623 Πράξειν
1246 2566 1274 2605 τι

173 2645 286 2708 κεδνόν.
311 2644 422 2709 AEsch.
440 2643 583 2731 Choeph.
600 2646 673 2728 699.
690 2649 810 2709 Κεδνῶν
826 2645 907 2709 ἕκατι
920 2643 1110 2727 πραγμάτων.
1146 2644 1197 2706 Ea
1211 2665 1273 2707 vox

173 2768 265 2810 usum
282 2746 377 2811 habet
392 2769 452 2811 non
469 2747 572 2811 rninus
585 2746 648 2812 late
667 2759 824 2834 patentem
841 2760 936 2835 quarn
954 2746 1065 2830 ἀγαθὸς
1080 2745 1129 2810 vel
1152 2747 1273 2814 ἐσθλάς.

173 2849 268 2913 Dicta
283 2862 361 2914 sunt·
380 2848 481 2916 κεδνδς
499 2851 583 2929 άναξ,
600 2851 702 2918 κεδνὸς
717 2853 841 2932 ἑταῖρος,
858 2852 945 2930 κεδνὴ
962 2851 1083 2984 <inopom
1101 2850 1188 2928 κεδνὴ
1201 2874 1274 2932 πσρ-

174 2952 269 3026 θένος,
286 2953 373 3031 κεδνὴ
388 2954 567 3034 ἀμφίπολος,
588 2954 685 3016 κεδνοὶ
706 2961 812 3027 route,
829 2956 918 3017 κεδνδ
939 2951 1038 3026 τέκνα,
1055 2952 1152 3016 κεδνοὶ
1174 2953 1272 3034 λόγοι,

175 3059 263 3118 κεδνὰ
277 3055 361 3134 ἤθεα,
379 3053 465 3145 κεδνὴ
478 3053 574 3136 χάρις,
592 3057 680 3118 κεδνδ
694 3055 862 3137 πράγματα,
877 3054 964 3133 κεδνὴ
979 3056 1063 3138 τάχη,
1080 3055 1167 3134 κεδνὴ
1182 3055 1273 3137 ἀγγε-

174 3159 311 3235 nnnc.
337 3142 484 3220 noun.

218 3262 291 3323 610.
314 3259 445 3337 ὑστάτην
468 3256 554 3343 δδάν]
582 3259 634 3322 Ita
661 3256 760 3345 Soph.
782 3261 861 3322 Ant.
884 3258 956 3339 807.
982 3261 1048 3320 Τδν
1072 3255 1275 3341 νεάτανδδδν

176 3364 370 3445 Στεέχουσαν.
396 3359 513 3424 Trach.
525 3362 599 3443 876.
610 3360 727 3440 Βέβηκε
743 3360 894 3442 Δῃάνειρα
908 3360 962 3438 τὴν
976 3359 1168 3438 πανυστάτην
1176 3357 1276 3424 Ὁδῶν

176 3468 311 3529 δπασῶν.
351 3465 500 3528 Ceterum
515 3485 632 3527 morem
650 3461 855 3549 compellandi
878 3462 1018 3526 mortuos
1040 3461 1071 3524 in
1095 3481 1208 3548 pompa
1224 3462 1275 3525 su·

177 3566 276 3643 uchri,
292 3581 323 3631 et
339 3565 541 3645 valedicendi,
558 3565 661 3654 tetigit
675 3582 779 3630 noster
794 3563 905 3654 Suppl.
919 3579 991 3650 775.
1008 3566 1099 3629 Αἴδου
1113 3588 1149 3629 τε
1158 3566 1277 3644 μολπδκ

179 3669 272 3752 ἐκχέω
299 3673 512 3758 δακρυρρόουςι
526 3671 638 3736 (borenc
663 3674 849 3751 προσαυδῶν.
880 3668 953 3732 806.
976 3671 1143 3748 Προσανδῶ
1163 3692 1200 3730 σε
1222 3665 1277 3729 τδν
1345 3679 1360 3695 ’

179 3774 319 3835 θανόντα.
336 3772 390 3836 ubi
405 3772 525 3836 fallitur
539 3771 759 3836 Marklandus.
786 3772 900 3850 Verba,
916 3770 1034 3857 quibus
1048 3769 1188 3834 Alcestin
1204 3765 1276 3832 cho

178 3893 233 3936 rus
246 3872 428 3960 otloquitur,
444 3875 595 3940 habemus
608 3875 690 3939 infra
704 3899 732 3940 r.
751 3892 824 3963 757.
840 3898 902 3961 seq.
928 3874 1079 3938 MONK.

222 3977 297 4060 658.
313 3977 456 4057 ἀτιμάζων
470 3978 505 4041 τδ
521 3977 774 4059 σδν-προῦδωκά
789 3976 830 4062 α’]
846 3977 1023 4057 ἀτιμάζοντα
1037 3977 1095 4040 σδν
1109 3978 1278 4058 προῦδωκαν

181 4077 266 4141 Flor.
283 4096 313 4142 ν.
325 4078 421 4142 Laoc.
438 4079 516 4143 Atd.

223 4183 296 4262 672.
314 4179 467 4266 θνήσκειν]
485 4187 589 4246 θανεῖν
605 4180 689 4246 Flor.
710 4203 757 4246 ιο.
778 4200 824 4268 15.

224 4285 297 4367 679.
313 4283 405 4368 άγαν]
423 4282 451 4364 μ’
467 4282 590 4348 addunt
606 4283 691 4348 Flor.
708 4302 736 4347 2.
754 4285 845 4349 Lasc.
864 4286 940 4350 Atd.

226 4389 300 4471 689.
314 4387 451 4468 ἠδίκηκα]
467 4388 592 4466 ἠδίκησα
608 4385 693 4450 Flor.
713 4389 752 4450 A.
771 4405 800 4451 2.

703 4509 756 4557 22
