2864 4914
229 289 295 352 480
591 284 970 352 ANNOTATIONES

227 459 252 522 si
274 458 403 524 fortuna
416 459 461 523 ita
475 459 556 539 fert3
579 457 633 522 sed
655 459 730 522 ὅταν
744 458 777 521 δέ
791 456 832 537 μὴ
845 458 931 539 τύχῃ,
946 451 1075 541 quando
1090 474 1166 518 vero
1182 473 1246 516 rem
1270 473 1335 515 non

228 559 343 648 tetigit,
361 584 421 625 non
437 574 597 626 assecutus
611 575 669 637 est,
684 557 840 623 oblivione
853 557 931 621 illud
948 554 1103 621 obruitur.
1127 554 1328 618 MATTH.

271 682 346 747 959.
361 664 397 727 οὐ
412 661 610 750 Lentingius.
633 660 651 742 ἢ
666 660 749 726 libri.

271 765 375 846 γάμων
391 764 536 850 Scaliger.
576 764 667 829 Libri
681 764 866 846 γαμούντων.

271 868 371 948 μορίαι
393 869 477 948 κόραι
499 871 610 948 θηρῶσι
630 864 756 947 λέκτρον
779 865 900 948 τούμόν]
925 861 1064 927 «Iactatio
1078 882 1118 926 ex
1134 860 1240 925 verbis
1262 863 1339 926 Ho-

230 968 306 1032 meri
323 968 363 1032 Il.
379 975 404 1045 1,
420 985 495 1054 395.
513 967 685 1033 absurdum
700 967 731 1031 in
748 966 876 1031 modum
893 979 1092 1052 exaggerata.

274 1073 348 1155 963.
374 1070 524 1135 Absurde
548 1071 588 1135 de
610 1071 861 1158 clytemnestra,
884 1089 1020 1155 quacum
1044 1065 1247 1153 colloquitur,
1268 1083 1340 1132 tan-

229 1193 324 1259 quam
337 1171 464 1236 absente
480 1171 629 1258 loquitur.

274 1275 347 1359 965.
371 1273 466 1338 ἐδιοκθ
480 1273 551 1359 τῶν]
570 1272 659 1338 Libri
675 1273 767 1338 ἔδωκέ
788 1272 813 1337 τ’
833 1275 881 1338 δν.
904 1273 999 1337 ἔδωκα
1017 1284 1190 1336 surrectum
1210 1270 1244 1334 in
1266 1270 1339 1335 edi-

230 1376 314 1440 tione
336 1375 518 1454 Brubachii‚
541 1376 597 1440 τδν
618 1392 722 1440 autem
746 1374 881 1439 restituit
897 1373 1094 1438 Gaisfordus.
1140 1372 1276 1460 Decepit
1300 1372 1357 1437 li-v

231 1479 351 1543 brutios
373 1478 465 1542 tertia
478 1502 551 1564 quae
573 1476 728 1565 praecessit
743 1477 830 1542 verbi
851 1499 983 1563 persona
1004 1478 1137 1555 ἐπείσθη,
1154 1499 1211 1540 nee
1225 1476 1339 1540 viden·

232 1596 284 1645 tur
312 1580 566 1644 animadvertisse
595 1579 895 1667 argumentationem
929 1578 988 1642 hoc
1025 1576 1119 1641 modo
1147 1578 1338 1665 procedere:

233 1685 430 1748 Contumelia
451 1704 499 1746 mc
524 1684 628 1769 afficit
653 1684 872 1770 Agamemnon
897 1682 977 1744 clam
1000 1703 1077 1745 usus
1106 1685 1232 1746 nomine
1257 1703 1339 1762 meo,

231 1807 292 1872 quo
305 1786 378 1849 sici
397 1807 477 1871 opus
496 1807 562 1849 esse
580 1787 742 1849 videretur
755 1784 798 1847 ud
806 1785 918 1870 filiam
939 1783 1136 1870 cupiendum,
1151 1784 1279 1848 debehat
1298 1786 1340 1849 αδ

231 1909 280 1950 mc
289 1895 397 1973 petere
414 1896 450 1951 ut
464 1889 514 1950 uti
533 1908 567 1950 ιο
580 1888 641 1951 sibi
660 1887 775 1950 liceret.
822 1888 890 1960 Quo
898 1887 995 1971 facto
1013 1907 1070 1970 ego
1077 1887 1185 1972 focile
1204 1887 1245 1950 αδ
1263 1888 1341 1974 Οἰμ-

232 1998 416 2053 taemnestrc
429 2010 517 2052 erum
539 1990 768 2075 impetraturus
782 1997 819 2052 nt
827 1989 937 2072 filium
952 1990 1069 2053 marito
1080 1988 1224 2066 clocam,
1238 1990 1339 2076 impe·

232 2100 375 2178 iratoque
396 2090 601 2178 Iphigeniam
626 2092 747 2154 Grecis
768 2111 854 2153 erum
878 2090 1060 2154 traditurus
1080 2093 1339 2175 sacrificandam,

232 2195 262 2256 si
276 2194 315 2257 ab
330 2195 389 2257 Ιιαο
404 2195 599 2280 rependeret
608 2193 764 2280 profectio
777 2193 822 2256 ud
839 2192 982 2277 Trrp'cm.
1019 2191 1140 2255 Totum
1156 2207 1263 2257 autem
1278 2192 1342 2257 hoe

232 2295 394 2361 inventum
412 2295 593 2360 stultissime
606 2310 653 2360 est
668 2295 708 2359 ah
722 2293 871 2381 scriptore
886 2293 997 2357 horum
1012 2316 1160 2357 versuum
1176 2294 1341 2381 excogita-

233 2413 313 2476 tum,
337 2413 369 2462 et
395 2397 521 2462 duabus
547 2396 674 2484 quidem
699 2395 739 2459 de
763 2393 888 2459 caussis.
933 2395 1042 2459 Primo
1066 2395 1147 2459 enim
1176 2397 1342 2463 manifeste

233 2513 389 2588 repugnat
405 2500 441 2564 iis
456 2524 528 2587 quae
544 2498 684 2563 Achilles
705 2499 737 2562 in
759 2497 904 2583 genuinis
918 2497 1059 2562 versibus
1077 2497 1244 2584 Euripidis
1257 2499 1342 2566 dixit

235 2605 416 2687 936-941.
441 2601 528 2666 nullo
555 2623 693 2687 unquam
721 2614 812 2687 paeto
835 2623 867 2663 se
895 2598 1068 2664 adductum
1096 2600 1133 2662 iri
1164 2615 1200 2664 ut
1223 2624 1341 2666 nomen

233 2727 325 2768 suum
351 2703 457 2768 fraudi
487 2704 528 2768 ab
555 2706 793 2789 Agamemnone
822 2701 981 2766 meditatae
1010 2700 1160 2788 implicari
1189 2703 1341 2788 patiatur.

233 2806 358 2870 Deinde
387 2806 527 2892 nequitia
553 2805 671 2869 Achilli
700 2803 860 2890 affingitur
888 2803 980 2890 plane
1005 2804 1105 2868 aliena
1132 2804 1173 2869 ab
1198 2806 1343 2872 moribus

234 2906 329 2991 hujus
352 2905 420 2980 viri,
440 2905 495 2990 qui
518 2904 598 2968 hanc
621 2903 720 2991 ipsam
741 2902 783 2967 ob
805 2926 943 2966 caussam
967 2903 1120 2970 educatus
1138 2904 1180 2969 ab
1200 2906 1343 2972 Chirone

233 3023 311 3082 crat,
328 3006 364 3070 ἵν’
380 3008 437 3087 ἤθη
451 3006 491 3087 μὴ
505 3007 594 3086 μάθοι
608 3012 726 3088 βροτῶν
741 3006 816 3069 κακά
833 3009 876 3088 (ν.
894 3008 996 3090 709.).

278 3112 351 3195 969.
375 3112 408 3173 ἐν
424 3109 544 3190 εὐμαρεῖ
556 3134 589 3172 τε
605 3113 677 3190 δρῶν
692 3134 724 3172 τε
741 3107 842 3188 καὶμὴ
858 3112 930 3189 δρᾶν
946 3107 1056 3195 καλῶς]
1082 3110 1208 3173 Horum
1225 3111 1341 3177 verbo·

235 3235 305 3275 rum
322 3212 396 3275 satis
409 3211 514 3297 inepte
529 3210 720 3275 delectorum
742 3209 792 3272 hic
810 3208 935 3273 videtur
950 3233 1057 3275 sensus
1071 3234 1146 3285 esse,
1162 3212 1192 3276 iu
1208 3214 1342 3278 arbitrio

235 3315 352 3379 ducum
368 3315 427 3378 erit
441 3314 577 3400 positum
595 3329 701 3377 utrum
717 3313 844 3376 honeste
864 3335 903 3375 an
924 3312 1126 3399 ignominiose
1142 3330 1277 3380 tractare
1292 3340 1343 3380 me

237 3417 351 3482 volent.

280 3538 354 3604 970.
384 3517 450 3601 τάχ’
482 3521 594 3582 εἴσεται
623 3514 757 3600 σίδηρος]
780 3518 933 3580 'Fortasse
959 3539 997 3580 ex
1029 3519 1184 3583 Phoeniss.
1209 3544 1238 3584 v.
1266 3540 1342 3605 253.

235 3622 342 3704 μάχης,
360 3623 397 3684 δν
408 3620 501 3701 'Apus
515 3618 579 3702 τάχ’
597 3623 719 3683 εἴσεται.

280 3743 353 3807 971.
378 3726 479 3787 ἐλθεῖν
501 3725 607 3804 φόνον,
633 3727 752 3802 κηλῖσιν
775 3722 896 3800 αἵματος
917 3727 1018 3804 χρανῶ
1044 3745 1084 3785 ex
1111 3723 1244 3786 Porsoni
1268 3747 1344 3788 eon-

231 3828 355 3914 jectura
373 3825 497 3911 legitur.
543 3822 733 3889 Revocanda
755 3821 907 3886 librorum
933 3822 1087 3910 scriptura
1110 3825 1223 3897 ἐλθεῖν,
1245 3829 1343 3907 φόνον

239 3935 357 4008 κηλῖσιν
372 3929 472 4006 αἵματι
487 3930 599 4009 χρανῶ.

281 4047 353 4113 974.
369 4025 659 4111 θεὸν-γενήσομαι]
678 4027 758 4088 Haec
774 4025 955 4089 stultissima
970 4027 1112 4113 essejam
1129 4026 1344 4093 Marklaudus

236 4130 465 4194 animadvertit.

279 4234 354 4317 978.
370 4231 450 4315 μήτ’]
470 4227 673 4295 Scribendum
690 4227 765 4307 μηδ’.

280 4336 381 4413 ἐνδεὴς
402 4331 478 4397 τοῦδ’
503 4329 723 4394 Marklandus.
758 4333 865 4400 ἐνδεῶς
890 4337 998 4420 (supra
1013 4333 1125 4420 scripta
1140 4333 1230 4398 litera
1252 4338 1284 4418 η)
1300 4337 1343 4417 μὴ

236 4437 313 4500 τοῦδ’
328 4435 458 4500 codices,
481 4437 588 4499 ἐνδεῶς
601 4431 666 4511 μήτ’
684 4431 758 4495 Ald.
