2864 4914
179 343 183 349 .
205 283 272 352 266
570 285 948 351 ANNOTATIONES

208 459 345 525 Musaeo
360 470 433 521 sunt
448 455 564 521 inserta
577 479 616 521 ex
630 428 794 524 echoliasta
808 456 981 544 Euripidis.
995 455 1036 520 G.
1047 452 1107 540 11]
1135 451 1307 517 Existimat

207 557 431 624 Valckenarius
459 558 594 623 Diatrib.
625 582 656 647 p.
684 561 753 624 180.
778 560 964 648 Euripidem
999 556 1076 622 alios
1103 570 1245 619 auctores
1273 553 1305 616 iu

208 661 320 739 Inone,
336 661 412 726 alios
426 661 457 725 in
475 661 591 725 Medea
605 679 746 726 secutum
762 686 838 728 esse.
884 661 993 727 Inonis
1013 673 1233 746 argumentum
1257 656 1306 720 his

206 761 310 826 verbis
323 762 422 828 inesse
444 778 553 851 putat:
576 762 644 828 ’Ῑνῖι
660 769 733 829 κατὰ
748 768 844 849 χόλον
859 770 910 846 τῆς
926 763 1027 846 Ἤρας
1043 767 1182 844 μανεῖσα,
1199 761 1306 842 ἔρριψε

207 865 299 944 αὐτὴν
325 868 367 932 ele
396 865 449 944 τὴν
473 866 634 931 θάλασσαν
658 870 719 950 ἅμα
741 871 781 954 rqi
804 870 856 955 υίῷ
883 870 971 948 αὑτῆς
994 864 1174 947 Μελικέρτῃ.
1221 861 1304 926 Mihi

205 982 311 1031 autem
339 989 412 1030 vero
440 967 568 1032 similius
597 969 732 1047 videtur,
763 970 894 1034 Inonem
925 968 956 1033 in
985 966 1169 1054 cognomine
1197 963 1306 1029 fabula

207 1081 377 1156 utrumque
399 1092 533 1157 puerum
556 1071 753 1156 interfecisse,
776 1087 885 1159 postea
899 1094 972 1137 vero
986 1068 1131 1135 facinoris
1153 1067 1306 1132 consciam

206 1170 334 1250 factam,
346 1170 377 1235 in
392 1194 476 1236 mare
487 1196 519 1237 se
528 1173 701 1260 projecisse.
725 1173 906 1261 Resipuisse
914 1195 981 1238 eam
994 1171 1130 1237 ostendit
1139 1172 1267 1257 Fragm.
1276 1189 1306 1234 2.

206 1275 300 1339 <tuat
321 1280 468 1357 γυναῖκες,
484 1281 546 1343 πῶς
562 1276 600 1341 δν
623 1278 655 1356 ἐξ
677 1278 769 1360 ἀρχῆς
790 1279 896 1357 δόμους
915 1273 920 1363 Ι
938 1274 1124 1355 Ἀθάμαντος
1145 1273 1303 1352 οίκήσαιμι,

206 1381 265 1441 τῖιυ
286 1376 504 1461 πεπραγμένου
522 1376 528 1464 Ι
547 1378 685 1460 δράσασα
710 1377 810 1459 μηδέν.
856 1377 951 1456 Quod
974 1374 1211 1440 Valckenarium
1243 1396 1304 1437 non

205 1477 299 1564 fugit.
337 1479 394 1543 Ab
408 1479 467 1543 hoc
481 1494 668 1566 argumento
682 1503 744 1544 non
757 1479 935 1567 discrepant
949 1503 1023 1566 quoe
1037 1477 1069 1541 in
1082 1477 1200 1540 Medea
1214 1475 1254 1540 de
1268 1499 1306 1539 ea

206 1579 362 1645 dicuntur.
400 1580 456 1645 Ad
481 1595 647 1668 utramque
668 1582 807 1646 fabulam
830 1596 969 1669 spectare
994 1580 1120 1645 videtur
1142 1577 1306 1666 Euripidis

146 1752 152 1764 ,
206 1683 334 1763 mentio,
350 1707 423 1771 quae
438 1683 486 1747 bis
500 1683 585 1770 apud
601 1683 783 1748 scholiasten
798 1684 942 1749 adcurrit.
967 1685 1082 1748 ELM.

252 1787 346 1872 1285.
362 1785 528 1871 ἐξέπεμψε]
550 1785 695 1866 ἐξέπεμπε
712 1789 758 1851 Η.
773 1801 805 1851 et
820 1787 907 1852 Flor.
927 1808 976 1852 10.
998 1802 1045 1870 15.
1061 1785 1232 1868 ἐξέπεμψεν
1245 1785 1305 1862 ἄλῃ

205 1910 265 1975 pro
280 1891 321 1956 είς
335 1890 421 1969 ἄλην.
446 1889 639 1952 ΜΑΤΤΗ.

251 1990 346 2056 1286.
362 1991 457 2055 Unus
471 2013 578 2055 versus
592 1994 886 2072 πίτνει-δυσσεβεῖ.

248 2093 348 2156 πίπτει
362 2090 387 2156 δ’
403 2095 423 2156 δ
438 2092 514 2157 Atd.
538 2100 637 2158 πιτνεῖ
654 2095 678 2157 δ’
693 2095 712 2174 ἡ
726 2119 755 2158 r.
771 2094 862 2158 Lasc.
880 2095 974 2158 Rom.
992 2094 1030 2157 C.
1048 2091 1134 2156 Flor.
1153 2110 1183 2156 2.
1208 2095 1305 2156 πίτνει

206 2193 231 2260 δ’
256 2193 365 2260 ὦπάλ.
392 2197 485 2260 Rom.
507 2198 549 2259 A.
572 2209 645 2260 ante
667 2219 744 2260 corr.
771 2202 871 2260 arraei
891 2218 910 2259 a
935 2217 1014 2259 corr.
1037 2216 1108 2259 cum
1135 2195 1174 2258 B.
1195 2195 1302 2257 Havn.

205 2304 305 2364 πιτυεῖ
324 2296 349 2362 δ’
365 2298 464 2363 arta.
482 2297 568 2362 Flor.
586 2317 614 2363 2.
634 2318 683 2382 15.
702 2297 779 2362 Vict.
818 2299 905 2361 Tum
928 2296 1008 2361 miro
1022 2319 1125 2361 errore
1148 2298 1256 2360 Havn.
1274 2299 1305 2363 ἐς

206 2408 360 2483 σαλαμῖνα
374 2425 431 2489 pro
446 2403 478 2468 ἐς
492 2402 600 2480 ἅλμαν.
624 2401 818 2464 ΜΑΤΤΗ.

253 2505 345 2571 1288.
369 2505 457 2584 danie
479 2505 678 2584 ὑπερτείνασα
691 2503 814 2569 ποντίας
828 2504 918 2587 πόδα]
946 2503 1059 2588 Inepte
1081 2500 1303 2577 Buchananus,

203 2628 377 2694 progressa
404 2608 494 2671 littus
518 2607 615 2670 ultra.
661 2604 774 2669 Dicere
801 2604 870 2669 vult
896 2604 1077 2690 Euripides,
1102 2604 1233 2668 Inonem
1263 2604 1304 2667 ab

206 2708 386 2772 imminente
407 2730 486 2794 rupe
508 2707 539 2772 in
563 2730 648 2771 mare
662 2730 694 2770 se
709 2706 865 2793 dejecisse.
910 2704 1123 2793 Praecipitavit
1138 2730 1170 2770 se
1183 2730 1202 2770 a
1217 2722 1307 2793 petra

209 2809 380 2887 Moluride,
397 2825 542 2874 monente
557 2809 686 2895 Heynio
701 2809 740 2874 ad
756 2808 987 2897 Apollodorum
1004 2833 1035 2897 p.
1051 2811 1122 2876 228.
1146 2811 1262 2874 ELM.

253 2913 346 2995 1289.
362 2916 445 2976 δυοῖν
460 2911 509 2997 τε]
528 2911 630 2976 Codd.
644 2912 740 2999 aliqui
755 2917 836 2978 δυεῖν
850 2927 882 2977 et
897 2913 938 2977 δέ.

253 3033 344 3098 1290.
361 3015 456 3078 Unus
471 3037 578 3079 versus
592 3017 844 3081 τί-πολύπουον.

250 3117 309 3199 δῆτ’
327 3120 530 3183 Hermannus
543 3118 584 3183 de
598 3132 689 3183 metr.
703 3142 734 3206 p.
747 3121 819 3200 248.
858 3119 1040 3205 Legebatur
1055 3117 1163 3197 δήποτ’.

254 3241 347 3308 1291.
364 3229 510 3305 γυναικῶν
524 3236 595 3310 post
609 3223 782 3286 πολύπονον
797 3223 841 3286 A.

253 3343 345 3408 1292.
360 3328 420 3391 ὅσα
436 3325 603 3391 Seidlerus.
644 3327 827 3412 Legebatur
842 3327 901 3390 ὅσα
916 3325 959 3404 δή.

253 3442 346 3511 1295.
369 3428 488 3514 τοισίδ’]
514 3428 603 3493 Libri
627 3429 769 3516 plerique
787 3429 888 3493 τοῖσδέ
909 3428 1032 3510 y'„d110
1047 3442 1169 3492 tantum
1184 3428 1306 3492 ‹mdices

208 3531 316 3612 (Rom.
342 3531 379 3593 C.
402 3545 435 3593 et
457 3529 541 3595 Flor.
561 3533 602 3613 2.)
626 3537 817 3595 miciacum
839 3531 930 3595 Lase.
954 3546 986 3595 et
1000 3530 1077 3595 Ald.
1115 3531 1306 3596 Emendarit

208 3632 373 3710 Canterus,
389 3631 446 3695 nisi
461 3632 547 3720 quod
562 3630 642 3696 falso
656 3646 785 3697 accentu
801 3631 904 3698 τοῖσιδ’
914 3632 1045 3720 scripsit,
1062 3655 1155 3720 quem
1171 3635 1306 3698 correxit

206 3732 385 3798 Elmsleius.

253 3838 346 3921 1296.
369 3840 415 3899 δεῖ
436 3836 493 3918 γάρ
516 3863 563 3902 νιυ
583 3838 648 3919 ἤτοι
664 3842 719 3922 γῆς
742 3847 803 3921 σφε
824 3842 987 3920 κρυφθῆναι
1009 3838 1100 3923 κάτω]
1129 3840 1304 3902 Pronomen

206 3938 336 4026 duplex,
351 3962 486 4026 quorum
510 3940 597 4027 prius
618 3941 658 4005 ad
681 3947 736 4019 δεῖ,
756 3939 889 4005 alterum
912 3939 953 4003 ad
976 3946 1138 4021 κρυφθῆναι
1160 3941 1306 4006 refertur.

208 4043 372 4106 Pausaniae
389 4043 532 4130 exempla
546 4044 736 4131 comparavit
753 4046 967 4120 Hermannus‚
986 4060 1015 4120 2,
1028 4063 1061 4127 3,
1072 4045 1103 4107 6.
1118 4046 1159 4107 ὧν
1174 4047 1307 4125 ὀνόματα

206 4143 263 4226 μίν
278 4151 366 4225 σφισι
382 4148 537 4227 Μέρμερος
559 4147 607 4210 καὶ
629 4146 734 4228 Φέρης.
759 4148 790 4224 8,
809 4166 860 4223 11,
878 4166 905 4212 2.
929 4147 1037 4212 ταύτας
1058 4147 1154 4227 φασὶν
1169 4149 1197 4209 οἱ
1220 4153 1306 4211 Μον-

206 4250 296 4312 πινεῖς
310 4249 483 4324 μετοικῆσαι
497 4254 577 4329 σφῖις
592 4253 628 4315 τὰ
644 4251 693 4314 ἐπὶ
707 4254 747 4337 τῷ
770 4251 886 4336 θανάτῳ
908 4254 960 4313 τοῦ
981 4249 1091 4331 πατρὸς
1112 4252 1211 4328 ὀνείδη
1232 4259 1304 4333 φευ-

206 4349 330 4432 γούσας.
353 4360 384 4411 et
401 4348 453 4426 28,
471 4367 500 4413 2.
516 4352 634 4420 τούτους
650 4354 709 4434 ἐγῶ
724 4361 801 4434 φημι
816 4352 959 4437 παρέχειν
974 4357 1055 4434 σφᾶς
1076 4354 1152 4433 ὕδωρ
1174 4355 1305 4435 ψυχρόν.

207 4451 332 4528 Quibus
352 4449 532 4515 addendum
556 4452 720 4542 Euripidis
740 4454 919 4541 exemplum
944 4453 1055 4542 Suppl.
1075 4471 1144 4538 174.
1162 4457 1202 4519 ὧν
1217 4457 1307 4530 αὐτὸς
