2864 4914
334 304 401 368 ΑΙ)
425 301 730 370 IPHIGENIAM
755 301 1085 370 AULIDENSEM.
1197 303 1262 372 498
1354 313 1359 320 '

210 474 303 558 1469.
326 473 435 560 Toup.
457 472 591 560 append.
614 489 679 538 not.
701 472 733 536 in
757 471 892 540 Tbeocr.
912 489 962 559 15,
978 475 1029 559 98.
1054 475 1100 561 (p.
1115 476 1190 555 464.
1211 473 1262 537 ed.

165 575 302 661 Heind.)
318 599 374 663 per
389 576 463 644 Διὸς
477 575 568 659 κόρην
578 575 722 658 Ἀρτεριν
735 575 971 663 intelligendum
990 592 1094 642 censet
1107 577 1261 664 hymnum

165 698 190 740 α.
205 699 315 763 paeana
329 678 360 741 in
377 679 525 756 Dianam,
540 678 595 764 qui
610 678 650 742 ab
665 677 732 743 istis
746 677 848 742 verbis
865 678 1035 745 inchoaret.
1079 678 1164 743 Mihi
1179 681 1264 744 ἐπεν-

164 779 322 860 φημήσατε
334 787 446 847 παιᾶνα
457 782 577 846 dictum
592 803 658 844 esse
672 779 798 845 videtur
811 802 869 866 pro
883 783 1060 861 convisere,
1076 780 1148 845 hinc
1158 781 1264 863 Ἀρτε-

162 907 215 962 μιν
228 882 382 948 additum.
407 885 601 947 MATTH.

210 1004 303 1069 1471.
326 986 565 1053 Distiuctionem
587 998 659 1077 post
681 990 739 1067 πῦρ
762 983 888 1051 sustulit
912 983 1032 1050 Markl.
1054 985 1183 1051 αἰθέσθω
1205 991 1264 1068 πῦρ

163 1091 324 1173 προχύταις
343 1092 514 1171 καθαρσίοις
530 1103 577 1154 est
599 1111 657 1177 pro
675 1088 821 1172 προχύται
841 1085 994 1170 καθάρσιοι
1017 1086 1207 1153 αἰθέσθινσαν
1229 1090 1264 1152 έν

164 1191 205 1274 τῷ
219 1193 296 1272 πυρί.
320 1193 511 1256 ΜΑΤΤΗ.

210 1308 301 1376 1477.
321 1296 415 1376 1478.
439 1293 644 1358 Scribendum
662 1314 727 1357 uno
739 1312 833 1357 versu
848 1289 1216 1373 στέφεα-καταστέφειν,
1232 1302 1265 1354 et

165 1410 237 1480 post
252 1397 452 1478 καταστέφειν
466 1419 587 1461 comma
600 1395 790 1482 ponendum.

212 1515 304 1581 1477.
327 1498 444 1580 στέφεα
464 1500 624 1581 περίβολα,
653 1498 725 1580 irc]
754 1498 894 1562 Coronas
917 1493 1031 1574 innuit,
1054 1493 1117 1558 sive
1136 1492 1263 1571 infulae,

165 1596 282 1683 quibus
296 1597 491 1663 victimarum
506 1597 608 1685 capita
621 1596 829 1662 coronabant:
851 1594 892 1659 de
906 1617 972 1681 qua
992 1617 1026 1659 rc
1048 1592 1216 1659 Lucretius
1234 1613 1263 1672 1,

166 1699 217 1764 88.
235 1701 297 1765 Cui
315 1699 517 1787 (Iphigeniae)
533 1702 631 1766 ιιίααθ
651 1699 762 1777 infula,
782 1699 947 1784 virgineos
967 1697 1163 1762 circumdala
1183 1717 1259 1760 οοοι-

164 1810 229 1878 θιιο,
245 1803 303 1866 Ec
323 1811 457 1889 utruque
473 1803 553 1888 puri
566 1802 734 1866 Malorum
753 1807 846 1887 parta
862 1799 1002 1887 ρττρῦιαα
1024 1808 1080 1874 ccl,
1097 1801 1151 1863 &c
1192 1798 1262 1863 Vid.

165 1904 248 1968 infra
262 1926 292 1970 v.
307 1919 398 1989 1511.
423 1905 563 1970 BARN.

213 2025 303 2089 1479.
325 2004 452 2091 παγαῖς]
477 2004 682 2070 scribendum
704 2002 804 2085 παγάς
822 2025 895 2068 cum
911 2002 1041 2069 Reislio
1054 2018 1086 2068 et
1100 2003 1264 2092 interpun-

166 2105 305 2193 gendum
320 2106 352 2170 in
367 2106 429 2170 line
445 2128 559 2171 versus.
598 2104 692 2170 Conf.
707 2129 737 2171 v.
753 2120 845 2190 1513.

214 2208 306 2287 1480.
330 2210 466 2274 ἑλέσσειν
483 2207 626 2289 Ἄρτεμιν
648 2222 695 2273 est
713 2205 833 2271 choreis
852 2205 983 2272 circuire
1004 2205 1118 2271 Dianae
1141 2207 1265 2274 simula-

167 2332 267 2377 crum.
312 2309 438 2376 Dicitur
458 2322 576 2386 autem‚
600 2321 637 2373 ut
660 2309 770 2386 ἑλίξειν
792 2313 909 2376 Λατοῦς
936 2307 1040 2390 γόνον,
1060 2311 1156 2375 Herc.
1184 2312 1264 2375 Fur.

168 2436 200 2477 ν.
216 2416 290 2498 691.
307 2435 331 2478 s.
353 2425 385 2479 et
407 2413 503 2491 ἑλίξαι
523 2410 638 2492 βωμὸν,
655 2409 966 2496 Callim.Hy1nn.in
993 2409 1121 2489 Delum,
1144 2435 1174 2474 v.
1188 2431 1264 2498 321.

168 2515 337 2583 Petronius
346 2514 478 2582 Arbiter
487 2523 589 2580 ε-ιατ
598 2522 744 2579 orontem
756 2514 842 2578 circo
852 2513 1014 2579 delubrum
1020 2517 1266 2602 grummfirer

168 2619 257 2687 effla
270 2619 383 2687 Pube&
406 2618 552 2689 MUSG·
664 2654 709 2706 τά,

214 2722 305 2807 1485.
328 2723 373 2806 τε]
392 2718 444 2789 τάς
456 2746 490 2785 τε
505 2718 592 2787 Flor.
612 2737 636 2784 ι.
668 2746 703 2785 τε
716 2716 802 2783 Flor.
819 2735 848 2782 α.
880 2742 914 2781 τε
927 2715 1096 2783 delendum
1111 2740 1176 2786 esse
1190 2742 1264 2807 pro·

166 2823 311 2893 habiliter
324 2820 454 2909 conjecit
469 2820 613 2889 Botbius.

214 2926 436 3010 1487-1490.
451 2922 623 3007 ῦ-σρέπει
634 2922 730 2990 choro
745 2922 890 2990 tribuunt
903 2919 986 2987 libri.
1018 2922 1163 2990 Correxit
1178 2924 1265 2991 Seid-

164 3029 257 3094 lerue.

212 3126 383 3214 1487.‹b-
400 3126 406 3215 Ι
425 3129 506 3199 ὧς·-
524 3127 532 3215 l
549 3125 857 3207 δαίσομεν-ἁμέτερα
866 3124 943 3190 Ald.
966 3126 1265 3195 verbabnlwn—

165 3229 204 3314 γέ
217 3255 267 3293 σοι
282 3249 346 3293 uno
360 3248 450 3290 versu
465 3249 531 3290 esse
545 3224 838 3313 comprehendenda
851 3224 930 3290 vidit
944 3226 1159 3295 Hermaunua.

208 3329 314 3416 μῆτερ]
332 3329 536 3394 Scribendum
551 3334 643 3411 μᾶτερ
656 3350 728 3392 cum
745 3329 939 3392 Hermanno.

211 3455 305 3520 1491.
320 3431 344 3498 ὦ
360 3430 505 3518 νεάνιδες]
524 3434 559 3497 lb
573 3433 608 3499 lb
623 3429 756 3498 νεάνιδες
770 3431 986 3495 Hermannus.

212 3553 304 3621 1495.
321 3533 406 3622 δάῑσ]
422 3532 628 3601 Scribcudum
644 3535 702 3616 δᾷα
716 3553 789 3597 cum
804 3532 999 3596 Hermanno.

212 3654 304 3723 1497.
320 3635 547 3719 απενοπάραισιιι
560 3635 691 3705 codices·
721 3632 912 3717 στενοπόροις
926 3633 1007 3698 Ald.

211 3744 303 3824 1498.
318 3745 410 3822 μῦτερ
426 3738 591 3805 Seidlerus.
631 3737 722 3803 Libri
736 3741 837 3819 μῆτερ.

211 3864 305 3928 1499.
320 3849 490 3923 Μνιαιναῖαι
503 3841 635 3907 codices.
661 3845 800 3921 Μυκῆναι
814 3840 894 3908 Ald.

210 3944 353 4027 θεράπναι
368 3943 515 4031 Scaliger.
537 3942 712 4025 θεράπαιναι
725 3942 808 4008 libri.

211 4063 305 4131 1502.
320 4042 448 4110 Ἑλλάδι
461 4069 499 4124 με
510 4043 687 4111 Elmsleius.
710 4039 837 4106 Ἑλλάδι
848 4041 928 4124 μέγα
937 4042 1047 4130 vulgo.
1071 4045 1122 4124 έμέ
1137 4041 1266 4109 Ἑλλάδι

166 4145 256 4213 Flor.
274 4167 301 4212 1.
342 4147 382 4212 Iu
398 4148 471 4213 Par.
488 4147 527 4211 C.
541 4159 574 4211 ct
588 4147 675 4211 Flor.
692 4163 721 4210 2.
738 4145 790 4224 ἐμὲ
804 4143 995 4231 adscriptum
1012 4144 1107 4210 verbo
1122 4144 1265 4228 ἔθρεψας.

167 4249 262 4333 Quod
275 4249 308 4315 in
323 4247 465 4332 ἐθρέψαθ’
480 4246 682 4337 probabiliter
696 4258 799 4312 mutat
812 4245 989 4311 Elmsleius.

213 4351 397 4440 1595.Α1ἀ.
414 4373 477 4415 uno
491 4372 585 4417 versu
592 4348 778 4476 ιὺ-θρέρα.
807 4350 878 4428 Quo
889 4363 983 4438 pacto
995 4361 1128 4417 metrum
1139 4350 1199 4418 hoc
1210 4368 1258 4419 cat

340 4491 362 4517 ..
375 4486 502 4517 ----
519 4450 746 4538 ισ-..-υ-
