2864 4914
553 311 822 375 LIBRORUM.
1163 310 1241 375 xxxi

136 488 306 558 lectiones
332 487 476 557 aliunde
501 487 694 576 sumpserit
719 508 858 557 necesse
883 497 948 570 est,
966 510 1078 579 quum
1095 487 1173 558 haec
1189 489 1242 558 fa·

138 604 222 674 bula
239 604 285 674 ab
301 602 481 674 codicibus
498 602 570 673 illis
588 601 692 672 absit

189 717 233 788 G.
248 718 394 788 Canteri
413 717 677 788 emendationes
698 719 868 811 leguntur
884 718 923 788 in
941 721 995 789 ed.
1016 718 1190 812 Antverp.
1209 745 1240 791 a.

144 852 258 928 1571:
284 834 378 904 AEm.
405 833 508 903 Porti
534 833 571 902 in
598 832 754 903 editione
775 833 1068 926 Commeliniana
1084 861 1115 906 a.
1136 856 1240 933 1597.

188 959 210 989 ‘⁶
227 949 263 1020 A
291 950 465 1020 Barnesio
494 973 589 1041 saepe
620 959 918 1020 commemoratur
942 947 1036 1022 liber
1061 949 1242 1024 Heinsio-

139 1062 417 1160 Scaligeranue.
469 1066 506 1136 Is
531 1067 653 1148 codex,
676 1075 842 1134 monente
868 1065 1041 1138 Elmsleio
1068 1071 1112 1139 ad
1144 1070 1240 1142 Med.

139 1205 173 1273 p.
191 1183 248 1276 78.
261 1193 335 1253 not.
348 1205 388 1265 s.,
402 1182 493 1253 nihil
510 1181 608 1251 aliud
626 1190 691 1263 est,
708 1204 816 1273 quam
835 1181 1001 1253 editionis
1015 1183 1241 1258 Canterianae

140 1302 354 1391 exemplum,
371 1301 466 1391 quod
490 1322 534 1368 ex
553 1297 622 1367 Ed.
641 1297 818 1366 Bernardi
843 1298 1057 1369 bibliotheca
1082 1300 1120 1370 in
1147 1302 1242 1371 Bod-

139 1416 292 1486 leianam
310 1416 517 1487 Academiae
534 1414 750 1487 Oxoniensis
768 1414 875 1483 venit.
915 1414 958 1484 In
976 1417 1094 1506 prima
1109 1419 1242 1513 pagina

140 1533 312 1622 scripturn
343 1533 509 1603 exhibet:
550 1525 726 1600 Danielis
751 1526 911 1599 Heinsii
939 1554 985 1601 ex
1014 1528 1135 1627 iegato
1158 1531 1240 1605 Joa.

141 1645 335 1743 Scaligari.
388 1648 498 1719 Haud
519 1670 649 1740 paucas
668 1646 838 1740 Scaligeri
856 1650 1076 1742 conjecturas
1094 1649 1131 1719 in
1149 1673 1243 1719 mar-

141 1765 226 1859 gine
243 1766 393 1855 scriptas
411 1764 565 1844 exhibet,
579 1786 732 1855 quarum
749 1765 935 1855 plerasque
952 1776 1015 1836 aut
1033 1768 1242 1837 memoravit

141 1891 205 1950 aut
223 1880 329 1951 tacite
346 1881 529 1971 adoptavit
555 1881 779 1949 Barnesius'’
807 1880 1009 1951 ΜΑΤΤΗ.
1063 1883 1242 1953 Plurimos

141 1997 311 2092 Scaligeri
331 1998 564 2068 correctiones
581 1997 747 2086 Duporto
765 1996 874 2065 tribui
893 2021 913 2066 a
933 1997 1106 2068 Bamesio
1127 2008 1244 2069 osten·

142 2115 197 2184 dit
213 2114 408 2184 Elmsleius
426 2115 462 2183 in
482 2113 668 2183 Addendis
690 2114 733 2182 ad
753 2113 922 2182 Bacchas.
975 2114 1089 2207 Cujus
1112 2115 1243 2185 erroris

142 2254 224 2322 quae
242 2252 366 2299 caussa
382 2227 493 2298 fuerit
511 2251 582 2297 non
600 2237 749 2297 constat.

195 2356 216 2387 “
233 2347 291 2417 Jo.
318 2345 493 2416 Miltonus
524 2346 561 2415 in
596 2345 757 2439 margine
787 2344 940 2434 exempli
968 2346 1023 2413 ed,
1052 2343 1094 2414 P.
1120 2346 1242 2437 Steph.

144 2461 407 2533 emendationes
430 2484 511 2530 suas
529 2461 677 2541 notavit,
695 2462 788 2530 unde
806 2461 843 2529 in
862 2461 1060 2554 marginem
1077 2463 1132 2531 ed.
1151 2463 1245 2532 Bru·

144 2580 246 2649 bach.
271 2576 515 2667 transscripsit
538 2577 728 2647 Porsonns.
779 2576 812 2646 Ε
838 2577 1079 2666 Stephaniana
1097 2578 1243 2648 Miltoni

144 2693 406 2764 emendationes
432 2692 620 2783 aliquoties
646 2692 933 2763 commemoravit
958 2692 1104 2765 Barnea.
1129 2697 1245 2784 plera-

144 2833 215 2900 que
227 2819 347 2878 autem
364 2816 428 2877 aut
444 2807 590 2877 omnino
602 2809 763 2889 silentur,
776 2817 850 2889 aut,
864 2809 976 2876 celato
992 2809 1070 2901 ejus
1087 2809 1243 2896 nomine,

143 2947 211 3015 pro
228 2946 300 2993 var.
317 2925 396 2993 lect.
413 2923 621 2992 afferuntur.
673 2924 807 2992 Omnes
833 2922 937 2991 editae
962 2933 1046 2993 sunt
1067 2923 1105 2994 in
1123 2924 1243 2997 Musei

145 3039 225 3110 crit.
243 3037 412 3108 Cantabr.
430 3060 464 3107 n.
483 3060 517 3130 3.
534 3059 568 3127 p.
589 3037 691 3131 283.’'
710 3036 911 3107 MATTH.
