2864 4914
336 303 404 367 AD
428 301 732 366 IPHIGENIAM
756 299 1089 365 AULIDENSEM.
1199 300 1262 362 445

164 487 217 537 tet.
245 473 328 538 Nam
343 486 400 536 aut
415 472 627 559 imperfectam
643 471 724 537 hanc
739 470 922 558 tragoediam
938 468 1065 557 reliquit
1079 467 1263 556 Euripides,

162 589 230 652 aut,
256 574 281 638 si
303 573 447 640 absoluta
469 574 510 639 ab
532 598 569 639 eo
587 574 662 653 tuit,
682 573 818 639 breviori
840 571 1013 660 longiorive
1038 571 1263 660 postmortem

163 687 264 761 poetae
284 689 424 763 tempore
440 674 576 740 fortunae
590 673 727 761 quodam
750 673 889 739 ludibrio
908 673 982 739 satis
1004 671 1138 738 mirabili
1159 672 1203 737 ita
1216 681 1265 738 est

162 776 285 841 defecta
300 789 337 842 nt
349 791 506 864 postrema
519 777 595 842 t'olia
609 776 701 864 plane
716 776 934 864 perderentur,
945 799 984 841 ex
999 775 1144 863 pluribus
1157 788 1263 840 autem

163 879 275 944 mediae
289 879 406 943 fabulae
420 878 563 966 partibus
577 904 615 945 ea
630 879 732 945 solum
746 878 926 944 exciderent
941 878 1058 965 quibua
1076 877 1117 941 ad
1131 877 1263 964 conjun-

163 980 281 1068 gendas
295 980 446 1067 quasdam
470 981 633 1068 tragoedioe
655 1004 762 1046 scenas
780 1004 861 1069 opus
880 995 971 1058 esset,
985 978 1099 1066 integri
1119 1002 1194 1044 vero
1214 1002 1263 1043 re-

164 1097 325 1147 manerent
339 1081 533 1168 singularum
547 1106 747 1170 quarumque
760 1105 963 1170 personarum
980 1091 1146 1147 sermones.
1184 1084 1265 1161 Quae

163 1184 254 1249 facile
275 1183 460 1270 intelligitur
474 1208 570 1271 quam
593 1185 655 1250 sint
675 1208 787 1272 parum
807 1185 993 1262 verisimilia,
1009 1207 1109 1271 quum
1132 1207 1264 1271 praeser-

165 1286 219 1351 tim
243 1285 496 1373 interpolationes
509 1286 673 1373 quasdam,
687 1285 775 1351 velut
791 1309 821 1353 v.
835 1289 999 1369 49-116.
1015 1298 1136 1373 atquae
1157 1285 1266 1372 primis

164 1387 275 1475 parodi
297 1387 433 1474 strophis
448 1403 521 1453 sunt
537 1388 670 1476 adjecta,
686 1411 723 1452 ea
744 1411 809 1452 esse
832 1402 925 1452 aetate
946 1387 1044 1452 factas
1065 1385 1266 1451 manifestum

164 1492 204 1556 sit
228 1514 293 1578 qua
322 1490 501 1556 incredibile
525 1506 573 1556 est
597 1505 715 1557 tantam
745 1491 842 1556 fuisse
867 1490 1009 1556 codicum
1037 1488 1199 1577 penuriam
1228 1501 1265 1552 ut

165 1591 315 1657 damnum
330 1592 461 1657 fortuita
477 1592 569 1657 unius
585 1590 771 1679 exemplaris
786 1594 911 1679 jactura
925 1605 1051 1679 partum
1066 1588 1194 1654 aliunde
1215 1611 1264 1653 re·

166 1689 269 1754 sarciri
294 1713 355 1755 non
383 1691 532 1778 potuerit,
558 1704 725 1778 partesque
748 1690 781 1754 in
809 1713 873 1755 uno
896 1689 950 1755 illo
975 1689 1056 1754 libro
1079 1688 1200 1753 omissae
1221 1687 1267 1754 ita

166 1792 313 1879 perierint
327 1808 361 1857 ut
376 1814 416 1856 ne
431 1792 597 1880 vestigium
612 1791 740 1879 quidem
757 1790 855 1857 ullum
869 1814 1002 1878 usquam
1018 1791 1264 1877 relinqueretur:

166 1894 225 1958 nisi
239 1895 311 1981 quis
327 1894 445 1960 AEliani
462 1895 603 1960 versibus
625 1894 685 1960 illis
707 1896 752 1960 uti
773 1895 859 1974 velit,
874 1895 915 1959 de
934 1895 1051 1982 quihus
1072 1917 1168 1982 supra
1186 1893 1268 1958 dixi-

168 2019 250 2074 mus,
274 2011 330 2062 aut
357 1997 552 2062 hariolationi
576 1997 701 2063 cuidam
723 1998 997 2085 grammaticorum
1023 1997 1118 2062 iidem
1141 1996 1267 2075 habere,

168 2122 261 2186 quam
284 2099 447 2165 scholiasta
460 2099 627 2187 Aristoph.
644 2101 763 2162 Ranar.
783 2097 892 2182 1447.k
907 2098 1045 2185 exponit.
1072 2100 1153 2177 Quat
1166 2121 1267 2185 quum

168 2200 212 2264 ita
226 2201 298 2279 sint,
315 2200 404 2265 nobis
424 2199 522 2264 altera
536 2198 740 2287 expediendae
755 2199 946 2264 difficultatis
968 2200 1047 2264 ratio
1066 2199 1170 2287 potior
1184 2199 1269 2265 vide-

170 2316 234 2379 tur,
249 2314 286 2364 ut
300 2299 512 2384 imperfectam
528 2298 608 2363 hanc
624 2298 808 2385 tragoediam
828 2299 869 2364 ab
884 2300 1039 2388 Euripide
1061 2300 1211 2379 relictam,
1225 2301 1267 2367 ab

170 2400 392 2466 recentioribus
406 2413 511 2465 autem
525 2400 716 2487 quibusdam
737 2401 838 2489 poetis
858 2401 926 2466 aliis
946 2402 1036 2467 aliter
1049 2403 1268 2491 interpolatam

169 2526 235 2567 esse
248 2525 447 2566 censeamus:
468 2501 733 2588 quemadmodum
751 2501 904 2581 Schilleri,
919 2520 1022 2591 poetae
1035 2506 1192 2584 nostratis,
1208 2519 1269 2571 tra·

169 2604 274 2691 goedia
303 2604 455 2670 Demetrii
484 2603 609 2669 nomine
638 2603 796 2693 inscripta,
826 2627 925 2692 quum
957 2606 1133 2694 interrupta
1168 2623 1270 2695 poetae

171 2721 269 2771 morte
289 2721 380 2785 esset,
397 2706 598 2794 postmodum
621 2706 663 2771 ab
676 2706 744 2771 aliis
764 2721 811 2772 est
830 2707 1010 2773 continuata
1024 2722 1057 2775 et
1075 2710 1270 2798 interpolata.

171 2811 266 2874 Hanc
280 2809 455 2896 opinionem
479 2809 616 2897 genuina
635 2809 751 2875 fabulae
766 2810 941 2898 fragmenta
954 2812 998 2875 ita
1014 2834 1053 2876 ex
1074 2812 1159 2877 omni
1181 2826 1272 2900 parte

171 2912 400 2991 commendant,
415 2925 507 2975 utne
522 2911 681 2976 minimam
697 2912 824 2999 quidem
840 2913 1066 2979 dubitationem
1082 2929 1162 2980 esset
1180 2915 1271 2980 habi·

172 3027 254 3091 tura,
277 3013 335 3077 nisi
357 3013 521 3077 scholiasta
542 3015 765 3102 Aristophanis
785 3015 1019 3102 quodammodo
1040 3017 1165 3083 obstare
1186 3017 1271 3082 vide

172 3136 269 3196 retur,
286 3116 340 3203 qui
355 3116 396 3180 ad
413 3118 496 3181 Rau.
511 3141 541 3180 v.
559 3118 611 3199 67.
626 3131 725 3182 actam
741 3118 774 3183 in
789 3141 880 3183 scena
894 3118 1033 3183 fabulam
1053 3132 1271 3207 postmortem

171 3218 306 3283 auctoris
329 3217 440 3283 tradit:
464 3220 623 3284 Ταιονπασὶ
642 3221 743 3284 τοίνυν
763 3245 802 3300 με
821 3220 979 3302 δαρδάπτει
997 3222 1090 3288 πόθοι
1112 3221 1271 3302 Εὐριπίδου

173 3323 221 3386 καὶ
235 3327 328 3386 ταῦτα
342 3324 395 3384 τοῦ
407 3323 592 3401 τεθνηκότας.
615 3323 690 3386 οὕτω
705 3324 738 3386 δὲ
754 3322 801 3385 καὶ
816 3325 847 3386 nl
861 3323 1049 3386 διδασκαλίαι
1069 3321 1206 3404 φέρουσι,
1222 3347 1270 3388 πε·

173 3423 374 3502 λεντήσαντος
396 3422 554 3504 Εὐριπίδον
575 3424 628 3487 τὸν
648 3424 715 3488 νίδν
738 3424 828 3488 αὐτοῦ
851 3424 1037 3508 δεδιδαχέναι
1058 3425 1217 3505 diabulaus
1238 3427 1273 3490 ἐν

173 3526 259 3588 duret
279 3522 462 3605 Ἰφιγένειαν
487 3522 541 3602 τὴν
571 3526 606 3587 ἐν
628 3526 744 3605 Αὐλίδι,
764 3523 966 3604 Ἀλκμαίωνα,
990 3523 1118 3608 Βάκχαι.
1141 3524 1181 3589 de
1203 3526 1272 3612 qui·

173 3626 233 3690 bus
255 3624 412 3689 verissime
431 3624 589 3712 judicasse
613 3626 738 3692 videtur
761 3627 799 3691 L.
815 3626 1002 3691 Dindorfius
1021 3625 1054 3689 in
1072 3625 1273 3692 annotatione

173 3727 213 3790 ad
229 3750 257 3790 v.
274 3743 349 3809 425.
366 3726 535 3791 “Duabus
557 3727 624 3792 haec
646 3728 817 3794 rationibus
834 3727 976 3816 expediri
998 3743 1156 3816 poterunt.
1200 3730 1273 3794 Aut

206 3895 220 3933 k
233 3890 335 3949 βέβληκ’
347 3891 476 3954 Ἀχιλλεὺς
487 3891 527 3941 δύο
539 3891 604 3949 κύβον
615 3893 654 3941 καὶ
665 3891 783 3958 πίππαραι
799 3893 958 3958 Ἀρίσταρχόν
970 3904 1045 3958 φησιν
1056 3893 1192 3946 δδεσπδτινε
1201 3897 1274 3946 ταῦτα

173 3970 337 4037 προφέρεσθαι,
350 3974 379 4022 δι
391 3974 513 4037 Εὐριπίδου
524 3972 681 4033 πεποιηκότας
697 3973 841 4031 κυβεύοντας
858 3976 885 4024 δν
894 3977 929 4037 ri
939 3973 1050 4040 ὴλίφφ,
1062 3975 1102 4027 eis
1113 3976 1152 4026 καδ
1162 3979 1274 4042 περιεῖλε.

172 4052 258 4112 μήποτ’
270 4051 312 4102 adr
328 4055 416 4102 ἐκεῖθεν
437 4051 474 4111 ἦν.
491 4055 585 4114 μᾶλλον
604 4053 630 4104 dl
645 4055 791 4118 ίαχεδιακὸπ
805 4055 835 4104 δν
852 4058 889 4114 εἵη
901 4054 1081 4120 ’Λρισποφίνπσ
1098 4056 1152 4107 otti
1168 4057 1216 4122 γδρ
1231 4059 1275 4108 πδν

173 4133 298 4198 Εδριπίδην
308 4135 379 4182 τοῦτο
390 4132 573 4198 προφερόμενον,
585 4135 650 4184 ἄλλα
660 4136 704 4186 πδν
715 4133 831 4185 Διόνυσον
845 4135 1003 4199 χλευάζοντα.
1019 4137 1083 4189 raris
1098 4137 1133 4202 il,
1145 4139 1182 4189 δτι
1199 4141 1225 4189 ἐν
1240 4142 1276 4203 πᾷ

174 4213 309 4278 *domim
321 4212 350 4272 ἦν
362 4217 375 4262 δ
386 4213 465 4275 τόπος,
477 4215 500 4264 ai
511 4214 537 4263 δδ
549 4217 575 4264 ἐν
585 4217 616 4279 τῇ
635 4215 763 4280 Ἰφιγενείᾳ
777 4218 810 4280 qi
825 4219 852 4266 ir
861 4217 952 4268 atain
969 4219 1077 4282 ἐμφαίνει
1087 4218 1114 4269 il
1124 4221 1163 4269 καὶ
1174 4221 1276 4272 Εὔπολιν

174 4298 246 4345 τοῦτο
258 4295 330 4344 elide·
347 4298 363 4324 ‘⁸
371 4294 513 4358 δποφθαρεδι
524 4293 550 4344 di
562 4294 602 4344 tto
614 4294 679 4352 κύβον
690 4298 728 4345 καὶ
739 4295 866 4361 rhem?
897 4300 1065 4364 comparanda
1075 4317 1131 4351 cum
1142 4301 1181 4351 his
1191 4302 1276 4352 similis

174 4377 293 4426 dubitatio
304 4378 334 4426 de
344 4391 416 4425 versu
427 4378 531 4438 quodam
543 4377 650 4442 Exahyli
667 4394 700 4427 an
711 4378 850 4429 Archilochi
861 4380 888 4429 in
898 4381 982 4432 iisdem
998 4381 1094 4433 scholiis
1106 4385 1136 4432 ad
1147 4399 1171 4431 π.
1185 4393 1240 4446 704.
1251 4395 1276 4434 et

176 4455 323 4507 Timachidn
334 4457 531 4521 Asclepiadisque
541 4459 571 4508 de
582 4473 606 4506 v.
619 4473 687 4520 ¹301.
