2864 4914
161 275 226 338 288
523 275 901 340 ANNOTA'I'IONES

160 445 328 525 omittitur,
340 467 441 533 quum
455 460 637 533 excerptum
653 444 732 511 illud
747 470 767 511 a
780 446 851 512 cod.
865 447 965 512 Paris.
980 447 1073 512 absit.
1097 447 1264 527 καρπίζεται

161 551 234 614 Ρατ.
250 550 380 614 Α.Β.1).
398 551 483 613 Flor.
502 551 545 614 A.
565 569 614 614 ro.
631 550 678 613 Η.
693 550 778 637 quod
796 550 1036 616 restituendum.
1081 551 1187 627 Quum
1208 548 1264 613 ali·

160 652 283 740 quoties
305 651 391 740 apud
415 652 548 739 tragicos
566 651 689 740 legatur
704 658 899 735 καρποῦσθαι,
915 676 977 717 non
997 651 1161 718 ferendum
1178 651 1264 715 vide-

160 755 254 820 batur
269 754 473 820 Valckenario
496 757 671 837 καρπίζεται.
717 754 810 833 Quod
834 772 945 843 sponte
964 754 1149 842 intelligitur
1166 777 1262 842 quam

162 859 201 924 sit
215 858 375 923 infirmum
389 873 622 946 argumentum.

204 963 278 1049 438.
294 962 478 1045 ἀπέσκηψαν
493 964 568 1027 Par.
585 963 630 1027 A.
647 960 732 1026 Flor.
752 981 801 1025 10.
820 976 869 1047 15.
893 963 999 1049 Vulgo
1014 961 1202 1045 ἐπέσκηψαν.

203 1086 279 1146 441.
295 1066 330 1131 οὔ
344 1064 434 1153 τᾶρα]
451 1062 510 1129 οὔτ’
526 1065 584 1147 ἄρα
597 1063 690 1128 codd.
705 1076 738 1128 et
753 1065 843 1128 Laoc.
866 1065 919 1129 οὐκ
934 1066 993 1147 ἆρα
1008 1063 1087 1128 ΑΙό.

203 1169 285 1256 λόει]
311 1167 495 1254 Legebatur
515 1168 546 1249 γ’
560 1167 595 1231 οὔ
612 1172 668 1232 δεῖ.
707 1167 852 1231 Correxit
870 1166 1091 1231 Valckenarius
1111 1188 1150 1229 ex
1173 1164 1261 1230 scho-

161 1271 263 1350 liasta,
279 1269 334 1358 qui
349 1269 381 1334 in
396 1268 651 1356 interpretatione
666 1291 723 1332 sua
744 1268 849 1357 posuit
863 1270 898 1333 οὐ
912 1276 1078 1348 λυσιτελεῖ,
1094 1269 1128 1333 οὐ
1143 1270 1210 1353 χρὴ,
1227 1269 1273 1334 orl⁴

161 1373 319 1457 συμφέρει.

204 1497 278 1563 443.
295 1474 427 1559 φορητὸν
440 1473 584 1538 Stobaeus
595 1475 649 1558 63,
658 1491 690 1558 5.
713 1473 895 1560 Legebatur
910 1478 1047 1557 φορητός.
1071 1474 1180 1562 inquo
1190 1496 1262 1540 con-

161 1580 256 1647 sentit
271 1577 365 1645 schol.
382 1575 502 1642 Troad.
518 1596 593 1661 990.

204 1702 281 1767 445.
297 1682 350 1770 δυ]
367 1681 404 1744 αδ
419 1678 507 1743 Flor.
524 1697 555 1744 a.
575 1694 623 1765 15.
640 1679 686 1744 H.
725 1680 764 1743 In
781 1679 819 1745 δυ
832 1680 986 1745 consentit
1002 1680 1147 1745 Stobaeus
1162 1683 1215 1766 63,
1230 1698 1260 1766 5.

117 1776 121 1781 ’
204 1803 281 1871 450.
299 1785 429 1866 ἔκγονοι]
448 1783 568 1865 ἔγγονοι
584 1781 670 1847 Flor.
690 1782 902 1869 10.15.A]d.

205 1889 281 1973 456.
311 1883 416 1950 Aliter
440 1883 568 1970 quidem
600 1885 762 1950 Homerus
787 1885 904 1975 Odyss.
927 1891 967 1967 Ο,
991 1907 1064 1972 249.
1087 1886 1175 1952 Ἀλλ’
1197 1888 1262 1966 ἤτοι

162 1997 291 2056 Κλεῖτον
305 1990 507 2073 χρυσόθρονος
519 1987 655 2070 ἥρπασεν
667 1987 759 2069 Ἠὼς,
776 1990 904 2059 κόλλεστ
919 1993 1018 2055 εἵνεκα
1032 1992 1088 2064 oto,
1103 1989 1139 2055 ἵν’
1152 1990 1262 2055 ἆθονό-

161 2120 240 2159 ταισι
254 2093 364 2173 μετείη.
388 2092 539 2156 ΜΟΝΚ.

204 2198 280 2278 461.
296 2221 333 2278 γε
347 2217 409 2258 om.
426 2196 472 2259 H.

205 2296 354 2382 στέρξεις]
373 2295 508 2379 στέργεις
522 2298 609 2362 Flor.
625 2317 676 2382 ¹5·
692 2298 785 2364 Lasc.
801 2298 879 2363 Ald.

204 2404 281 2483 462.
298 2401 330 2464 εὖ
345 2401 479 2488 φρενῶν]
497 2401 529 2464 εὖ
544 2408 669 2483 φρονεῖν
685 2400 772 2466 Flor.
790 2404 830 2465 A.
852 2421 898 2467 10.
923 2403 1081 2485 εὐφρανεῖν
1097 2405 1141 2466 Η.

204 2507 278 2589 463.
295 2504 408 2590 δακεῖν]
426 2501 452 2565 θ’
467 2500 556 2566 addit
571 2504 643 2566 Par.
659 2504 704 2566 A.

206 2610 277 2689 467.
294 2609 371 2688 χρῆν
386 2605 460 2667 Ρατ.
475 2605 519 2667 A.
534 2602 622 2668 Flor.
638 2608 682 2667 A.
702 2624 750 2671 10.
769 2608 815 2670 H.
839 2607 944 2694 Vulgo
958 2607 1024 2692 χρή.

204 2708 279 2788 468.
296 2709 372 2789 469.
387 2706 466 2770 Οὐδὲ
482 2705 594 2788 στέγην
615 2710 682 2789 γὰρ,
701 2708 736 2789 ἧς
758 2717 932 2793 κατηρεφεῖς
954 2713 1049 2790 δόμοι,
1065 2716 1161 2778 καλῶς
1183 2713 1262 2793 ἀκρι-

161 2811 310 2893 βόσειαν]
330 2811 453 2894 Legere
473 2831 504 2871 se
526 2807 650 2872 solitum
673 2809 779 2876 scribit
794 2811 1014 2889 Marklandus‚
1032 2816 1165 2880 Κανόνες
1179 2816 1260 2895 ἁκρι·

160 2916 306 2994 βώσειαν,
337 2913 476 2985 Norrnae‚
500 2933 553 2974 seu
583 2913 720 2999 Regula
742 2917 896 3002 eaqm'slte
907 2917 1054 3001 fircimtt,
1081 2916 1129 2979 vel
1146 2917 1262 3001 facere

161 3016 279 3079 solent:
301 3036 396 3099 seque
409 3011 534 3076 minime
545 3011 689 3076 dubitare
703 3037 774 3078 crem
789 3037 829 3079 ear
842 3037 937 3080 sensu
952 3026 1019 3080 tum
1034 3038 1074 3080 es·
1088 3016 1259 3093 scholiasta

160 3117 219 3181 aab
235 3138 305 3180 voce
328 3119 435 3181 Καλῶς
449 3115 624 3179 delitescere
638 3117 688 3180 vel
708 3120 850 3193 Κανόνες,
866 3120 915 3182 vel
929 3122 1036 3184 Κανῶν
1052 3119 1101 3182 vel
1115 3120 1259 3184 Κανόσιν.

162 3220 256 3284 Alter
270 3220 398 3307 quidem
421 3218 583 3283 scholiasta
598 3217 742 3306 vulgatas
764 3220 853 3285 nobis
870 3221 994 3285 easdem
1011 3244 1101 3286 voces
1122 3220 1260 3300 invenit3

161 3324 202 3388 ad
225 3325 281 3388 has
302 3322 382 3387 enirn
407 3321 563 3408 pertinent
579 3323 611 3385 in
627 3321 750 3386 scholiis
769 3323 844 3387 ista:
869 3325 937 3388 οὐδὲ
953 3324 1064 3406 στέγην
1077 3327 1147 3407 γδρ,
1161 3324 1211 3405 ὑφ’
1226 3325 1261 3403 ἧς

161 3430 191 3491 οἱ
205 3429 289 3506 δόμοι
311 3431 486 3506 κατηρεφεΐς
504 3426 647 3508 γίνονται,
670 3427 880 3507 ἁκριβιόσειαν,
901 3428 930 3489 οἱ
951 3425 1087 3494 τέκτονες
1108 3428 1258 3504 δηλονότι.

162 3528 269 3592 Aliam
290 3526 450 3590 lectionem
470 3525 537 3590 haec
560 3545 712 3613 spectasse
729 3528 888 3593 videntur.
914 3529 978 3593 εἶτα
999 3530 1072 3610 πρὸς
1087 3531 1143 3610 μὲν
1164 3532 1261 3608 ξύλων

161 3630 318 3696 συνθέσεις
340 3632 413 3693 κατὰ
429 3631 556 3697 κανόνας
570 3630 762 3698 εὐσυνθέπαυς
779 3633 832 3695 οὐκ
854 3633 974 3713 ἐφίκετο
996 3637 1047 3710 τῆς
1069 3634 1222 3714 ἀκριβείας
1241 3634 1260 3712 ἡ

161 3732 262 3816 τέχνη·
285 3734 324 3796 σὺ
338 3734 370 3796 δὲ
386 3734 440 3794 διο.
475 3734 570 3796 Certe
585 3732 661 3797 mihi
677 3756 804 3820 quoque
825 3733 926 3821 placet
943 3757 1007 3797 una
1022 3734 1062 3797 de
1078 3734 1260 3798 Marklandi

160 3835 357 3922 conjecturis,
374 3847 410 3898 ut
427 3857 486 3921 pro
508 3841 613 3902 Καλῶς
631 3835 754 3922 legatur
773 3838 890 3914 Καυδν,
914 3838 1055 3924 sequenti
1080 3853 1145 3901 tum
1165 3838 1275 3901 verbo·

161 3940 361 4021 όκριβόσειαν
375 3951 497 4001 mutato
511 3937 543 4001 in
564 3938 732 4020 ἆκριβόσει’
749 3940 787 4003 όν
801 3939 833 4002 id
848 3954 895 4003 est
910 3941 1089 4022 ἆκριβόσειε
1103 3942 1151 4004 ἄν.
1198 3941 1260 4004 Sed

161 4058 312 4131 praeterea
326 4040 470 4105 vitiosum
486 4042 522 4120 ἧς
544 4042 731 4106 mutandum
746 4042 879 4106 arbitror
893 4041 925 4104 in
941 4040 960 4121 η]
976 4049 1149 4125 κατηρεφεῖτ
1164 4047 1257 4123 δόμοι·

162 4146 205 4210 sio
218 4145 326 4232 itaque
340 4143 407 4208 lraec
422 4142 570 4230 legenda:

378 4246 457 4310 Οὐδὲ
471 4247 582 4329 στέγην
597 4250 653 4329 γὰρ
667 4246 686 4334 ᾗ
703 4254 877 4329 κατηρεφεΐς
891 4249 985 4328 δόμοι,

379 4351 477 4412 κανὼν
491 4348 658 4430 όκριβόσεό
675 4351 722 4413 ἄν.

163 4455 273 4541 Nepae
293 4455 376 4517 enim
400 4454 470 4517 teeti
491 4453 596 4541 ligno,
622 4453 737 4539 quibua
758 4454 868 4518 domate
889 4465 964 4519 sunt
982 4462 1109 4541 operte,
1132 4453 1260 4540 Regale
