2864 4914
175 279 240 343 220
540 278 918 343 ANNOTA'I'IONES

219 469 293 534 502.
317 450 442 514 Ennius
463 449 547 536 apud
566 451 746 516 Ciceronem
769 449 810 513 de
828 451 917 513 Orat.
932 469 963 534 3.
978 449 1032 534 58.
1051 451 1119 522 Quo
1132 470 1218 512 auae
1233 467 1280 511 me

177 556 325 617 vortam?
346 553 429 639 qaod
453 554 515 617 iter
540 555 692 640 incipiam
718 552 874 640 ingredi?
896 553 1034 616 Domum
1059 561 1279 639 paternamrre,

176 677 260 720 aare
275 657 318 720 ad
332 657 428 720 Pelia
430 658 552 742 filiae?
575 660 677 722 POR.

219 778 295 842 504.
319 757 346 840 γ’
363 758 401 822 ἂν
415 760 483 842 οὖν]
508 758 532 820 τ’
549 759 586 823 ἂν
604 761 658 823 οὖν
673 763 716 824 A.
732 776 805 823 ante
827 782 905 824 corr.
921 771 953 823 et
975 759 1014 821 B.
1047 762 1139 822 τανῦν
1160 755 1282 842 aliquot

177 859 269 925 codd.
292 874 322 923 et
347 860 437 925 Lasc.
474 867 571 928 καλῶς
594 860 620 944 γ’
637 861 675 925 ἂν
692 863 745 926 οῦν
764 861 845 925 infra
859 863 934 946 588.
954 875 985 925 et
1006 860 1090 947 apud
1113 859 1279 946 Aristoph.

178 962 289 1049 Equit.
305 982 380 1046 344.

220 1085 296 1149 505.
319 1064 493 1145 ὣνπατέρα
516 1065 710 1155 κατέκτανον]
728 1067 797 1129 Vox
815 1065 974 1152 trisyllaba
988 1066 1103 1146 πατέρα
1123 1064 1167 1129 ita
1181 1063 1282 1151 posita

177 1190 299 1231 versmn
316 1167 420 1230 minus
435 1189 634 1231 numerosum
652 1167 764 1232 reddit.
810 1167 1006 1254 Hujusmodi
1029 1167 1163 1231 senarios
1180 1166 1211 1229 in
1227 1189 1282 1230 an-

178 1269 366 1356 tiquioribus
379 1268 495 1333 fabulis
510 1269 662 1333 rarissime
675 1269 802 1336 exhibet
816 1269 997 1357 Euripides,
1013 1269 1043 1333 in
1058 1269 1282 1335 recentioribus

179 1372 265 1435 haud
285 1395 367 1436 raro.
414 1374 466 1436 Ita
489 1373 569 1437 Hec.
587 1389 659 1455 727.
683 1370 814 1446 ἔλθοῦό,
840 1371 888 1453 ἐφ’
904 1374 1010 1454 οἵσπερ
1031 1375 1204 1453 Ταλθύβιος
1226 1373 1279 1455 ἥγ·

178 1476 263 1559 γειλέ
276 1502 335 1556 μοι.
381 1475 465 1538 Ibid.
485 1494 575 1555 1240.
590 1475 735 1559 Ἀχθεινὰ
749 1476 806 1556 μέν
821 1502 872 1556 μοι
893 1476 1056 1558 τάλλότρια
1072 1479 1181 1558 κρίνειν
1197 1476 1280 1540 κακά.

178 1578 300 1643 Eadem
324 1577 396 1642 sede
410 1601 474 1663 qua
488 1580 660 1658 Ταλθύβιος
681 1594 712 1642 et
728 1580 874 1659 ἀλλότρια
895 1577 1044 1663 leguntur
1066 1578 1209 1660 ἡμέτερον
1224 1581 1280 1643 Or.

179 1685 232 1746 60.
256 1683 303 1745 καὶ
317 1682 439 1765 χάριτας
454 1679 529 1744 ibid.
546 1700 619 1760 244.
642 1681 683 1760 μὴ
697 1682 842 1762 πρότερον
855 1678 930 1745 ibid.
943 1681 1019 1762 487.
1043 1678 1065 1744 ὦ
1079 1680 1187 1761 μέλεος
1202 1680 1280 1745 ibid.

178 1785 251 1864 670.
277 1783 434 1847 ἑπτάπυλα
450 1783 561 1847 Phoen.
579 1799 629 1867 79.
669 1781 824 1870 Euripide
838 1783 997 1870 antiquior
1014 1782 1186 1868 AEschylus
1201 1783 1282 1847 hano

179 1885 287 1948 senarii
304 1885 434 1948 formam
452 1885 616 1972 aliquoties
627 1885 800 1973 usurpavit.
824 1887 929 1950 Theb.
943 1905 1038 1970 1030.
1052 1888 1099 1951 καὶ
1112 1885 1179 1966 μήθ’
1192 1889 1283 1967 ὁμαρ-

179 1995 243 2052 τεῖν
262 1989 418 2071 τυμβοχόα
439 1990 618 2072 χειρώματα.
651 1991 748 2054 Eum.
769 2008 839 2072 107.
861 1989 936 2073 χοός
957 1987 981 2052 τ’
999 1991 1124 2062 ἀοίνους,
1149 1987 1283 2070 νηφάλια

178 2093 368 2173 μειλίγματα.
404 2092 494 2155 Pera.
510 2111 585 2177 332.
603 2095 701 2176 Αἵσχη
724 2118 757 2156 τε
778 2091 922 2173 Πέρσαις,
939 2093 988 2155 καὶ
1006 2091 1096 2175 λιγέα
1116 2093 1281 2171 κωκύματα.

181 2192 265 2257 Ibid.
284 2210 355 2275 171.
370 2192 456 2258 τοῦδέ
470 2219 521 2275 μοι
535 2195 687 2277 γίγνεσθε,
703 2194 830 2277 Πέρσαι,
842 2193 975 2277 γηρόλεα
989 2195 1173 2273 πιστώματα.
1198 2195 1280 2257 Cum

177 2295 258 2383 pede
274 2295 434 2383 trisyllaba
448 2296 540 2361 etiam
563 2297 595 2361 in
617 2298 708 2362 tertia
722 2298 795 2362 sede
817 2311 922 2362 noster
944 2298 1019 2386 Iph.
1036 2299 1078 2361 Τ.
1094 2299 1168 2382 566.
1185 2301 1283 2377 Κακῆς

178 2399 317 2481 γυναικὸς
337 2399 426 2483 χάριν
441 2401 550 2483 ἄχαριν
565 2402 710 2465 όπόλετο.
732 2401 847 2466 ELM.
882 2402 934 2465 De
947 2399 1016 2465 loco
1031 2399 1176 2487 AEschyli
1193 2402 1281 2464 Pers.

177 2521 252 2588 332.
269 2501 334 2565 dixi
350 2502 381 2565 in
399 2502 566 2566 Thesauro
582 2502 732 2590 Stephani
748 2527 772 2568 s.
787 2502 942 2585 γηραλέος.

221 2623 296 2690 509.
327 2607 475 2686 parapter
502 2604 690 2686 Ἐλληνίδων
720 2604 798 2670 Ald.
831 2607 924 2669 Rom.
955 2607 992 2669 C.
1026 2602 1112 2668 Flor.
1141 2624 1168 2671 2.
1200 2604 1282 2669 Vict.

179 2706 363 2771 Alexander
385 2706 433 2770 rh.
459 2729 490 2792 p.
508 2708 584 2792 580.
605 2707 655 2770 ed.
679 2707 757 2772 Ald.
787 2709 935 2789 parapter
960 2705 1006 2770 ἀν’
1028 2704 1166 2771 ‘amara
1192 2709 1282 2773 Lasc.

180 2808 267 2874 Flor.
291 2812 336 2873 A.
360 2811 433 2874 Par.
456 2810 495 2874 B.
519 2811 562 2873 D.
587 2812 673 2875 Cott.
696 2812 790 2875 Rom.
814 2813 855 2876 D.
879 2814 919 2876 Ε.
944 2811 1031 2876 Flor.
1053 2832 1100 2876 10.
1135 2814 1284 2894 parapter

177 2911 303 2977 Ἑλλάδ’
328 2911 530 2976 Herodianus
552 2913 618 2993 περὶ
641 2912 801 2996 σχημάτων
823 2938 874 3001 ap.
890 2913 1051 2979 Villoison.
1075 2913 1198 2980 Anecd.
1223 2916 1283 2979 Gr.

179 3016 241 3079 vol.
259 3033 287 3078 2.
309 3038 340 3101 p.
358 3034 408 3098 90.
427 3014 473 3100 [p.
490 3035 544 3100 51,
562 3035 610 3099 13.
627 3016 677 3081 ed.
695 3015 862 3106 Dindorf.]
879 3017 992 3081 omisso
1007 3016 1052 3082 ἀν’
1069 3033 1198 3105 propter
1220 3016 1284 3104 syl·

179 3115 281 3182 labam
298 3116 534 3204 praecedentem.
574 3121 693 3183 Contra
709 3120 817 3183 Harn.
837 3119 957 3202 perept'
974 3122 1022 3185 ἀν’
1037 3119 1183 3184 Ἑλλάδα.
1207 3121 1282 3182 Par.

180 3223 223 3286 A.
240 3221 334 3283 Rom.
350 3220 435 3283 ΑΒ.
452 3218 538 3284 Flor.
559 3240 605 3304 15.
623 3223 730 3286 Harn.
747 3221 777 3285 in
801 3244 900 3309 marg.
917 3221 979 3286 καό
995 3221 1141 3287 Ἑλλάδα.
1176 3224 1282 3300 Quum

180 3345 238 3409 pro
252 3323 399 3404 parapter
415 3320 460 3386 ἀν’
475 3321 613 3387 Ἐλλάδα
635 3323 785 3410 scriptum
809 3339 888 3389 esset
909 3326 1056 3408 parapter
1074 3324 1220 3399 Ἑλλάδα,
1237 3323 1282 3388 ἀν’

179 3440 309 3513 propter
323 3425 549 3512 praecedentem
567 3450 688 3490 versum
705 3426 828 3507 omissa,
842 3427 921 3491 alius
935 3450 1057 3491 versum
1075 3427 1220 3513 supplere
1234 3451 1284 3491 co-

180 3543 272 3592 natus
287 3543 333 3592 est
348 3527 511 3593 scribendo
524 3528 723 3608 Ἑλληνίδων,
739 3529 818 3594 alius
833 3528 895 3594 καθ’
911 3528 1056 3593 Ἑλλάδα.
1081 3530 1270 3593 ΜΑΤΤΗ.

223 3648 299 3717 511.
314 3632 437 3719 πιστὸν]
455 3633 569 3712 σεμνὸν
585 3631 775 3696 Alexander.

222 3754 296 3820 512.
320 3736 371 3819 γε]
397 3761 429 3799 τε
444 3734 535 3799 codd.
560 3735 700 3822 plerique
715 3752 745 3799 et
762 3737 853 3799 Lasc.
881 3738 914 3799 δὲ
938 3737 1031 3798 Rom.
1050 3737 1086 3798 C.
1103 3733 1187 3797 Flor.
1207 3751 1236 3797 0.
1252 3750 1283 3797 et

180 3837 258 3903 Ald.
296 3839 395 3902 Recte
411 3863 447 3919 γε
462 3837 560 3902 codex
579 3838 752 3902 Herodiani
770 3838 967 3903 Harniensis.

223 3960 296 4026 513.
314 3942 426 4024 φίλων]
445 3944 542 4020 δόμων
558 3940 769 4005 Herodianum

223 4046 297 4130 516.
313 4041 348 4130 ᾗ]
364 4043 401 4122 ἦν
417 4043 518 4108 Clem.
532 4043 628 4107 Alex.
646 4046 759 4107 Strom.
777 4047 807 4108 6.
823 4067 855 4130 p.
873 4061 946 4125 747.
963 4057 993 4106 et
1010 4041 1155 4106 Stobaeus
1172 4060 1203 4117 2,
1224 4043 1271 4104 16.

222 4164 297 4232 523.
315 4144 384 4210 ἀλλ’
402 4148 480 4210 ὥστε
504 4147 573 4224 νηὸς
596 4146 701 4209 κεδνὸν
723 4147 956 4230 οἰακοστρόφον]
982 4147 1077 4209 Rom.
1102 4145 1139 4207 B.
1160 4142 1227 4207 ἀλλ’
1245 4145 1283 4209 ὥς

180 4277 227 4334 γε.
252 4251 365 4314 Monet
382 4248 607 4314 Valckenarius
618 4248 657 4312 ad
675 4249 774 4336 Hipp.
795 4253 887 4316 1206.
904 4250 988 4313 hunc
1005 4271 1127 4312 versum
1145 4247 1282 4334 AEschy-

180 4352 264 4418 leum
280 4374 345 4416 esse
357 4350 462 4416 Theb.
472 4353 524 4417 62.
540 4351 579 4416 σὺ
594 4349 617 4416 δ’
635 4353 713 4415 ὥστε
729 4351 798 4431 νηὸς
814 4352 915 4419 κεδνὸς
930 4354 1155 4433 οἰακοστρόφος.
1184 4351 1283 4413 Utro-

179 4456 276 4544 bique
289 4455 370 4520 inter
385 4454 455 4533 νηὸς
468 4468 498 4518 et
514 4454 585 4522 ναὸς
600 4453 756 4519 fluctuant
768 4452 847 4518 libri.
872 4453 973 4542 Apud
986 4452 1172 4541 Euripidem
1186 4453 1280 4515 Rom.
