<?xml version="1.0" encoding="UTF-8"?>
<!DOCTYPE html PUBLIC "-//W3C//DTD XHTML 1.0 Transitional//EN"
    "http://www.w3.org/TR/xhtml1/DTD/xhtml1-transitional.dtd">
<html xmlns="http://www.w3.org/1999/xhtml" xml:lang="en" lang="en">
 <head>
  <title>
</title>
<meta http-equiv="Content-Type" content="text/html;charset=utf-8" />
  <meta name='ocr-system' content='tesseract 3.04.00' />
  <meta name='ocr-capabilities' content='ocr_page ocr_carea ocr_par ocr_line ocrx_word'/>
</head>
<body>
  <div class='ocr_page' id='page_1' title='image "./tragoediaesuper01eurigoog_0206.png"; bbox 0 0 2864 4914; ppageno 0'>
   <div class='ocr_carea' id='block_1_1' title="bbox 548 326 1275 417">
    <p class='ocr_par' dir='ltr' id='par_1_1' title="bbox 548 326 1275 417">
     <span class='ocr_line' id='line_1_1' title="bbox 548 326 1275 417; baseline 0.001 -16"><span class='ocrx_word' id='word_1_1' title='bbox 548 337 633 417; x_wconf 6' lang='lat' dir='ltr'>‘AD</span> <span class='ocrx_word' id='word_1_2' title='bbox 656 335 882 400; x_wconf 79' lang='lat' dir='ltr'>mannan.</span> <span class='ocrx_word' id='word_1_3' title='bbox 1210 326 1275 402; x_wconf 79' lang='lat' dir='ltr'>uu</span> 
     </span>
    </p>
   </div>
   <div class='ocr_carea' id='block_1_2' title="bbox 167 501 1285 4476">
    <p class='ocr_par' dir='ltr' id='par_1_2' title="bbox 169 501 1274 1203">
     <span class='ocr_line' id='line_1_2' title="bbox 170 501 1257 591; baseline 0.003 -27"><span class='ocrx_word' id='word_1_4' title='bbox 170 501 371 583; x_wconf 70' lang='grc' dir='ltr'>διερρυηκέναι</span> <span class='ocrx_word' id='word_1_5' title='bbox 386 504 480 591; x_wconf 87' lang='lat' dir='ltr'>Vesp.</span> <span class='ocrx_word' id='word_1_6' title='bbox 493 525 506 568; x_wconf 87' lang='lat'>1</span> <span class='ocrx_word' id='word_1_7' title='bbox 517 526 526 569; x_wconf 84' lang='grc' dir='ltr'>ι</span> <span class='ocrx_word' id='word_1_8' title='bbox 532 524 584 590; x_wconf 87' lang='lat'>51.</span> <span class='ocrx_word' id='word_1_9' title='bbox 603 507 673 588; x_wconf 86' lang='grc' dir='ltr'>πρὶν</span> <span class='ocrx_word' id='word_1_10' title='bbox 688 507 736 571; x_wconf 81' lang='grc' dir='ltr'>καὶ</span> <span class='ocrx_word' id='word_1_11' title='bbox 749 509 892 572; x_wconf 77' lang='grc' dir='ltr'>τεθύσθαι</span> <span class='ocrx_word' id='word_1_12' title='bbox 907 507 969 570; x_wconf 81' lang='lat' dir='ltr'>Ar.</span> <span class='ocrx_word' id='word_1_13' title='bbox 982 522 1076 590; x_wconf 83' lang='lat'>1035.</span> <span class='ocrx_word' id='word_1_14' title='bbox 1097 504 1167 587; x_wconf 80' lang='grc' dir='ltr'>πρὶν</span> <span class='ocrx_word' id='word_1_15' title='bbox 1182 504 1257 584; x_wconf 85' lang='grc' dir='ltr'>έμπε</span> 
     </span>
     <span class='ocr_line' id='line_1_3' title="bbox 169 604 1274 692; baseline 0 -25"><span class='ocrx_word' id='word_1_16' title='bbox 169 604 301 685; x_wconf 82' lang='grc' dir='ltr'>πρῆσθαι</span> <span class='ocrx_word' id='word_1_17' title='bbox 324 607 401 692; x_wconf 89' lang='lat' dir='ltr'>Lys.</span> <span class='ocrx_word' id='word_1_18' title='bbox 419 625 494 691; x_wconf 83' lang='lat'>322.</span> <span class='ocrx_word' id='word_1_19' title='bbox 517 609 586 690; x_wconf 88' lang='grc' dir='ltr'>πρὶν</span> <span class='ocrx_word' id='word_1_20' title='bbox 609 608 657 673; x_wconf 91' lang='grc' dir='ltr'>καὶ</span> <span class='ocrx_word' id='word_1_21' title='bbox 678 607 837 692; x_wconf 83' lang='grc' dir='ltr'>γεγονέναι</span> <span class='ocrx_word' id='word_1_22' title='bbox 858 610 1048 672; x_wconf 84' lang='lat' dir='ltr'>Ran.1216.</span> <span class='ocrx_word' id='word_1_23' title='bbox 1094 606 1183 669; x_wconf 85' lang='lat' dir='ltr'>Inter</span> <span class='ocrx_word' id='word_1_24' title='bbox 1203 604 1274 685; x_wconf 85' lang='grc' dir='ltr'>πρὶν</span> 
     </span>
     <span class='ocr_line' id='line_1_4' title="bbox 169 704 1274 797; baseline 0.003 -28"><span class='ocrx_word' id='word_1_25' title='bbox 169 707 327 786; x_wconf 79' lang='grc' dir='ltr'>δειπνῆσαι</span> <span class='ocrx_word' id='word_1_26' title='bbox 348 720 380 772; x_wconf 91' lang='lat' dir='ltr'>et</span> <span class='ocrx_word' id='word_1_27' title='bbox 401 711 472 790; x_wconf 85' lang='grc' dir='ltr'>πρὶν</span> <span class='ocrx_word' id='word_1_28' title='bbox 486 709 706 790; x_wconf 76' lang='grc' dir='ltr'>δεδειπνηκέναι</span> <span class='ocrx_word' id='word_1_29' title='bbox 725 710 783 774; x_wconf 89' lang='lat' dir='ltr'>hoc</span> <span class='ocrx_word' id='word_1_30' title='bbox 797 710 936 786; x_wconf 88' lang='lat' dir='ltr'>interest,</span> <span class='ocrx_word' id='word_1_31' title='bbox 951 711 1039 797; x_wconf 92' lang='lat' dir='ltr'>quod</span> <span class='ocrx_word' id='word_1_32' title='bbox 1053 704 1274 788; x_wconf 74' lang='grc' dir='ltr'>δεδειπνηκέναι</span> 
     </span>
     <span class='ocr_line' id='line_1_5' title="bbox 169 810 1274 897; baseline 0.001 -25"><span class='ocrx_word' id='word_1_33' title='bbox 169 825 363 888; x_wconf 70' lang='lat' dir='ltr'>serenante,</span> <span class='ocrx_word' id='word_1_34' title='bbox 386 816 542 891; x_wconf 79' lang='grc' dir='ltr'>δειπνῆσαι</span> <span class='ocrx_word' id='word_1_35' title='bbox 565 836 640 877; x_wconf 87' lang='lat' dir='ltr'>vero</span> <span class='ocrx_word' id='word_1_36' title='bbox 664 836 684 876; x_wconf 90' lang='lat' dir='ltr'>a</span> <span class='ocrx_word' id='word_1_37' title='bbox 708 827 870 878; x_wconf 87' lang='lat' dir='ltr'>coenaturo</span> <span class='ocrx_word' id='word_1_38' title='bbox 892 812 1015 877; x_wconf 83' lang='lat' dir='ltr'>dicitur.</span> <span class='ocrx_word' id='word_1_39' title='bbox 1060 810 1117 875; x_wconf 84' lang='lat' dir='ltr'>Ab</span> <span class='ocrx_word' id='word_1_40' title='bbox 1139 825 1274 897; x_wconf 88' lang='lat' dir='ltr'>utroque</span> 
     </span>
     <span class='ocr_line' id='line_1_6' title="bbox 169 911 1274 1004; baseline 0.001 -29"><span class='ocrx_word' id='word_1_41' title='bbox 169 911 326 977; x_wconf 85' lang='lat' dir='ltr'>diversum</span> <span class='ocrx_word' id='word_1_42' title='bbox 342 928 389 978; x_wconf 89' lang='lat' dir='ltr'>est</span> <span class='ocrx_word' id='word_1_43' title='bbox 404 915 474 996; x_wconf 83' lang='grc' dir='ltr'>πρὶν</span> <span class='ocrx_word' id='word_1_44' title='bbox 488 920 628 990; x_wconf 82' lang='grc' dir='ltr'>δειπνεῖν,</span> <span class='ocrx_word' id='word_1_45' title='bbox 644 917 730 1003; x_wconf 92' lang='lat' dir='ltr'>quod</span> <span class='ocrx_word' id='word_1_46' title='bbox 749 939 812 980; x_wconf 94' lang='lat' dir='ltr'>non</span> <span class='ocrx_word' id='word_1_47' title='bbox 827 917 1017 1004; x_wconf 72' lang='lat' dir='ltr'>priusquam</span> <span class='ocrx_word' id='word_1_48' title='bbox 1037 934 1199 978; x_wconf 79' lang='lat' dir='ltr'>coerrauero</span> <span class='ocrx_word' id='word_1_49' title='bbox 1213 912 1274 1000; x_wconf 85' lang='lat' dir='ltr'>sig-</span> 
     </span>
     <span class='ocr_line' id='line_1_7' title="bbox 170 1012 1273 1103; baseline 0.002 -27"><span class='ocrx_word' id='word_1_50' title='bbox 170 1012 287 1091; x_wconf 85' lang='lat' dir='ltr'>nificat,</span> <span class='ocrx_word' id='word_1_51' title='bbox 303 1014 355 1078; x_wconf 87' lang='lat' dir='ltr'>sed</span> <span class='ocrx_word' id='word_1_52' title='bbox 369 1018 558 1103; x_wconf 77' lang='lat' dir='ltr'>priusquam</span> <span class='ocrx_word' id='word_1_53' title='bbox 573 1027 728 1083; x_wconf 73' lang='lat' dir='ltr'>canaram</span> <span class='ocrx_word' id='word_1_54' title='bbox 749 1039 792 1082; x_wconf 82' lang='lat' dir='ltr'>eo.</span> <span class='ocrx_word' id='word_1_55' title='bbox 839 1017 902 1082; x_wconf 88' lang='lat' dir='ltr'>Sed</span> <span class='ocrx_word' id='word_1_56' title='bbox 924 1018 991 1083; x_wconf 81' lang='lat' dir='ltr'>hoec</span> <span class='ocrx_word' id='word_1_57' title='bbox 1012 1014 1191 1082; x_wconf 84' lang='lat' dir='ltr'>discrimina</span> <span class='ocrx_word' id='word_1_58' title='bbox 1211 1036 1273 1079; x_wconf 93' lang='lat' dir='ltr'>non</span> 
     </span>
     <span class='ocr_line' id='line_1_8' title="bbox 171 1120 617 1203; baseline 0.009 -24"><span class='ocrx_word' id='word_1_59' title='bbox 171 1138 294 1203; x_wconf 84' lang='lat' dir='ltr'>semper</span> <span class='ocrx_word' id='word_1_60' title='bbox 309 1133 482 1182; x_wconf 86' lang='lat' dir='ltr'>servantur.</span> <span class='ocrx_word' id='word_1_61' title='bbox 502 1120 617 1183; x_wconf 89' lang='lat' dir='ltr'>ELM.</span> 
     </span>
    </p>

    <p class='ocr_par' dir='ltr' id='par_1_3' title="bbox 215 1219 954 1307">
     <span class='ocr_line' id='line_1_9' title="bbox 215 1219 954 1307; baseline 0.005 -25"><span class='ocrx_word' id='word_1_62' title='bbox 215 1219 267 1284; x_wconf 91' lang='lat'>80.</span> <span class='ocrx_word' id='word_1_63' title='bbox 282 1220 367 1306; x_wconf 81' lang='grc' dir='ltr'>τάδε]</span> <span class='ocrx_word' id='word_1_64' title='bbox 384 1220 452 1286; x_wconf 87' lang='grc' dir='ltr'>τόδε</span> <span class='ocrx_word' id='word_1_65' title='bbox 467 1224 510 1285; x_wconf 90' lang='grc' dir='ltr'>Α.</span> <span class='ocrx_word' id='word_1_66' title='bbox 527 1221 643 1307; x_wconf 88' lang='lat' dir='ltr'>aliique</span> <span class='ocrx_word' id='word_1_67' title='bbox 658 1221 799 1286; x_wconf 87' lang='lat' dir='ltr'>nonnulli</span> <span class='ocrx_word' id='word_1_68' title='bbox 815 1235 846 1286; x_wconf 89' lang='lat' dir='ltr'>et</span> <span class='ocrx_word' id='word_1_69' title='bbox 862 1223 954 1286; x_wconf 86' lang='lat' dir='ltr'>Lasc.</span> 
     </span>
    </p>

    <p class='ocr_par' dir='ltr' id='par_1_4' title="bbox 171 1322 1277 1999">
     <span class='ocr_line' id='line_1_10' title="bbox 216 1322 1275 1414; baseline -0.003 -29"><span class='ocrx_word' id='word_1_70' title='bbox 216 1322 267 1407; x_wconf 86' lang='lat'>83.</span> <span class='ocrx_word' id='word_1_71' title='bbox 283 1325 385 1388; x_wconf 83' lang='grc' dir='ltr'>ὄλοιτο</span> <span class='ocrx_word' id='word_1_72' title='bbox 398 1326 454 1403; x_wconf 79' lang='grc' dir='ltr'>μὲν</span> <span class='ocrx_word' id='word_1_73' title='bbox 467 1324 516 1404; x_wconf 74' lang='grc' dir='ltr'>μὴ,</span> <span class='ocrx_word' id='word_1_74' title='bbox 530 1322 676 1405; x_wconf 79' lang='grc' dir='ltr'>δεσπότης</span> <span class='ocrx_word' id='word_1_75' title='bbox 687 1329 745 1408; x_wconf 85' lang='grc' dir='ltr'>γδρ</span> <span class='ocrx_word' id='word_1_76' title='bbox 757 1324 817 1389; x_wconf 79' lang='grc' dir='ltr'>ἔστ’</span> <span class='ocrx_word' id='word_1_77' title='bbox 831 1323 917 1414; x_wconf 85' lang='grc' dir='ltr'>έμθς]</span> <span class='ocrx_word' id='word_1_78' title='bbox 931 1324 1102 1412; x_wconf 81' lang='lat' dir='ltr'><strong>Euripides</strong></span> <span class='ocrx_word' id='word_1_79' title='bbox 1113 1323 1165 1388; x_wconf 85' lang='lat' dir='ltr'>El.</span> <span class='ocrx_word' id='word_1_80' title='bbox 1182 1327 1275 1409; x_wconf 73' lang='lat'>1245.</span> 
     </span>
     <span class='ocr_line' id='line_1_11' title="bbox 171 1422 1274 1515; baseline 0.003 -28"><span class='ocrx_word' id='word_1_81' title='bbox 171 1422 286 1505; x_wconf 69' lang='grc' dir='ltr'>Φοζθός</span> <span class='ocrx_word' id='word_1_82' title='bbox 300 1450 343 1499; x_wconf 86' lang='grc' dir='ltr'>τε,</span> <span class='ocrx_word' id='word_1_83' title='bbox 359 1424 587 1505; x_wconf 77' lang='grc' dir='ltr'>Φοῖβος-ἀλλ’</span> <span class='ocrx_word' id='word_1_84' title='bbox 603 1428 678 1506; x_wconf 74' lang='grc' dir='ltr'>ἄναξ</span> <span class='ocrx_word' id='word_1_85' title='bbox 693 1431 751 1510; x_wconf 78' lang='grc' dir='ltr'>γὰρ</span> <span class='ocrx_word' id='word_1_86' title='bbox 766 1426 827 1491; x_wconf 78' lang='grc' dir='ltr'>ἔστ’</span> <span class='ocrx_word' id='word_1_87' title='bbox 844 1426 923 1508; x_wconf 89' lang='grc' dir='ltr'>έμδς,</span> <span class='ocrx_word' id='word_1_88' title='bbox 942 1426 947 1515; x_wconf 89' lang='grc' dir='ltr'>Ι</span> <span class='ocrx_word' id='word_1_89' title='bbox 967 1433 1055 1510; x_wconf 92' lang='grc' dir='ltr'>σιγῶ.</span> <span class='ocrx_word' id='word_1_90' title='bbox 1076 1426 1173 1509; x_wconf 81' lang='grc' dir='ltr'>σοφὸς</span> <span class='ocrx_word' id='word_1_91' title='bbox 1185 1425 1209 1490; x_wconf 88' lang='grc' dir='ltr'>δ’</span> <span class='ocrx_word' id='word_1_92' title='bbox 1221 1426 1274 1501; x_wconf 87' lang='grc' dir='ltr'>ῶν,</span> 
     </span>
     <span class='ocr_line' id='line_1_12' title="bbox 172 1526 1277 1614; baseline 0.005 -25"><span class='ocrx_word' id='word_1_93' title='bbox 172 1527 225 1589; x_wconf 79' lang='grc' dir='ltr'>οὐκ</span> <span class='ocrx_word' id='word_1_94' title='bbox 240 1526 351 1609; x_wconf 80' lang='grc' dir='ltr'>ἔχρησέ</span> <span class='ocrx_word' id='word_1_95' title='bbox 367 1554 417 1593; x_wconf 92' lang='grc' dir='ltr'>σοι</span> <span class='ocrx_word' id='word_1_96' title='bbox 430 1527 524 1610; x_wconf 79' lang='grc' dir='ltr'>σοφώ.</span> <span class='ocrx_word' id='word_1_97' title='bbox 549 1529 630 1592; x_wconf 87' lang='lat' dir='ltr'>Hec.</span> <span class='ocrx_word' id='word_1_98' title='bbox 647 1533 738 1614; x_wconf 82' lang='lat'>1236.</span> <span class='ocrx_word' id='word_1_99' title='bbox 754 1529 843 1594; x_wconf 78' lang='grc' dir='ltr'>αὐτὸν</span> <span class='ocrx_word' id='word_1_100' title='bbox 859 1532 891 1594; x_wconf 73' lang='grc' dir='ltr'>δὲ</span> <span class='ocrx_word' id='word_1_101' title='bbox 906 1530 1023 1613; x_wconf 84' lang='grc' dir='ltr'>χαίρειν</span> <span class='ocrx_word' id='word_1_102' title='bbox 1037 1536 1099 1596; x_wconf 83' lang='grc' dir='ltr'>τοῖς</span> <span class='ocrx_word' id='word_1_103' title='bbox 1118 1535 1217 1596; x_wconf 81' lang='grc' dir='ltr'>κακοῖς</span> <span class='ocrx_word' id='word_1_104' title='bbox 1239 1554 1277 1594; x_wconf 91' lang='grc' dir='ltr'>σε</span> 
     </span>
     <span class='ocr_line' id='line_1_13' title="bbox 172 1627 1277 1717; baseline 0.005 -27"><span class='ocrx_word' id='word_1_105' title='bbox 172 1627 310 1710; x_wconf 82' lang='grc' dir='ltr'>φήσομεν</span> <span class='ocrx_word' id='word_1_106' title='bbox 329 1629 334 1717; x_wconf 96' lang='grc' dir='ltr'>Ι</span> <span class='ocrx_word' id='word_1_107' title='bbox 354 1634 488 1694; x_wconf 77' lang='grc' dir='ltr'>τοιοῦτον</span> <span class='ocrx_word' id='word_1_108' title='bbox 510 1632 593 1694; x_wconf 88' lang='grc' dir='ltr'>ὄντα.</span> <span class='ocrx_word' id='word_1_109' title='bbox 616 1629 763 1699; x_wconf 85' lang='grc' dir='ltr'>δεσπότας</span> <span class='ocrx_word' id='word_1_110' title='bbox 784 1632 809 1695; x_wconf 86' lang='grc' dir='ltr'>δ’</span> <span class='ocrx_word' id='word_1_111' title='bbox 831 1633 866 1695; x_wconf 82' lang='grc' dir='ltr'>οὗ</span> <span class='ocrx_word' id='word_1_112' title='bbox 887 1638 1024 1714; x_wconf 88' lang='grc' dir='ltr'>λοιδορῶ.</span> <span class='ocrx_word' id='word_1_113' title='bbox 1070 1631 1184 1695; x_wconf 83' lang='lat' dir='ltr'>Similis</span> <span class='ocrx_word' id='word_1_114' title='bbox 1205 1630 1277 1695; x_wconf 88' lang='lat' dir='ltr'>reti-</span> 
     </span>
     <span class='ocr_line' id='line_1_14' title="bbox 171 1731 1277 1821; baseline 0.003 -27"><span class='ocrx_word' id='word_1_115' title='bbox 171 1731 281 1794; x_wconf 79' lang='lat' dir='ltr'>centiae</span> <span class='ocrx_word' id='word_1_116' title='bbox 303 1731 457 1818; x_wconf 84' lang='lat' dir='ltr'>specimen</span> <span class='ocrx_word' id='word_1_117' title='bbox 481 1733 601 1819; x_wconf 85' lang='lat' dir='ltr'>praebet</span> <span class='ocrx_word' id='word_1_118' title='bbox 624 1733 793 1821; x_wconf 89' lang='lat' dir='ltr'>Sophocles</span> <span class='ocrx_word' id='word_1_119' title='bbox 808 1734 925 1799; x_wconf 86' lang='lat' dir='ltr'>Trach.</span> <span class='ocrx_word' id='word_1_120' title='bbox 940 1735 1013 1819; x_wconf 83' lang='lat'>383.</span> <span class='ocrx_word' id='word_1_121' title='bbox 1032 1732 1176 1798; x_wconf 83' lang='grc' dir='ltr'>Ὀλοιντο</span> <span class='ocrx_word' id='word_1_122' title='bbox 1191 1733 1277 1814; x_wconf 74' lang='grc' dir='ltr'>μήτοι</span> 
     </span>
     <span class='ocr_line' id='line_1_15' title="bbox 171 1832 1276 1922; baseline 0.004 -26"><span class='ocrx_word' id='word_1_123' title='bbox 171 1832 280 1900; x_wconf 77' lang='grc' dir='ltr'>πάντες</span> <span class='ocrx_word' id='word_1_124' title='bbox 296 1836 324 1898; x_wconf 86' lang='grc' dir='ltr'>οί</span> <span class='ocrx_word' id='word_1_125' title='bbox 339 1836 433 1912; x_wconf 85' lang='grc' dir='ltr'>κακοὶ,</span> <span class='ocrx_word' id='word_1_126' title='bbox 447 1838 484 1898; x_wconf 84' lang='grc' dir='ltr'>τδ</span> <span class='ocrx_word' id='word_1_127' title='bbox 504 1836 537 1899; x_wconf 78' lang='grc' dir='ltr'>δὲ</span> <span class='ocrx_word' id='word_1_128' title='bbox 556 1832 561 1922; x_wconf 96' lang='grc' dir='ltr'>Ι</span> <span class='ocrx_word' id='word_1_129' title='bbox 581 1834 697 1917; x_wconf 75' lang='grc' dir='ltr'>λαθραΐ</span> <span class='ocrx_word' id='word_1_130' title='bbox 713 1836 747 1904; x_wconf 91' lang='grc' dir='ltr'>δς</span> <span class='ocrx_word' id='word_1_131' title='bbox 767 1839 856 1902; x_wconf 84' lang='grc' dir='ltr'>ἄσκεΐ</span> <span class='ocrx_word' id='word_1_132' title='bbox 870 1837 910 1918; x_wconf 75' lang='grc' dir='ltr'>μὴ</span> <span class='ocrx_word' id='word_1_133' title='bbox 931 1835 1071 1919; x_wconf 85' lang='grc' dir='ltr'>πρέποντ’</span> <span class='ocrx_word' id='word_1_134' title='bbox 1093 1838 1169 1921; x_wconf 74' lang='grc' dir='ltr'>αὐτῷ</span> <span class='ocrx_word' id='word_1_135' title='bbox 1192 1835 1276 1900; x_wconf 87' lang='grc' dir='ltr'>κακᾶ.</span> 
     </span>
     <span class='ocr_line' id='line_1_16' title="bbox 172 1936 286 1999; baseline 0.009 -1"><span class='ocrx_word' id='word_1_136' title='bbox 172 1936 286 1999; x_wconf 87' lang='lat' dir='ltr'>ELM.</span> 
     </span>
    </p>

    <p class='ocr_par' dir='ltr' id='par_1_5' title="bbox 171 2037 1281 2638">
     <span class='ocr_line' id='line_1_17' title="bbox 217 2037 1279 2128; baseline 0.001 -27"><span class='ocrx_word' id='word_1_137' title='bbox 217 2039 267 2116; x_wconf 88' lang='lat'>84.</span> <span class='ocrx_word' id='word_1_138' title='bbox 292 2037 378 2107; x_wconf 85' lang='grc' dir='ltr'>κακός</span> <span class='ocrx_word' id='word_1_139' title='bbox 399 2037 443 2123; x_wconf 87' lang='grc' dir='ltr'>γ’]</span> <span class='ocrx_word' id='word_1_140' title='bbox 462 2041 550 2108; x_wconf 82' lang='grc' dir='ltr'>κακὸς</span> <span class='ocrx_word' id='word_1_141' title='bbox 564 2043 608 2105; x_wconf 90' lang='grc' dir='ltr'>Α.</span> <span class='ocrx_word' id='word_1_142' title='bbox 623 2040 749 2127; x_wconf 86' lang='lat' dir='ltr'>aliique,</span> <span class='ocrx_word' id='word_1_143' title='bbox 768 2041 880 2105; x_wconf 86' lang='lat' dir='ltr'>omissa</span> <span class='ocrx_word' id='word_1_144' title='bbox 902 2040 1067 2128; x_wconf 79' lang='lat' dir='ltr'>particula,</span> <span class='ocrx_word' id='word_1_145' title='bbox 1083 2063 1156 2127; x_wconf 86' lang='lat' dir='ltr'>quae</span> <span class='ocrx_word' id='word_1_146' title='bbox 1177 2055 1279 2103; x_wconf 88' lang='lat' dir='ltr'>metro</span> 
     </span>
     <span class='ocr_line' id='line_1_18' title="bbox 171 2139 1277 2230; baseline 0.003 -27"><span class='ocrx_word' id='word_1_147' title='bbox 171 2139 298 2226; x_wconf 90' lang='lat' dir='ltr'>quidem</span> <span class='ocrx_word' id='word_1_148' title='bbox 322 2141 490 2206; x_wconf 86' lang='lat' dir='ltr'>necessaria</span> <span class='ocrx_word' id='word_1_149' title='bbox 512 2157 570 2220; x_wconf 89' lang='lat' dir='ltr'>est,</span> <span class='ocrx_word' id='word_1_150' title='bbox 594 2165 650 2206; x_wconf 90' lang='lat' dir='ltr'>nec</span> <span class='ocrx_word' id='word_1_151' title='bbox 673 2143 833 2207; x_wconf 82' lang='lat' dir='ltr'>sententiae</span> <span class='ocrx_word' id='word_1_152' title='bbox 856 2142 985 2221; x_wconf 62' lang='lat' dir='ltr'>inutilis</span> <span class='ocrx_word' id='word_1_153' title='bbox 1004 2157 1169 2230; x_wconf 88' lang='lat' dir='ltr'>propterea</span> <span class='ocrx_word' id='word_1_154' title='bbox 1190 2141 1277 2227; x_wconf 92' lang='lat' dir='ltr'>quod</span> 
     </span>
     <span class='ocr_line' id='line_1_19' title="bbox 172 2243 1276 2332; baseline 0.001 -27"><span class='ocrx_word' id='word_1_155' title='bbox 172 2243 328 2329; x_wconf 80' lang='lat' dir='ltr'>praeoessit</span> <span class='ocrx_word' id='word_1_156' title='bbox 358 2243 441 2325; x_wconf 88' lang='grc' dir='ltr'>ἄτᾶρ.</span> <span class='ocrx_word' id='word_1_157' title='bbox 488 2244 567 2308; x_wconf 85' lang='lat' dir='ltr'><strong>Vide</strong></span> <span class='ocrx_word' id='word_1_158' title='bbox 593 2244 781 2332; x_wconf 81' lang='lat' dir='ltr'>AEschylum</span> <span class='ocrx_word' id='word_1_159' title='bbox 820 2246 926 2309; x_wconf 86' lang='lat' dir='ltr'>Prom.</span> <span class='ocrx_word' id='word_1_160' title='bbox 957 2265 1051 2309; x_wconf 86' lang='lat'>1010.</span> <span class='ocrx_word' id='word_1_161' title='bbox 1089 2243 1276 2330; x_wconf 81' lang='lat' dir='ltr'>Euripidem</span> 
     </span>
     <span class='ocr_line' id='line_1_20' title="bbox 173 2344 1275 2433; baseline 0.003 -26"><span class='ocrx_word' id='word_1_162' title='bbox 173 2344 274 2431; x_wconf 87' lang='lat' dir='ltr'>Hipp.</span> <span class='ocrx_word' id='word_1_163' title='bbox 292 2347 470 2428; x_wconf 85' lang='lat'>728.1250.</span> <span class='ocrx_word' id='word_1_164' title='bbox 488 2347 578 2431; x_wconf 83' lang='lat'>1398.</span> <span class='ocrx_word' id='word_1_165' title='bbox 604 2347 677 2432; x_wconf 88' lang='lat' dir='ltr'>Iph.</span> <span class='ocrx_word' id='word_1_166' title='bbox 695 2348 738 2410; x_wconf 91' lang='lat' dir='ltr'>T.</span> <span class='ocrx_word' id='word_1_167' title='bbox 752 2366 824 2431; x_wconf 88' lang='lat'>719.</span> <span class='ocrx_word' id='word_1_168' title='bbox 843 2348 922 2411; x_wconf 83' lang='lat' dir='ltr'>Tro.</span> <span class='ocrx_word' id='word_1_169' title='bbox 937 2350 1013 2427; x_wconf 84' lang='lat'>416.</span> <span class='ocrx_word' id='word_1_170' title='bbox 1031 2346 1275 2433; x_wconf 85' lang='lat' dir='ltr'>Aristophanem</span> 
     </span>
     <span class='ocr_line' id='line_1_21' title="bbox 172 2447 1281 2536; baseline 0.002 -25"><span class='ocrx_word' id='word_1_171' title='bbox 172 2448 254 2512; x_wconf 88' lang='lat' dir='ltr'>Ach.</span> <span class='ocrx_word' id='word_1_172' title='bbox 277 2468 353 2529; x_wconf 87' lang='lat'>447.</span> <span class='ocrx_word' id='word_1_173' title='bbox 383 2448 449 2531; x_wconf 92' lang='lat' dir='ltr'>(ubi</span> <span class='ocrx_word' id='word_1_174' title='bbox 479 2475 515 2531; x_wconf 93' lang='grc' dir='ltr'>γε</span> <span class='ocrx_word' id='word_1_175' title='bbox 541 2472 599 2536; x_wconf 90' lang='lat' dir='ltr'>pro</span> <span class='ocrx_word' id='word_1_176' title='bbox 627 2452 674 2515; x_wconf 76' lang='grc' dir='ltr'>καὶ</span> <span class='ocrx_word' id='word_1_177' title='bbox 700 2449 792 2513; x_wconf 83' lang='lat' dir='ltr'>tacite</span> <span class='ocrx_word' id='word_1_178' title='bbox 819 2449 960 2536; x_wconf 82' lang='lat' dir='ltr'><strong>reposuit</strong></span> <span class='ocrx_word' id='word_1_179' title='bbox 984 2447 1175 2532; x_wconf 87' lang='lat' dir='ltr'>Brunckius)</span> <span class='ocrx_word' id='word_1_180' title='bbox 1204 2451 1281 2530; x_wconf 85' lang='lat'>782.</span> 
     </span>
     <span class='ocr_line' id='line_1_22' title="bbox 173 2552 852 2638; baseline 0.007 -28"><span class='ocrx_word' id='word_1_181' title='bbox 173 2552 267 2638; x_wconf 85' lang='lat' dir='ltr'>Vesp.</span> <span class='ocrx_word' id='word_1_182' title='bbox 284 2569 354 2636; x_wconf 89' lang='lat'>147.</span> <span class='ocrx_word' id='word_1_183' title='bbox 370 2572 441 2636; x_wconf 87' lang='lat'>¹50·</span> <span class='ocrx_word' id='word_1_184' title='bbox 457 2568 550 2636; x_wconf 89' lang='lat'>1505.</span> <span class='ocrx_word' id='word_1_185' title='bbox 566 2553 632 2615; x_wconf 80' lang='lat' dir='ltr'>Aa.</span> <span class='ocrx_word' id='word_1_186' title='bbox 647 2571 718 2632; x_wconf 88' lang='lat'>144.</span> <span class='ocrx_word' id='word_1_187' title='bbox 735 2553 852 2616; x_wconf 87' lang='lat' dir='ltr'>ELM.</span> 
     </span>
    </p>

    <p class='ocr_par' dir='ltr' id='par_1_6' title="bbox 169 2653 1285 3962">
     <span class='ocr_line' id='line_1_23' title="bbox 217 2653 1278 2737; baseline 0.005 -21"><span class='ocrx_word' id='word_1_188' title='bbox 217 2654 268 2737; x_wconf 87' lang='lat'>85.</span> <span class='ocrx_word' id='word_1_189' title='bbox 285 2653 457 2717; x_wconf 84' lang='lat' dir='ltr'>Fluctuant</span> <span class='ocrx_word' id='word_1_190' title='bbox 473 2653 542 2716; x_wconf 83' lang='lat' dir='ltr'>libri</span> <span class='ocrx_word' id='word_1_191' title='bbox 559 2654 640 2717; x_wconf 84' lang='lat' dir='ltr'>inter</span> <span class='ocrx_word' id='word_1_192' title='bbox 653 2656 809 2735; x_wconf 80' lang='grc' dir='ltr'>γινώσκεις</span> <span class='ocrx_word' id='word_1_193' title='bbox 823 2668 854 2718; x_wconf 88' lang='lat' dir='ltr'>et</span> <span class='ocrx_word' id='word_1_194' title='bbox 868 2655 1018 2736; x_wconf 77' lang='grc' dir='ltr'>γινώσκει.</span> <span class='ocrx_word' id='word_1_195' title='bbox 1045 2654 1109 2733; x_wconf 84' lang='lat' dir='ltr'>Qui</span> <span class='ocrx_word' id='word_1_196' title='bbox 1123 2657 1278 2737; x_wconf 88' lang='grc' dir='ltr'>γινώσκεις</span> 
     </span>
     <span class='ocr_line' id='line_1_24' title="bbox 171 2754 1277 2843; baseline 0.003 -25"><span class='ocrx_word' id='word_1_197' title='bbox 171 2754 299 2834; x_wconf 87' lang='lat' dir='ltr'>habent,</span> <span class='ocrx_word' id='word_1_198' title='bbox 311 2770 415 2819; x_wconf 88' lang='lat' dir='ltr'>notam</span> <span class='ocrx_word' id='word_1_199' title='bbox 432 2755 682 2841; x_wconf 81' lang='lat' dir='ltr'>interrogationis</span> <span class='ocrx_word' id='word_1_200' title='bbox 696 2773 766 2843; x_wconf 92' lang='lat' dir='ltr'>post</span> <span class='ocrx_word' id='word_1_201' title='bbox 779 2762 892 2836; x_wconf 84' lang='grc' dir='ltr'>θνητῶν</span> <span class='ocrx_word' id='word_1_202' title='bbox 902 2769 958 2821; x_wconf 90' lang='lat' dir='ltr'>aut</span> <span class='ocrx_word' id='word_1_203' title='bbox 970 2757 1087 2821; x_wconf 89' lang='lat' dir='ltr'>habent</span> <span class='ocrx_word' id='word_1_204' title='bbox 1098 2771 1153 2821; x_wconf 89' lang='lat' dir='ltr'>aut</span> <span class='ocrx_word' id='word_1_205' title='bbox 1163 2757 1277 2822; x_wconf 87' lang='lat' dir='ltr'>habere</span> 
     </span>
     <span class='ocr_line' id='line_1_25' title="bbox 172 2856 1285 2945; baseline 0.004 -25"><span class='ocrx_word' id='word_1_206' title='bbox 172 2856 297 2921; x_wconf 89' lang='lat' dir='ltr'>debent.</span> <span class='ocrx_word' id='word_1_207' title='bbox 322 2857 385 2934; x_wconf 84' lang='lat' dir='ltr'>Qui</span> <span class='ocrx_word' id='word_1_208' title='bbox 400 2859 540 2939; x_wconf 86' lang='grc' dir='ltr'>γινώσκει</span> <span class='ocrx_word' id='word_1_209' title='bbox 556 2857 676 2944; x_wconf 87' lang='lat' dir='ltr'>legunt,</span> <span class='ocrx_word' id='word_1_210' title='bbox 692 2881 758 2922; x_wconf 86' lang='lat' dir='ltr'>eam</span> <span class='ocrx_word' id='word_1_211' title='bbox 776 2880 837 2922; x_wconf 93' lang='lat' dir='ltr'>non</span> <span class='ocrx_word' id='word_1_212' title='bbox 852 2874 1035 2945; x_wconf 87' lang='lat' dir='ltr'>agnoscunt.</span> <span class='ocrx_word' id='word_1_213' title='bbox 1065 2859 1166 2923; x_wconf 88' lang='lat' dir='ltr'>Schol.</span> <span class='ocrx_word' id='word_1_214' title='bbox 1181 2862 1236 2928; x_wconf 87' lang='grc' dir='ltr'>Τίς</span> <span class='ocrx_word' id='word_1_215' title='bbox 1251 2860 1285 2925; x_wconf 88' lang='grc' dir='ltr'>δ’.</span> 
     </span>
     <span class='ocr_line' id='line_1_26' title="bbox 171 2960 1276 3045; baseline 0.004 -21"><span class='ocrx_word' id='word_1_216' title='bbox 171 2961 239 3043; x_wconf 80' lang='grc' dir='ltr'>οὐχὶ</span> <span class='ocrx_word' id='word_1_217' title='bbox 254 2965 376 3040; x_wconf 82' lang='grc' dir='ltr'>θνητῶν.</span> <span class='ocrx_word' id='word_1_218' title='bbox 401 2962 490 3027; x_wconf 78' lang='grc' dir='ltr'>οὕτως</span> <span class='ocrx_word' id='word_1_219' title='bbox 505 2960 725 3043; x_wconf 83' lang='grc' dir='ltr'>ἀναγνωστέον,</span> <span class='ocrx_word' id='word_1_220' title='bbox 743 2964 785 3028; x_wconf 83' lang='grc' dir='ltr'>τίς</span> <span class='ocrx_word' id='word_1_221' title='bbox 799 2960 823 3025; x_wconf 91' lang='grc' dir='ltr'>δ’</span> <span class='ocrx_word' id='word_1_222' title='bbox 840 2962 907 3045; x_wconf 80' lang='grc' dir='ltr'>οὐχὶ</span> <span class='ocrx_word' id='word_1_223' title='bbox 922 2968 1045 3043; x_wconf 87' lang='grc' dir='ltr'>θνητῶν.</span> <span class='ocrx_word' id='word_1_224' title='bbox 1068 2963 1115 3026; x_wconf 81' lang='grc' dir='ltr'>καὶ</span> <span class='ocrx_word' id='word_1_225' title='bbox 1130 2961 1276 3028; x_wconf 88' lang='grc' dir='ltr'>στικτέον.</span> 
     </span>
     <span class='ocr_line' id='line_1_27' title="bbox 171 3060 1279 3144; baseline 0.002 -19"><span class='ocrx_word' id='word_1_226' title='bbox 171 3061 236 3125; x_wconf 83' lang='grc' dir='ltr'>εἶτα</span> <span class='ocrx_word' id='word_1_227' title='bbox 258 3062 317 3125; x_wconf 85' lang='grc' dir='ltr'>ἄπδ</span> <span class='ocrx_word' id='word_1_228' title='bbox 339 3062 435 3139; x_wconf 87' lang='grc' dir='ltr'>ἄλλης</span> <span class='ocrx_word' id='word_1_229' title='bbox 457 3062 558 3144; x_wconf 85' lang='grc' dir='ltr'>ἄρχῆς,</span> <span class='ocrx_word' id='word_1_230' title='bbox 583 3063 648 3144; x_wconf 83' lang='grc' dir='ltr'>ἄρτι</span> <span class='ocrx_word' id='word_1_231' title='bbox 670 3063 826 3143; x_wconf 90' lang='grc' dir='ltr'>γινώσκεις</span> <span class='ocrx_word' id='word_1_232' title='bbox 847 3060 924 3127; x_wconf 87' lang='grc' dir='ltr'>τόδε.</span> <span class='ocrx_word' id='word_1_233' title='bbox 948 3062 993 3126; x_wconf 90' lang='grc' dir='ltr'>διδ</span> <span class='ocrx_word' id='word_1_234' title='bbox 1017 3064 1064 3126; x_wconf 84' lang='grc' dir='ltr'>καὶ</span> <span class='ocrx_word' id='word_1_235' title='bbox 1085 3066 1160 3143; x_wconf 79' lang='grc' dir='ltr'>μετὰ</span> <span class='ocrx_word' id='word_1_236' title='bbox 1181 3069 1235 3127; x_wconf 84' lang='grc' dir='ltr'>τοῦ</span> <span class='ocrx_word' id='word_1_237' title='bbox 1255 3090 1279 3127; x_wconf 95' lang='grc' dir='ltr'>σ</span> 
     </span>
     <span class='ocr_line' id='line_1_28' title="bbox 171 3161 1277 3246; baseline 0.001 -18"><span class='ocrx_word' id='word_1_238' title='bbox 171 3161 330 3246; x_wconf 83' lang='grc' dir='ltr'>γραπτέον,</span> <span class='ocrx_word' id='word_1_239' title='bbox 347 3165 421 3237; x_wconf 84' lang='grc' dir='ltr'>οῐον,</span> <span class='ocrx_word' id='word_1_240' title='bbox 437 3165 481 3230; x_wconf 88' lang='grc' dir='ltr'>τίς</span> <span class='ocrx_word' id='word_1_241' title='bbox 497 3165 549 3227; x_wconf 82' lang='grc' dir='ltr'>οὐκ</span> <span class='ocrx_word' id='word_1_242' title='bbox 568 3163 631 3226; x_wconf 87' lang='grc' dir='ltr'>ἔστι</span> <span class='ocrx_word' id='word_1_243' title='bbox 655 3164 743 3231; x_wconf 89' lang='grc' dir='ltr'>κακὸς</span> <span class='ocrx_word' id='word_1_244' title='bbox 765 3167 806 3230; x_wconf 85' lang='grc' dir='ltr'>εἰς</span> <span class='ocrx_word' id='word_1_245' title='bbox 828 3166 945 3245; x_wconf 81' lang='grc' dir='ltr'>φίλους,</span> <span class='ocrx_word' id='word_1_246' title='bbox 963 3163 1027 3228; x_wconf 83' lang='grc' dir='ltr'>εἶτα</span> <span class='ocrx_word' id='word_1_247' title='bbox 1048 3164 1081 3228; x_wconf 89' lang='grc' dir='ltr'>τδ</span> <span class='ocrx_word' id='word_1_248' title='bbox 1103 3166 1169 3245; x_wconf 83' lang='grc' dir='ltr'>ἄρτι</span> <span class='ocrx_word' id='word_1_249' title='bbox 1190 3167 1277 3246; x_wconf 89' lang='grc' dir='ltr'>γινώ-</span> 
     </span>
     <span class='ocr_line' id='line_1_29' title="bbox 171 3264 1277 3348; baseline 0.002 -20"><span class='ocrx_word' id='word_1_250' title='bbox 171 3292 253 3333; x_wconf 91' lang='grc' dir='ltr'>σκεις</span> <span class='ocrx_word' id='word_1_251' title='bbox 267 3269 346 3342; x_wconf 85' lang='grc' dir='ltr'>τόδε,</span> <span class='ocrx_word' id='word_1_252' title='bbox 363 3268 439 3344; x_wconf 78' lang='grc' dir='ltr'>οἷον,</span> <span class='ocrx_word' id='word_1_253' title='bbox 454 3268 520 3348; x_wconf 82' lang='grc' dir='ltr'>ἄρτι</span> <span class='ocrx_word' id='word_1_254' title='bbox 535 3266 666 3347; x_wconf 78' lang='grc' dir='ltr'>ἔγνωκας</span> <span class='ocrx_word' id='word_1_255' title='bbox 685 3267 731 3329; x_wconf 81' lang='grc' dir='ltr'>ὅτι</span> <span class='ocrx_word' id='word_1_256' title='bbox 748 3266 868 3333; x_wconf 84' lang='grc' dir='ltr'>έαντοδς</span> <span class='ocrx_word' id='word_1_257' title='bbox 880 3271 1000 3346; x_wconf 69' lang='grc' dir='ltr'>μᾶλλον</span> <span class='ocrx_word' id='word_1_258' title='bbox 1014 3271 1157 3348; x_wconf 80' lang='grc' dir='ltr'>φιλοῦσιν</span> <span class='ocrx_word' id='word_1_259' title='bbox 1170 3264 1189 3345; x_wconf 79' lang='grc' dir='ltr'>ἢ</span> <span class='ocrx_word' id='word_1_260' title='bbox 1210 3267 1277 3335; x_wconf 78' lang='grc' dir='ltr'>τοὺς</span> 
     </span>
     <span class='ocr_line' id='line_1_30' title="bbox 170 3367 1277 3450; baseline -0.001 -18"><span class='ocrx_word' id='word_1_261' title='bbox 170 3367 277 3435; x_wconf 85' lang='grc' dir='ltr'>πέλας.</span> <span class='ocrx_word' id='word_1_262' title='bbox 300 3371 329 3432; x_wconf 87' lang='grc' dir='ltr'>οί</span> <span class='ocrx_word' id='word_1_263' title='bbox 348 3372 380 3432; x_wconf 78' lang='grc' dir='ltr'>δὲ</span> <span class='ocrx_word' id='word_1_264' title='bbox 402 3368 555 3449; x_wconf 81' lang='grc' dir='ltr'>ὑποκριταὶ</span> <span class='ocrx_word' id='word_1_265' title='bbox 577 3371 663 3431; x_wconf 82' lang='grc' dir='ltr'>τοῦτο</span> <span class='ocrx_word' id='word_1_266' title='bbox 687 3367 900 3450; x_wconf 80' lang='grc' dir='ltr'>ἀγνοήσαντες,</span> <span class='ocrx_word' id='word_1_267' title='bbox 922 3368 956 3431; x_wconf 89' lang='grc' dir='ltr'>τδ</span> <span class='ocrx_word' id='word_1_268' title='bbox 978 3371 1029 3447; x_wconf 83' lang='grc' dir='ltr'>τῆς</span> <span class='ocrx_word' id='word_1_269' title='bbox 1050 3369 1277 3449; x_wconf 80' lang='grc' dir='ltr'>ἄντιδιαστολῆς</span> 
     </span>
     <span class='ocr_line' id='line_1_31' title="bbox 169 3468 1274 3554; baseline -0.002 -19"><span class='ocrx_word' id='word_1_270' title='bbox 169 3468 380 3550; x_wconf 88' lang='grc' dir='ltr'>μετατιθέασιν</span> <span class='ocrx_word' id='word_1_271' title='bbox 407 3474 448 3539; x_wconf 88' lang='grc' dir='ltr'>είς</span> <span class='ocrx_word' id='word_1_272' title='bbox 470 3471 513 3544; x_wconf 90' lang='grc' dir='ltr'>τδ,</span> <span class='ocrx_word' id='word_1_273' title='bbox 538 3473 583 3539; x_wconf 92' lang='grc' dir='ltr'>τίς</span> <span class='ocrx_word' id='word_1_274' title='bbox 608 3469 632 3535; x_wconf 88' lang='grc' dir='ltr'>δ’</span> <span class='ocrx_word' id='word_1_275' title='bbox 655 3471 722 3554; x_wconf 78' lang='grc' dir='ltr'>οὐχὶ</span> <span class='ocrx_word' id='word_1_276' title='bbox 746 3476 860 3549; x_wconf 86' lang='grc' dir='ltr'>θνητῶν</span> <span class='ocrx_word' id='word_1_277' title='bbox 886 3475 971 3535; x_wconf 85' lang='grc' dir='ltr'>τοῦτο</span> <span class='ocrx_word' id='word_1_278' title='bbox 997 3472 1138 3553; x_wconf 88' lang='grc' dir='ltr'>γινώσκει</span> <span class='ocrx_word' id='word_1_279' title='bbox 1160 3478 1274 3554; x_wconf 89' lang='grc' dir='ltr'>σαφῶς.</span> 
     </span>
     <span class='ocr_line' id='line_1_32' title="bbox 172 3571 1274 3661; baseline 0.002 -25"><span class='ocrx_word' id='word_1_280' title='bbox 172 3573 350 3638; x_wconf 88' lang='lat' dir='ltr'>Histriones</span> <span class='ocrx_word' id='word_1_281' title='bbox 372 3573 497 3652; x_wconf 87' lang='lat' dir='ltr'>scilicet,</span> <span class='ocrx_word' id='word_1_282' title='bbox 518 3597 589 3638; x_wconf 88' lang='lat' dir='ltr'>cum</span> <span class='ocrx_word' id='word_1_283' title='bbox 608 3573 639 3635; x_wconf 95' lang='lat' dir='ltr'>in</span> <span class='ocrx_word' id='word_1_284' title='bbox 655 3571 884 3659; x_wconf 81' lang='lat' dir='ltr'>exemplaribus</span> <span class='ocrx_word' id='word_1_285' title='bbox 899 3573 963 3637; x_wconf 86' lang='lat' dir='ltr'>suis</span> <span class='ocrx_word' id='word_1_286' title='bbox 977 3572 1126 3659; x_wconf 83' lang='lat' dir='ltr'>scriptum</span> <span class='ocrx_word' id='word_1_287' title='bbox 1144 3573 1274 3661; x_wconf 85' lang='lat' dir='ltr'>reperis·</span> 
     </span>
     <span class='ocr_line' id='line_1_33' title="bbox 170 3672 1276 3761; baseline 0.002 -23"><span class='ocrx_word' id='word_1_288' title='bbox 170 3690 249 3752; x_wconf 80' lang='lat' dir='ltr'>sent,</span> <span class='ocrx_word' id='word_1_289' title='bbox 272 3681 326 3742; x_wconf 88' lang='grc' dir='ltr'>Τίς</span> <span class='ocrx_word' id='word_1_290' title='bbox 346 3675 370 3740; x_wconf 90' lang='grc' dir='ltr'>δ’</span> <span class='ocrx_word' id='word_1_291' title='bbox 394 3678 460 3760; x_wconf 79' lang='grc' dir='ltr'>οὐχὶ</span> <span class='ocrx_word' id='word_1_292' title='bbox 483 3682 597 3755; x_wconf 87' lang='grc' dir='ltr'>θνητῶν</span> <span class='ocrx_word' id='word_1_293' title='bbox 622 3677 687 3757; x_wconf 91' lang='grc' dir='ltr'>ἄρτι</span> <span class='ocrx_word' id='word_1_294' title='bbox 709 3677 849 3757; x_wconf 92' lang='grc' dir='ltr'>γινώσκει</span> <span class='ocrx_word' id='word_1_295' title='bbox 869 3672 946 3749; x_wconf 86' lang='grc' dir='ltr'>τόδε,</span> <span class='ocrx_word' id='word_1_296' title='bbox 969 3690 1065 3761; x_wconf 85' lang='lat' dir='ltr'>atque</span> <span class='ocrx_word' id='word_1_297' title='bbox 1088 3675 1147 3738; x_wconf 89' lang='lat' dir='ltr'>hoc</span> <span class='ocrx_word' id='word_1_298' title='bbox 1168 3677 1234 3757; x_wconf 90' lang='grc' dir='ltr'>ἄρτι</span> <span class='ocrx_word' id='word_1_299' title='bbox 1256 3699 1276 3740; x_wconf 86' lang='lat' dir='ltr'>a</span> 
     </span>
     <span class='ocr_line' id='line_1_34' title="bbox 171 3776 1274 3864; baseline 0.003 -23"><span class='ocrx_word' id='word_1_300' title='bbox 171 3778 322 3841; x_wconf 89' lang='lat' dir='ltr'>sententia</span> <span class='ocrx_word' id='word_1_301' title='bbox 344 3778 478 3842; x_wconf 83' lang='lat' dir='ltr'>alienum</span> <span class='ocrx_word' id='word_1_302' title='bbox 501 3801 567 3841; x_wconf 90' lang='lat' dir='ltr'>esse</span> <span class='ocrx_word' id='word_1_303' title='bbox 588 3776 746 3852; x_wconf 86' lang='lat' dir='ltr'>vidissent,</span> <span class='ocrx_word' id='word_1_304' title='bbox 767 3778 915 3841; x_wconf 83' lang='lat' dir='ltr'>audacter</span> <span class='ocrx_word' id='word_1_305' title='bbox 936 3794 1152 3864; x_wconf 83' lang='lat' dir='ltr'>reposuerunt,</span> <span class='ocrx_word' id='word_1_306' title='bbox 1175 3780 1229 3847; x_wconf 92' lang='grc' dir='ltr'>Τίς</span> <span class='ocrx_word' id='word_1_307' title='bbox 1250 3778 1274 3844; x_wconf 88' lang='grc' dir='ltr'>δ’</span> 
     </span>
     <span class='ocr_line' id='line_1_35' title="bbox 169 3879 884 3962; baseline 0.001 -21"><span class='ocrx_word' id='word_1_308' title='bbox 169 3879 236 3962; x_wconf 76' lang='grc' dir='ltr'>οὐχὶ</span> <span class='ocrx_word' id='word_1_309' title='bbox 251 3884 365 3958; x_wconf 89' lang='grc' dir='ltr'>θνητῶν</span> <span class='ocrx_word' id='word_1_310' title='bbox 379 3885 464 3942; x_wconf 85' lang='grc' dir='ltr'>τοῦτο</span> <span class='ocrx_word' id='word_1_311' title='bbox 479 3881 620 3961; x_wconf 88' lang='grc' dir='ltr'>γινώσκει</span> <span class='ocrx_word' id='word_1_312' title='bbox 635 3884 748 3960; x_wconf 82' lang='grc' dir='ltr'>σαφῶς.</span> <span class='ocrx_word' id='word_1_313' title='bbox 769 3879 884 3942; x_wconf 85' lang='lat' dir='ltr'>ELM.</span> 
     </span>
    </p>

    <p class='ocr_par' dir='ltr' id='par_1_7' title="bbox 167 3978 1275 4373">
     <span class='ocr_line' id='line_1_36' title="bbox 214 3978 1275 4066; baseline 0.002 -23"><span class='ocrx_word' id='word_1_314' title='bbox 214 3983 263 4062; x_wconf 88' lang='lat'>87.</span> <span class='ocrx_word' id='word_1_315' title='bbox 288 3983 317 4044; x_wconf 81' lang='grc' dir='ltr'>οἱ</span> <span class='ocrx_word' id='word_1_316' title='bbox 338 3983 394 4060; x_wconf 73' lang='grc' dir='ltr'>μὲν</span> <span class='ocrx_word' id='word_1_317' title='bbox 418 3981 542 4058; x_wconf 80' lang='grc' dir='ltr'>δικαίως,</span> <span class='ocrx_word' id='word_1_318' title='bbox 566 3984 595 4045; x_wconf 87' lang='grc' dir='ltr'>οί</span> <span class='ocrx_word' id='word_1_319' title='bbox 617 3984 649 4045; x_wconf 73' lang='grc' dir='ltr'>δὲ</span> <span class='ocrx_word' id='word_1_320' title='bbox 674 3981 722 4044; x_wconf 85' lang='grc' dir='ltr'>καὶ</span> <span class='ocrx_word' id='word_1_321' title='bbox 748 3978 867 4064; x_wconf 84' lang='grc' dir='ltr'>κέρδους</span> <span class='ocrx_word' id='word_1_322' title='bbox 888 3980 990 4064; x_wconf 81' lang='grc' dir='ltr'>χάριν]</span> <span class='ocrx_word' id='word_1_323' title='bbox 1017 3980 1119 4066; x_wconf 90' lang='lat' dir='ltr'>Apud</span> <span class='ocrx_word' id='word_1_324' title='bbox 1142 3981 1275 4066; x_wconf 84' lang='lat' dir='ltr'>tragicos</span> 
     </span>
     <span class='ocr_line' id='line_1_37' title="bbox 167 4081 1275 4164; baseline 0.005 -20"><span class='ocrx_word' id='word_1_325' title='bbox 167 4082 321 4145; x_wconf 85' lang='lat' dir='ltr'>contraria</span> <span class='ocrx_word' id='word_1_326' title='bbox 343 4096 416 4145; x_wconf 87' lang='lat' dir='ltr'>sunt</span> <span class='ocrx_word' id='word_1_327' title='bbox 439 4084 502 4162; x_wconf 88' lang='grc' dir='ltr'>δίκη</span> <span class='ocrx_word' id='word_1_328' title='bbox 524 4098 555 4146; x_wconf 87' lang='lat' dir='ltr'>et</span> <span class='ocrx_word' id='word_1_329' title='bbox 579 4081 690 4164; x_wconf 88' lang='grc' dir='ltr'>κέρδος.</span> <span class='ocrx_word' id='word_1_330' title='bbox 736 4083 851 4146; x_wconf 85' lang='lat' dir='ltr'>Noster</span> <span class='ocrx_word' id='word_1_331' title='bbox 868 4082 994 4146; x_wconf 88' lang='lat' dir='ltr'>Heracl.</span> <span class='ocrx_word' id='word_1_332' title='bbox 1011 4101 1038 4147; x_wconf 88' lang='lat'>2.</span> <span class='ocrx_word' id='word_1_333' title='bbox 1063 4084 1150 4161; x_wconf 75' lang='grc' dir='ltr'>ὁμέν</span> <span class='ocrx_word' id='word_1_334' title='bbox 1165 4084 1275 4150; x_wconf 87' lang='grc' dir='ltr'>δίκαιος</span> 
     </span>
     <span class='ocr_line' id='line_1_38' title="bbox 167 4171 1272 4273; baseline 0.005 -28"><span class='ocrx_word' id='word_1_335' title='bbox 167 4171 228 4250; x_wconf 83' lang='grc' dir='ltr'>τοῖς</span> <span class='ocrx_word' id='word_1_336' title='bbox 249 4182 344 4251; x_wconf 86' lang='grc' dir='ltr'>πέλας</span> <span class='ocrx_word' id='word_1_337' title='bbox 366 4183 471 4266; x_wconf 84' lang='grc' dir='ltr'>πέφυκ’</span> <span class='ocrx_word' id='word_1_338' title='bbox 496 4186 580 4267; x_wconf 81' lang='grc' dir='ltr'>ἀνὴρ,</span> <span class='ocrx_word' id='word_1_339' title='bbox 602 4184 606 4273; x_wconf 98' lang='grc' dir='ltr'>Ι</span> <span class='ocrx_word' id='word_1_340' title='bbox 626 4187 643 4247; x_wconf 90' lang='grc' dir='ltr'>δ</span> <span class='ocrx_word' id='word_1_341' title='bbox 666 4183 689 4248; x_wconf 89' lang='grc' dir='ltr'>δ’</span> <span class='ocrx_word' id='word_1_342' title='bbox 707 4187 737 4253; x_wconf 85' lang='grc' dir='ltr'>ές</span> <span class='ocrx_word' id='word_1_343' title='bbox 758 4185 791 4248; x_wconf 84' lang='grc' dir='ltr'>τὸ</span> <span class='ocrx_word' id='word_1_344' title='bbox 813 4183 914 4267; x_wconf 89' lang='grc' dir='ltr'>κέρδος</span> <span class='ocrx_word' id='word_1_345' title='bbox 926 4186 995 4266; x_wconf 78' lang='grc' dir='ltr'>λῆμ’</span> <span class='ocrx_word' id='word_1_346' title='bbox 1012 4185 1090 4267; x_wconf 85' lang='grc' dir='ltr'>έχων</span> <span class='ocrx_word' id='word_1_347' title='bbox 1105 4184 1272 4265; x_wconf 79' lang='grc' dir='ltr'>ἀνειμένον.</span> 
     </span>
     <span class='ocr_line' id='line_1_39' title="bbox 170 4285 1221 4373; baseline 0.004 -25"><span class='ocrx_word' id='word_1_348' title='bbox 170 4286 360 4373; x_wconf 80' lang='lat' dir='ltr'>Hypsipylae</span> <span class='ocrx_word' id='word_1_349' title='bbox 375 4287 415 4351; x_wconf 88' lang='lat' dir='ltr'>fr.</span> <span class='ocrx_word' id='word_1_350' title='bbox 432 4291 461 4349; x_wconf 88' lang='grc' dir='ltr'>ό.</span> <span class='ocrx_word' id='word_1_351' title='bbox 478 4296 578 4355; x_wconf 83' lang='grc' dir='ltr'>κακοῖς</span> <span class='ocrx_word' id='word_1_352' title='bbox 591 4287 625 4351; x_wconf 89' lang='grc' dir='ltr'>τδ</span> <span class='ocrx_word' id='word_1_353' title='bbox 643 4285 745 4369; x_wconf 86' lang='grc' dir='ltr'>κέρδος</span> <span class='ocrx_word' id='word_1_354' title='bbox 758 4289 811 4368; x_wconf 77' lang='grc' dir='ltr'>τῆς</span> <span class='ocrx_word' id='word_1_355' title='bbox 825 4290 904 4368; x_wconf 81' lang='grc' dir='ltr'>δίκης</span> <span class='ocrx_word' id='word_1_356' title='bbox 918 4286 1089 4369; x_wconf 86' lang='grc' dir='ltr'>ὑπέρτερον.</span> <span class='ocrx_word' id='word_1_357' title='bbox 1105 4289 1221 4352; x_wconf 84' lang='lat' dir='ltr'>ELM.</span> 
     </span>
    </p>

    <p class='ocr_par' dir='ltr' id='par_1_8' title="bbox 211 4387 1274 4476">
     <span class='ocr_line' id='line_1_40' title="bbox 211 4387 1274 4476; baseline 0.003 -24"><span class='ocrx_word' id='word_1_358' title='bbox 211 4390 262 4452; x_wconf 88' lang='lat'>88.</span> <span class='ocrx_word' id='word_1_359' title='bbox 284 4391 311 4452; x_wconf 82' lang='grc' dir='ltr'>εἰ</span> <span class='ocrx_word' id='word_1_360' title='bbox 324 4391 431 4454; x_wconf 85' lang='grc' dir='ltr'>τούσδε</span> <span class='ocrx_word' id='word_1_361' title='bbox 447 4391 475 4471; x_wconf 82' lang='grc' dir='ltr'>γ’</span> <span class='ocrx_word' id='word_1_362' title='bbox 491 4390 577 4470; x_wconf 82' lang='grc' dir='ltr'>εὐνῆς</span> <span class='ocrx_word' id='word_1_363' title='bbox 592 4387 688 4454; x_wconf 78' lang='grc' dir='ltr'>οὕνεκ’</span> <span class='ocrx_word' id='word_1_364' title='bbox 703 4389 739 4453; x_wconf 80' lang='grc' dir='ltr'>οὔ</span> <span class='ocrx_word' id='word_1_365' title='bbox 754 4387 875 4474; x_wconf 87' lang='grc' dir='ltr'>στέργει</span> <span class='ocrx_word' id='word_1_366' title='bbox 890 4390 999 4474; x_wconf 75' lang='grc' dir='ltr'>πατήρ]</span> <span class='ocrx_word' id='word_1_367' title='bbox 1019 4391 1168 4476; x_wconf 85' lang='lat' dir='ltr'>Ineptum</span> <span class='ocrx_word' id='word_1_368' title='bbox 1185 4390 1274 4455; x_wconf 85' lang='lat' dir='ltr'>addi-</span> 
     </span>
    </p>
   </div>
   <div class='ocr_carea' id='block_1_3' title="bbox 695 4510 748 4577">
    <p class='ocr_par' dir='ltr' id='par_1_9' title="bbox 695 4510 748 4577">
     <span class='ocr_line' id='line_1_41' title="bbox 695 4510 748 4577; baseline 0 0"><span class='ocrx_word' id='word_1_369' title='bbox 695 4510 748 4577; x_wconf 84' lang='lat'>⁰3</span> 
     </span>
    </p>
   </div>
   <div class='ocr_carea' id='block_1_4' title="bbox 0 0 1436 4914">
    <p class='ocr_par' dir='ltr' id='par_1_10' title="bbox 0 0 1436 4914">
     <span class='ocr_line' id='line_1_42' title="bbox 0 0 1436 4914; baseline 0 0"><span class='ocrx_word' id='word_1_370' title='bbox 0 0 1436 4914; x_wconf 95' lang='lat' dir='ltr'> </span> 
     </span>
    </p>
   </div>
  </div>
 </body>
</html>
