2864 4914
182 275 225 342 64
545 277 924 342 ANNOTATIONES

180 448 379 512 commodum
407 468 542 524 sensum,
566 447 630 512 imo
655 471 694 512 ne
717 470 840 512 sensum
865 446 992 534 quidem
1019 446 1124 510 babet.
1169 445 1287 530 ltaque

175 551 243 638 jam
266 549 386 637 antiqui
410 549 441 612 in
462 572 498 614 ea
514 549 723 638 trepidarunt,
738 549 806 614 aliis
826 556 959 631 βροτοῖς,
974 547 1022 611 vel
1044 554 1173 629 βροτῶν,
1189 562 1225 612 ιιι
1240 562 1287 611 est

180 653 212 717 in
229 654 315 716 Flor.
333 671 384 729 21,
400 651 672 718 substituentibus.
720 655 820 717 Porro
840 651 871 716 in
895 649 996 716 verbis
1016 653 1049 715 ἐκ
1066 656 1125 714 τῶν
1140 650 1287 732 νυκτέρων

181 757 316 837 φίλτρων
329 755 455 835 μεγίστη
470 756 605 836 γίγνεται
618 760 740 837 βροτοῖς
758 754 845 838 χάρις
867 753 1019 819 neminem
1036 753 1159 817 haesisse
1179 751 1284 816 tniror.

181 860 294 939 φίλτρα
308 857 390 920 enim
406 878 561 942 nusquam
584 856 645 921 alio
660 880 751 921 sensu
766 872 946 932 occurrunt,
964 855 1022 920 nisi
1043 871 1080 920 ut
1098 854 1159 919 sint
1173 853 1287 918 amoris

181 957 347 1034 illecebrae,
362 980 410 1036 ea,
426 981 500 1044 quae
521 958 561 1021 ad
584 982 720 1025 amorem
744 958 905 1046 pelliciunt
924 957 972 1021 vel
992 957 1140 1036 excitant,
1156 956 1206 1021 vel
1226 955 1287 1020 viae

183 1060 339 1126 excitandi
364 1060 488 1135 amoris,
512 1085 574 1125 non
598 1085 685 1127 amor
706 1061 773 1149 ipse
795 1059 844 1125 vel
867 1059 1063 1125 concubitus.
1106 1059 1286 1125 Concubitu

182 1164 311 1252 quidem
328 1179 439 1229 mutua
454 1165 561 1229 uxoris
581 1180 614 1230 et
633 1164 735 1229 mariti
758 1163 983 1240 benevolentia,
999 1162 1098 1247 χάρις,
1112 1162 1161 1228 vel
1183 1163 1287 1250 parari

181 1268 231 1332 vel
253 1268 363 1356 augeri
386 1282 506 1356 potest3
531 1286 563 1332 at
586 1271 619 1332 ἐκ
642 1275 701 1332 τῶν
723 1267 870 1348 νυκτέρων
889 1267 1023 1348 φίλτρων
1044 1265 1131 1349 χάρις
1152 1268 1288 1349 γίγνεται

182 1368 260 1434 nihil
274 1370 360 1434 aliud
376 1385 433 1446 est,
450 1369 507 1433 nisi
526 1369 640 1432 amoris
662 1367 795 1456 parandi
812 1366 867 1431 viis
884 1389 972 1431 amor
987 1366 1130 1432 efficitur.
1172 1370 1288 1455 Itaque

183 1471 208 1536 si
228 1474 402 1559 legeretur:
428 1474 461 1536 ἐκ
483 1476 535 1536 τοῦ
556 1474 665 1535 σκότον
687 1474 745 1554 γάρ
769 1470 915 1552 νυκτέρων
937 1470 962 1534 τ’
979 1470 1184 1553 ἀσπασμάτων
1208 1475 1286 1537 ‹nu-

183 1601 261 1658 τρων
281 1577 409 1658 μεγίστη
431 1576 566 1657 γίγνεται
592 1580 714 1655 βροτοῖς
739 1572 834 1656 χάρις,
858 1586 894 1636 ut
914 1574 1128 1660 jungerentur
1152 1578 1287 1657 φίλτρων

183 1677 280 1762 χάρις,
301 1677 486 1742 haberemus
507 1691 602 1753 certe,
618 1675 704 1763 quod
726 1674 858 1762 intelligi
879 1692 996 1763 posset.
1037 1676 1099 1741 Sed
1121 1677 1286 1742 vehemen-

182 1792 372 1858 terrerem,
395 1803 434 1843 ne
456 1778 488 1842 in
512 1778 560 1842 his
578 1777 719 1842 versibus
737 1776 940 1843 emendandis
959 1802 1085 1866 operam
1107 1780 1287 1868 perdamus.

183 1885 258 1947 Jam
280 1882 348 1968 ipsa
371 1880 511 1945 lectionis
534 1878 666 1943 varietas
689 1896 868 1966 suspectum
892 1880 994 1945 locum
1015 1882 1146 1947 reddere
1165 1883 1287 1948 debuit.

183 1983 310 2048 Deinde
333 1983 358 2048 si
375 2007 484 2048 versus
500 1985 683 2068 826-830.
698 2005 769 2046 cum
788 2006 817 2045 v.
833 1984 905 2068 833.
923 1984 996 2069 834.
1010 2007 1180 2071 compares,
1197 1988 1286 2072 Aga·

183 2087 356 2152 memnonis
378 2110 449 2152 cum
476 2085 652 2151 Cassandra
673 2085 927 2150 consuetudinem
953 2109 991 2150 eo
1016 2103 1137 2153 tanturn
1161 2087 1288 2153 consilio

184 2212 425 2255 commemorare
455 2188 581 2252 videtur
607 2188 754 2265 Hecuba,
780 2202 816 2252 ut
842 2188 1036 2275 Polydorum
1067 2188 1189 2253 affinem
1220 2190 1288 2276 ejus

183 2315 249 2356 esse
279 2292 482 2370 demonstret,
506 2313 643 2377 eumque
666 2291 705 2354 ad
731 2290 876 2377 injuriam
902 2307 1031 2379 propter
1053 2291 1133 2356 banc
1158 2291 1288 2357 affinita-

186 2409 248 2459 tem
266 2394 483 2460 vintlicandam
500 2393 631 2469 excitet;
657 2394 711 2458 sed
726 2416 834 2457 versus
850 2394 923 2477 831.
937 2394 1010 2479 832.
1027 2416 1126 2480 quum
1144 2393 1175 2457 in
1194 2394 1286 2458 bene-

186 2495 322 2561 volentia
335 2521 353 2561 e
366 2496 535 2562 concubitu
550 2496 623 2560 oriri
644 2495 732 2560 solita
746 2510 918 2572 morentur,
934 2496 1155 2561 sententiarum
1171 2519 1288 2562 nexum

183 2596 395 2686 interpellant,
416 2616 448 2665 et
472 2624 510 2664 eo
532 2599 720 2684 detorquent
743 2597 837 2661 verba
859 2612 972 2685 poetar,
995 2615 1041 2678 ut,
1062 2599 1148 2686 quod
1169 2598 1221 2664 ille
1240 2624 1288 2664 ae·

184 2701 369 2767 cundarium
393 2725 458 2766 esse
478 2701 589 2780 voluit,
608 2699 788 2787 primarium
805 2723 871 2764 esse
889 2701 1042 2767 videatur.
1089 2704 1204 2788 Itaque
1225 2726 1287 2768 non

184 2802 310 2882 dubito,
333 2804 409 2890 quin
435 2829 465 2868 v.
490 2805 563 2889 831.
589 2805 663 2889 832.
686 2825 706 2866 a
730 2805 813 2867 mala
835 2826 930 2867 mauu
953 2803 1053 2869 additi
1077 2804 1151 2869 sint.
1198 2808 1289 2871 Cete-

184 2929 255 2971 rum
286 2929 345 2995 pro
373 2910 506 2984 σκότους,
533 2906 619 2994 quod
643 2923 689 2971 est
715 2906 746 2970 in
772 2907 861 2987 Ald.‚
885 2923 1001 2994 septem
1029 2908 1123 2974 codd.
1147 2910 1289 2997 praebent

185 3009 322 3075 σκάτου.”

230 3114 304 3199 833.
331 3113 367 3192 uri
391 3137 445 3176 νυν
469 3111 625 3177 Matthiae.
672 3111 874 3177 Scribebatur
897 3112 932 3192 δὴ
956 3118 1021 3178 υῦν.
1055 3116 1156 3178 τοίνυν
1182 3115 1287 3200 Mosq.

187 3237 278 3279 unus.

230 3317 302 3402 839.
319 3317 442 3401 ὁμαρτῇ]
462 3318 573 3398 ὁμαρτῇ
589 3316 668 3380 Ald.
685 3331 717 3381 et
731 3340 804 3404 pars
817 3317 970 3383 codicum.

230 3420 345 3506 ἔχοιτο]
363 3419 481 3502 ἔχοιντο
498 3420 534 3481 Β.
551 3416 666 3505 aliique
680 3419 783 3484 multi.

229 3518 395 3604 γουνάτων]
415 3518 551 3602 γονάτων
565 3519 631 3584 duo
644 3520 736 3587 codd.

230 3623 304 3702 840.
320 3623 399 3686 Post
411 3623 521 3703 λόγους
534 3621 603 3687 colo
617 3639 663 3688 est
676 3622 945 3711 distinguendum.

232 3730 307 3808 842.
329 3724 485 3809 παράσχες
510 3727 554 3791 Is.
570 3729 706 3793 Vossius.
746 3730 836 3794 Libri
861 3731 1010 3814 τάρασχε,
1034 3730 1135 3796 forma
1158 3733 1290 3801 barbara

186 3831 228 3896 ab
243 3827 375 3894 librariis
389 3826 546 3892 interdum
563 3828 655 3894 illata.
702 3830 855 3895 Codicum
870 3854 943 3918 quae
958 3832 997 3896 sit
1010 3833 1042 3896 in
1059 3833 1117 3899 bac
1137 3858 1170 3900 re
1183 3852 1290 3904 aucto-

186 3935 263 3999 ritas
274 3954 314 3997 ex
329 3930 449 3995 Orestis
462 3954 492 3992 v.
512 3949 606 4016 1337.
623 3933 769 3997 aestimari
788 3946 892 4020 potest
906 3933 976 3998 ἀλλ’
993 3939 1064 4001 ἐλθὲ
1079 3941 1127 4003 καὶ
1140 3941 1290 4026 μετάσχες

187 4038 300 4103 ίκεσίος
327 4035 424 4119 χερός·
460 4033 515 4097 ubi
546 4035 592 4096 H.
617 4032 731 4123 aliique
760 4035 901 4101 nonnulli
930 4060 1001 4102 cum
1034 4040 1111 4106 Ald.
1142 4043 1289 4127 μέτασχε.

187 4140 330 4222 Κάτασχε
344 4159 383 4200 ex
400 4135 567 4220 κατάσχεθε
581 4153 763 4224 corruptum
778 4136 942 4225 legebatur
958 4141 1054 4206 Herc.
1069 4143 1093 4206 l'.
1108 4163 1202 4211 1210.

231 4243 305 4322 846.
321 4240 490 4324 συμπίτνει]
510 4237 712 4303 Scribebatur
726 4246 891 4320 ουμττιτνκῖ.

232 4346 306 4429 847.
330 4343 378 4407 καὶ
391 4345 444 4409 τὸς
457 4339 591 4423 ἀνάγκας
612 4343 642 4404 ot
663 4342 748 4422 νόμοι
767 4343 923 4430 διώρισαν]
949 4347 1030 4412 Haec
1052 4363 1100 4413 est
1113 4348 1198 4413 chori
1218 4371 1289 4413 sen·

191 4447 299 4526 tentia,
320 4444 427 4533 prouti
452 4465 536 4508 nunc
558 4441 617 4505 hoc
638 4463 722 4507 nunc
743 4441 821 4507 illud
842 4444 965 4530 justum
993 4463 1051 4529 est,
1075 4448 1166 4515 aliam
1193 4464 1289 4538 atque
