2864 4914
162 277 228 341 sta
520 273 901 340 ANNOTATIONES

160 444 276 511 Αὐλίδι.
319 445 404 510 Nam
423 444 595 535 thymum
610 443 938 511 memorationem
960 441 1003 509 ad
1026 440 1137 530 Iphig.
1162 442 1271 508 Taur.

161 570 193 612 r.
216 547 311 633 1058.
333 546 527 612 referendam
549 570 617 612 esse
638 568 712 613 cum
738 545 889 634 Barglaro
909 544 1062 611 existimo
1107 543 1272 610 Omnium

159 664 266 715 autem
285 647 441 713 levissima
453 646 530 714 mihi
543 648 673 736 quidem
690 671 758 715 aas
770 648 934 733 videntur,
942 668 1019 736 que
1039 645 1231 713 Bocchhius
1251 669 1273 712 a

160 773 233 838 pag.
248 751 322 834 276,
335 749 538 816 Valukenaerii
554 750 733 838 exemplum
754 763 892 829 secutus,
906 772 926 815 a
938 748 1070 837 singulis
1083 748 1222 815 vocibus
1236 762 1273 814 et

160 852 291 919 dirersis
304 851 489 918 lectiouihtm
500 853 590 940 petiit
600 850 911 941 argumenta.·---··-.d
938 851 1098 939 Denique,
1109 864 1149 916 ut
1156 849 1272 938 dupli·

160 977 228 1020 cem
242 954 340 1020 fuisse
362 953 539 1042 Iphigenia·
554 954 634 1020 Aul.
649 954 857 1020 recensionem
871 953 968 1020 luisse
983 952 1191 1032 demmstret,
1205 952 1271 1018 hoo

160 1054 254 1120 etiam
276 1071 464 1142 argumento
485 1055 586 1121 utitur
605 1055 745 1120 Boeclrh.
760 1077 792 1142 p.
810 1072 881 1120 221.
897 1054 997 1142 quod,
1010 1075 1111 1140 quum
1133 1051 1198 1117 iu·
1220 1051 1271 1117 fa-

160 1155 238 1222 bula
260 1156 430 1222 necessario
449 1173 524 1223 ante
546 1157 715 1223 Tauricam
738 1157 832 1222 docta
851 1179 918 1221 esse
938 1155 1063 1234 debeat,
1084 1152 1211 1242 quippe
1233 1153 1271 1219 io

160 1281 226 1347 qua
239 1257 298 1324 loci
312 1260 508 1347 reperiantur
528 1273 670 1347 respectu
686 1258 871 1324 Aulidensis
890 1256 1065 1344 compositi,
1081 1270 1118 1321 ut
1134 1272 1215 1322 ante
1235 1271 1270 1322 et

160 1361 285 1449 scriptae
304 1376 339 1428 et
359 1376 448 1440 actae,
471 1361 611 1427 Taurica
629 1384 704 1427 vero
720 1375 793 1427 aute
816 1363 924 1426 Ranas
945 1359 1177 1448 Aristophanis,
1199 1359 1222 1423 i.
1239 1382 1271 1425 e.

160 1478 234 1530 ante
256 1464 307 1530 Ol.
331 1484 385 1551 93,
408 1484 439 1550 3.
460 1480 531 1530 ecta
555 1465 606 1543 sit,
630 1480 667 1530 ut
688 1488 727 1530 ex
747 1488 785 1530 eo
809 1487 971 1553 apparete,
989 1462 1077 1551 quod
1100 1462 1134 1527 in
1161 1463 1271 1528 Rastia

160 1591 191 1630 v.
214 1586 309 1653 1232.
331 1567 496 1633 exordium
520 1568 668 1633 Tauricae
687 1568 928 1656 perstringatur,
949 1565 1134 1635 Aulidensis
1155 1581 1271 1631 tamen

160 1684 233 1757 post
247 1683 378 1734 mortem
393 1668 570 1757 Euripidis,
588 1669 610 1734 i.
625 1694 653 1735 e.
667 1685 740 1758 post
753 1670 805 1737 01.
821 1690 876 1756 93,
893 1689 921 1735 a.
941 1684 1011 1735 acta
1026 1691 1093 1734 esse
1105 1667 1228 1734 diserte
1249 1692 1271 1735 a

161 1770 259 1836 schol.
282 1770 446 1857 Aristoph.
473 1771 556 1835 Rau.
575 1774 627 1854 67.
656 1787 801 1837 nametur
826 1795 890 1837 una
917 1793 989 1837 cum
1016 1769 1207 1836 Alcmaeone
1235 1784 1272 1836 et

162 1872 304 1938 Bacchis.
349 1871 428 1937 Loci
443 1872 603 1952 Tauricae,
616 1895 696 1959 quos
716 1888 858 1961 respectu
876 1872 1056 1937 Aulidensis
1073 1873 1271 1960 compositos

161 1998 227 2041 ease
249 1974 324 2039 dicit
346 1974 500 2053 Boeckh.,
522 1989 597 2042 sunt
620 1998 650 2040 v.
668 1977 849 2059 208-217.
872 1989 1054 2061 ugo-235.
1074 1973 1198 2061 quibus
1220 1997 1270 2057 re·

162 2077 238 2167 spici
252 2078 400 2166 opinatur
415 2078 489 2166 Iph.
505 2078 617 2144 Aulid.
633 2103 664 2144 v.
681 2080 864 2164 607-632.
882 2098 1019 2164 quorum
1034 2077 1173 2141 locorum
1190 2100 1271 2164 quae

162 2180 334 2247 similitudo
355 2181 406 2259 sit,
424 2182 483 2246 nisi
502 2180 534 2245 in
555 2205 593 2246 eo
612 2180 724 2267 posita,
743 2180 830 2267 quod
854 2195 990 2266 utroque
1011 2180 1079 2247 loco
1093 2178 1273 2267 Iphigenia

161 2306 257 2350 curru
285 2283 434 2349 Aulidem
460 2283 591 2350 advecta
616 2282 792 2371 etAchitli
816 2281 981 2360 destinate,
1004 2282 1134 2346 Orestes
1155 2296 1271 2348 autem

162 2403 250 2452 tener
271 2385 376 2451 adhuc
392 2401 426 2452 et
443 2384 550 2451 matris
571 2385 653 2451 ulnis
674 2384 773 2451 foveri
792 2384 925 2461 dicatur,
941 2405 1003 2448 non
1020 2382 1119 2448 rideo.
1163 2385 1272 2463 eri

162 2512 238 2554 vero
252 2488 311 2553 hoc
324 2489 356 2552 in
373 2489 512 2554 Taurino
526 2488 629 2553 dicere
650 2511 713 2553 non
735 2486 888 2575 potuisset
908 2484 1089 2572 Euripides,
1102 2485 1230 2574 quippe
1250 2511 1272 2552 ο

163 2591 247 2657 fama
268 2590 412 2678 populari
434 2605 609 2676 acceptum,
630 2590 688 2655 nisi
710 2602 802 2655 antea
823 2590 905 2654 idem
925 2589 958 2653 in
976 2587 1144 2655 Aulidensi
1164 2589 1271 2655 dixis·

164 2710 211 2758 set
221 2699 251 2759 ge
274 2693 383 2758 Minor
396 2715 471 2756 vero
485 2691 578 2756 etiam
593 2692 765 2757 similitudo
779 2692 942 2758 intercedit
958 2693 1040 2758 inter
1054 2692 1158 2758 locum
1174 2695 1269 2760 Tau·

164 2795 237 2859 ricoe
251 2819 282 2857 v.
297 2797 479 2880 361-377.
498 2809 530 2857 et
543 2793 727 2859 Aulideusis
743 2818 773 2859 v.
793 2812 1016 2881 1211—1252.
1062 2797 1103 2859 Iu
1127 2810 1271 2884 utroque

162 2896 291 2982 quidem
309 2895 475 2983 Iphigenia
490 2910 614 2982 precata
629 2920 695 2961 esse
709 2896 825 2961 dicitur
843 2910 1030 2983 patremne
1049 2920 1082 2960 se
1100 2896 1270 2963 immolan-

163 2997 235 3062 dam
258 2997 438 3078 abduceret,
453 3013 485 3063 et
499 2999 530 3061 in
546 3014 681 3086 utroque
695 3014 727 3065 et
737 3015 878 3064 mentum
901 3012 933 3065 et
953 3023 1058 3086 genua
1079 3000 1179 3087 patris
1200 3023 1270 3066 ιω·

163 3100 321 3187 plectitur.
365 3103 414 3166 At
428 3101 459 3166 iu
476 3102 624 3167 Tauricae
638 3102 705 3166 loco
721 3101 962 3188 Clytaemnestra
976 3120 1008 3167 et
1022 3104 1151 3168 Orestes
1165 3105 1271 3191 Argis

163 3203 357 3282 remansisse,
379 3203 458 3269 dum
481 3205 600 3269 Aulide
622 3203 800 3268 immolatur
825 3204 1003 3292 Iphigenia,
1025 3206 1206 3292 linguntur,
1232 3221 1272 3272 ut

163 3329 230 3370 rem
243 3319 350 3371 narrat
363 3306 455 3370 etiam
473 3307 594 3393 Hygia.
611 3305 674 3371 fab.
691 3308 744 3391 98,
759 3306 791 3370 iu
805 3307 971 3373 Aulidensi
994 3309 1062 3396 ipsa
1081 3323 1182 3373 ntaoer
1195 3333 1270 3375 eam

164 3407 316 3474 Aulidem
339 3407 524 3472 adduxisse:
548 3408 580 3472 in
601 3406 653 3471 illa
676 3409 768 3490 ἱερεὺς
787 3409 825 3487 ἦν
843 3413 859 3473 ὁ
877 3410 1026 3492 γεννήσας
1047 3409 1155 3492 πατήρ,
1175 3412 1269 3498 quod

162 3513 204 3578 ab
219 3509 465 3598 Agamemnonis
487 3511 622 3597 iugenio,
641 3510 733 3596 quale
754 3510 786 3574 in
809 3511 977 3577 Aulideusi
999 3512 1178 3591 exhibetur,
1197 3527 1271 3579 toto

162 3614 242 3680 coelo
260 3612 418 3678 abhorret.
464 3612 563 3677 Haud
582 3611 715 3677 dubium
737 3627 796 3692 est,
815 3613 919 3700 inquit
937 3614 1116 3679 Boeckhius
1137 3638 1171 3702 p.
1188 3635 1270 3703 223,

162 3714 239 3802 quin
255 3712 440 3778 Aulidensis
461 3712 554 3778 docta
572 3713 612 3778 sit
634 3728 707 3778 aute
723 3714 905 3793 Tauricam,
921 3733 959 3780 ut
975 3730 1048 3780 ante
1067 3730 1114 3780 est
1136 3716 1270 3804 scripta,

161 3831 234 3881 aute
248 3815 352 3880 animo
366 3833 533 3904 concepta3
557 3819 617 3881 hoc
630 3815 688 3880 uisi
704 3833 794 3895 esset,
809 3816 981 3906 Euripides
993 3831 1101 3883 contra
1115 3831 1272 3886 naturam

162 3916 329 3997 docuisset,
353 3917 533 4007 scripsisset,
555 3918 728 4006 cogitasset.
775 3920 863 3985 Num
892 3920 989 4008 igitur
1010 3919 1144 3986 Bacchae
1169 3923 1273 3990 etiam

195 4122 210 4163 ‘¹
227 4121 307 4171 Omisi
318 4139 371 4185 qum
382 4124 413 4172 de
423 4124 524 4188 singtilis
534 4122 677 4184 quibusdam
687 4121 744 4171 locis
760 4122 853 4172 addidit
864 4122 986 4184 Matthias,
997 4139 1073 4186 quum
1090 4122 1163 4172 hodia
1178 4127 1275 4176 melius

161 4203 258 4267 mgnlts
268 4204 376 4254 ωᾱίαιω
386 4204 545 4266 adiuouisqus
555 4201 653 4250 Aldina
669 4203 763 4251 rsu'oue
778 4219 829 4252 uon
845 4220 905 4268 opus
918 4206 1030 4255 rideatur
1045 4204 1156 4268 pluribus
1171 4206 1206 4255 de
1224 4208 1275 4259 hoc

278 4285 283 4297 '
300 4285 315 4333 ⁸.
333 4284 364 4332 G.
404 4318 412 4334 .

161 4287 326 4416 modiin
334 4368 366 4416 ed
377 4285 428 4415 linc
438 4366 501 4428 quod
513 4380 596 4415 rerum
613 4365 746 4429 lphigsuia
757 4365 897 4416 Aulidnir
907 4365 1046 4430 607-632.
1061 4383 1093 4417 ue
1107 4368 1195 4431 scripti
1212 4373 1274 4435 qut.

161 4450 217 4498 dem
227 4449 258 4497 ab
269 4447 386 4511 Euripide
395 4455 461 4496 mut.
479 4448 510 4495 0.
522 4446 555 4494 D.
