2864 4914
496 265 566 330 AD
589 266 877 332 PHOENISSAS.
1178 265 1244 334 tot

185 435 256 502 266.
280 437 399 502 κάκεῖσε
414 436 462 500 καὶ
477 436 511 500 τδ
526 438 625 522 δεῦρο]
649 437 702 501 Ex
717 436 765 502 his
779 458 927 524 expresso
940 458 1006 502 esse
1020 435 1244 523 Aristophanis

90 558 94 564 ·
139 537 235 603 verba
249 541 314 604 Av.
328 557 371 620 42
372 553 404 624 5.
420 541 462 602 σδ
475 543 567 604 ταῦτα
581 539 680 605 πάντα
695 542 742 606 καὶ
756 540 790 604 τδ
804 544 875 621 τῇδε
894 541 942 604 καὶ
960 539 993 603 τὸ
1009 545 1091 605 κεῖσε
1104 539 1244 628 conjece-

141 652 189 703 rat
202 639 417 728 Asclepiades,
432 654 463 705 et
478 642 607 728 quidem
631 645 663 708 έκ
685 650 744 707 τῶν
764 642 884 724 μηδέπω
906 647 1102 726 διδαχθεισῶν
1121 647 1244 708 Φοινισ-

140 747 213 816 σῶν,
230 758 266 807 ut
279 755 384 807 narrat
399 743 563 810 scholiasta
577 744 809 832 Aristophanis,
839 747 920 823 Quae
933 746 1112 832 conjectura
1126 743 1242 809 funda-

140 858 246 908 mento
267 844 378 910 nititur
399 869 512 933 parum
533 846 647 912 idoneo
668 846 701 911 in
724 847 826 912 forma
847 847 996 934 loquendi
1021 864 1084 912 tam
1106 847 1231 936 vulgari

139 967 212 1032 quae
227 945 309 1011 redit
322 947 404 1012 infra
418 972 447 1012 v.
460 968 535 1034 315.

184 1047 414 1133 269.l1Guelf.
452 1049 596 1138 Vulgari.

184 1165 256 1232 270.
280 1154 426 1238 τολμῶσι]
452 1153 494 1217 Id
516 1167 563 1218 est
584 1155 718 1235 τολμηρὰ
739 1152 919 1235 πράσσουσι,
937 1169 973 1218 ut
989 1153 1124 1241 explicat
1146 1154 1242 1220 schol.

61 1285 67 1296 ι
140 1251 217 1316 Duo
231 1253 322 1319 codd.
337 1261 400 1323 τοῖς
413 1262 556 1337 τολμῶσι.
591 1259 628 1321 sd
643 1263 773 1321 πλεῖστα
787 1259 845 1339 γὰρ
865 1262 996 1336 τολμῶσι
1011 1261 1093 1322 δεινδ
1107 1260 1243 1341 γίγνεται

139 1355 339 1443 Nicephorus
354 1358 439 1423 Hist.
453 1360 533 1445 Byz.
549 1382 580 1446 p.
596 1359 671 1444 638,
689 1373 718 1441 7.
733 1358 783 1422 ed.
800 1359 902 1422 Bonn.

183 1474 256 1542 277.
286 1464 364 1527 τίνες
393 1462 573 1549 ἐφεστᾶσιν]
604 1464 656 1527 τὰς
683 1462 857 1542 έφεστιόσας
886 1459 1007 1545 aliquot
1030 1461 1121 1525 codd.
1160 1464 1242 1528 Haec

137 1560 230 1627 lectio
243 1574 349 1627 ortae
371 1586 433 1628 non
456 1564 613 1628 intellecta
626 1562 783 1627 locutione
802 1565 881 1631 τίνες
903 1566 1070 1646 ἐφεστᾶσιν
1089 1588 1148 1652 pro
1165 1567 1243 1634 τίνες

139 1664 227 1728 αὗταί
240 1668 318 1730 εἰσιν
333 1667 364 1730 ol
380 1668 554 1748 ἐφεστᾶσιν.
580 1666 772 1730 ΜΑΤΤΗ.

181 1765 296 1853 δόμοις]
313 1766 419 1848 δόμους
432 1767 524 1832 οοόό.
539 1790 603 1832 sex.

184 1870 256 1950 278.
272 1870 370 1956 ξέναι]
386 1878 481 1950 ξεῖναι
495 1870 587 1935 codd.
602 1892 666 1934 sex.

185 1973 257 2056 285.
280 1974 391 2037 Oratio
405 1989 451 2039 est
466 1971 678 2046 δνοκόλσυθος,
695 1994 754 2059 pro
767 1970 890 2051 μέλλων
912 1975 945 2038 δὲ
967 1972 1096 2054 πέμπειν
1115 1974 1143 2058 μ’
1160 1979 1242 2041 out

138 2099 197 2138 που
226 2076 342 2143 κλεινός
370 2073 460 2158 γόνος
492 2077 625 2154 ἐκωλύθη
654 2075 693 2160 τῷ
727 2075 794 2142 τοὺς
821 2073 975 2158 Ἀργείους
1005 2079 1240 2160 ἐπιστρατεῦσαι

139 2177 333 2241 ΜΑΤΤΗ.

184 2279 258 2364 285.
279 2277 383 2367 πόλιν]
408 2278 498 2344 πόλει
520 2278 708 2346 Eustathius
729 2301 761 2361 p.
778 2282 852 2364 236,
867 2283 920 2365 36.
941 2279 1097 2346 indicante
1111 2281 1241 2346 Valcke-

139 2380 248 2460 naerio,
271 2381 326 2468 qui
356 2398 523 2468 utramque
551 2380 812 2445 constructionem
840 2381 970 2468 probam
1000 2405 1066 2446 esse
1095 2383 1240 2450 ostendit.

141 2484 234 2549 Cant.
259 2482 357 2552 πόλις.
395 2484 458 2550 Sed
481 2484 573 2550 πόλιν
595 2482 773 2548 scholiastes
798 2483 934 2548 ineditus
952 2483 993 2548 ad
1015 2485 1078 2550 Od.
1101 2491 1144 2549 M.
1171 2486 1240 2550 181.

140 2587 256 2775 P(dido,
273 2688 457 2776 Πολυνείκη]
476 2687 676 2754 Scribebatur
690 2689 887 2770 Πολυνείκην.

184 2812 257 2878 293.
272 2793 457 2877 προσπίτνω]
477 2791 567 2857 Libri
582 2797 762 2875 προσπιτνῶ.

185 2911 257 2980 295.
275 2895 349 2974 ἔβας
363 2893 449 2959 Flos.
466 2917 557 2959 unus.
596 2893 778 2981 Legebatur
792 2893 867 2974 ἔβας
881 2894 965 2975 ἔβας.

182 3005 274 3081 γαῖαν
286 2995 423 3084 positum
437 3019 476 3060 ex
492 2996 578 3060 Flor.
593 2995 713 3060 eodem.
750 2997 977 3062 Revocandnm
992 2996 1156 3085 vulgatum
1172 3002 1240 3081 γᾶν.

141 3103 256 3166 Versus
270 3114 317 3164 est
328 3098 521 3163 bacchiacus.

185 3207 257 3289 296.
281 3204 315 3267 ίδ
329 3199 421 3265 semel
443 3199 535 3266 codd.
553 3198 705 3287 plerique.
737 3200 771 3263 ἰδ
787 3201 821 3264 hh
837 3203 882 3264 Η.
898 3200 975 3265 Ald.
1014 3202 1113 3264 Recte
1134 3216 1239 3265 autem

139 3307 208 3371 haec
229 3305 325 3370 verbs
347 3326 448 3390 usque
471 3302 510 3367 ad
531 3304 629 3370 πύλας
652 3301 684 3366 in
710 3325 809 3366 unum
829 3325 951 3367 versum
975 3302 1138 3390 conjungit
1161 3302 1239 3368 Ald.

139 3410 196 3497 qui
223 3425 270 3473 est
297 3405 497 3472 dochmiacus
526 3404 658 3469 dimeter
686 3405 847 3491 praemisso
875 3404 960 3492 quod
990 3420 1080 3470 extra
1105 3421 1239 3470 metrum

137 3526 184 3576 est
199 3513 244 3576 ίό.

181 3611 346 3697 πρόδρομος
357 3612 448 3678 codd.
463 3610 565 3676 multi.
588 3609 667 3689 Alii,
678 3608 759 3674 inter
769 3631 850 3695 quos
863 3610 902 3684 Β,
914 3607 1060 3691 πρόδομος
1074 3633 1145 3674 cum
1159 3610 1239 3677 Ald.

181 3716 356 3799 ἀμπέτασον
370 3718 530 3780 Potsonus
543 3714 584 3777 ad
599 3737 630 3778 v.
647 3729 740 3797 1425.
757 3710 948 3776 ἀναπέτασον
962 3710 1042 3776 libri.

183 3824 307 3906 298-3
311 3841 364 3905 54.
383 3822 527 3886 κλόεις-
546 3817 552 3905 Ι
569 3819 758 3899 ὑπόροφα-
777 3813 781 3903 Ι
801 3816 1013 3879 Φοίνισσαν-
1031 3821 1037 3902 Ι
1056 3814 1197 3896 δόμων-
1215 3817 1220 3904 Ι

138 3924 259 3990 ἔλιιω-
277 3923 282 4010 Ι
302 3922 404 3986 σδν-
422 3920 427 4009 Ι
447 3923 668 4003 ὰμφίβιιλλε-
687 3917 692 4006 Ι
711 3920 902 4000 παρηίδων-
921 3915 926 4000 Ι
945 3914 1144 3998 πλόκαμον-
1162 3919 1169 4006 Ι
1206 3923 1240 3985 ἰὼ

139 4028 173 4091 to
186 4062 231 4074 -
248 4024 254 4112 Ι
272 4025 439 4107 ματρὸς-
457 4023 462 4111 Ι
482 4025 531 4088 καὶ
550 4023 638 4107 χερσὶ
653 4055 694 4069 -
715 4021 721 4108 Ι
741 4023 839 4085 έκεῖσε
853 4057 896 4067 -
915 4017 920 4105 Ι
939 4025 1069 4088 παλαιᾶς
1083 4059 1127 4071 -
1145 4021 1152 4108 Ι
1172 4025 1238 4104 ἔρη.

136 4154 250 4211 μον-
267 4126 273 4214 Ι
293 4131 443 4211 φνγδς-
459 4126 468 4215 Ι
486 4126 505 4207 ἦ
522 4152 555 4190 π.
573 4127 729 4207 φίλοις-
746 4122 752 4211 Ι
771 4125 896 4187 δθεν-
914 4121 919 4208 Ι
940 4122 1197 4204 δοκρυόεσσαν-
1215 4128 1221 4210 Ι

137 4233 330 4298 ἄπεπλος-
347 4229 354 4318 Ι
373 4232 560 4312 δυσορφναία
571 4265 612 4279 -
631 4229 637 4316 Ι
656 4230 818 4308 ἀμείβομαι
832 4261 875 4274 -·-
894 4225 899 4313 Ι
918 4228 1138 4309 ὀμματοστερὴς
1151 4267 1197 4279 -
1215 4227 1220 4314 Ι

136 4340 242 4403 τᾶς-
262 4332 267 4421 Ι
287 4335 399 4400 αίεὶ-
417 4334 423 4421 Ι
443 4331 691 4416 έταυτόχειρο-
710 4330 714 4419 Ι
734 4328 919 4414 όγχόνας-
938 4327 942 4417 Ι
963 4330 1072 4394 σὺν-
1091 4328 1096 4415 Ι
1116 4332 1238 4410 κρύπτε-

137 4462 228 4502 ται-
246 4435 252 4524 Ι
270 4436 438 4519 ζυγέντα-
457 4434 463 4526 Ι
482 4437 657 4516 ξένοισιν-
675 4432 681 4521 Ι
701 4437 827 4514 κῆδος-
847 4432 852 4520 Ι
872 4431 998 4518 Λαίῳ·
1016 4430 1021 4518 Ι
1042 4433 1148 4514 tyn-
1166 4432 1173 4520 Ι
1192 4431 1240 4498 νό-
