2864 4914
229 274 273 340 92
594 275 972 340 ANNOTATIONES

230 463 290 505 uus
311 441 475 506 dubitetur
498 442 610 507 Dionis
634 444 852 532 Chrysostomi
878 443 1054 509 testimonio
1075 457 1202 508 cautum
1225 457 1273 506 est
1297 464 1329 529 p.

231 558 270 625 27
287 545 331 607 D.
348 544 425 626 (vol.
442 565 468 609 ι.
491 568 522 631 p.
540 547 592 609 86.
604 545 727 631 Reisk.)
743 548 798 626 τὴν
811 546 846 610 δέ
862 572 899 628 γε
919 551 973 610 τοῦ
994 544 1157 609 Μενελάου
1176 543 1331 625 πολυχρύ-

228 670 335 725 ματον,
355 649 548 729 πολύχρυσον
568 648 673 725 αὐλὴν,
694 650 836 729 καθάπερ,
859 648 950 728 οἶμαι,
966 653 1026 710 τῶν
1043 646 1232 727 Ἀσιαγενῦν
1252 644 1334 710 τινὸς

228 747 396 826 βασιλέων·
418 749 466 812 καὶ
481 752 539 830 γὰρ
553 750 638 816 οὗτος
652 750 689 828 ἦν
704 751 739 813 ού
752 754 868 831 μακρὰν
882 755 934 813 τοῦ
947 774 981 812 τε
994 748 1154 812 Ταντάλου
1169 748 1218 811 sal
1231 744 1334 809 Πέλο-

228 873 294 921 πος,
317 849 397 922 ὅθεν,
413 849 505 928 οἶμαι,
522 851 570 913 καὶ
592 851 646 913 τὸν
665 851 758 932 χορὸν
778 852 936 932 Εὐριπίδης
958 853 1001 916 εἰς
1023 855 1108 913 τοῦτο
1126 850 1334 927 αἰνιττόμενον

228 952 390 1027 πεποίηκεν
411 952 445 1013 ἐν
465 955 500 1029 τῇ
521 953 660 1036 προσόδῳ
682 956 734 1015 τοῦ
756 953 920 1031 βασιλέως·
944 951 1104 1018 Μενέλαοι
1122 953 1155 1015 δὲ
1169 950 1269 1028 πολλῇ
1291 945 1331 1030 (γ’

228 1050 317 1114 addit
330 1051 430 1116 codex
446 1055 541 1135 unus)
558 1055 714 1140 ἁβροσύνῃ
730 1057 820 1132 δῆλος
839 1055 944 1135 ὁρᾶται
960 1058 1014 1116 τοῦ
1025 1057 1221 1117 Τανταλιδῶν
1237 1053 1269 1129 ἐξ
1283 1051 1331 1112 αἵ-

228 1177 320 1231 ματος
333 1153 386 1216 ὧν.

271 1273 290 1338 3
293 1273 345 1337 50.
360 1255 502 1337 ὁρᾶσθαι]
520 1258 623 1334 ὁρᾶται
637 1255 729 1320 codd.
745 1255 847 1319 multi.

271 1375 291 1439 3
293 1375 347 1438 52.
362 1357 506 1438 ὁρμήσας]
526 1359 651 1438 ὁρμίσας
665 1357 744 1422 Ald.
781 1359 965 1422 Correctum
980 1379 1019 1421 ex
1034 1355 1126 1420 codd.

271 1477 291 1541 3
292 1472 313 1541 5
315 1472 346 1541 5.
363 1458 470 1540 ηὔχου]
488 1459 578 1539 εύχον
590 1456 681 1521 codd.
697 1470 857 1543 quattuor.

271 1560 347 1642 361.
364 1559 412 1621 καὶ
425 1557 555 1621 θάνατον
568 1560 620 1643 cip
641 1559 715 1640 πρὸς
734 1559 881 1640 δάμαρτος
895 1557 1006 1641 ὤλετο]
1024 1555 1124 1620 Valde
1141 1554 1261 1619 inutilia
1280 1553 1333 1618 hic

228 1673 409 1736 vernasset,
423 1680 518 1744 quem
541 1682 604 1723 non
627 1660 776 1747 scriptum
798 1662 839 1724 ab
857 1658 1015 1745 Euripide
1035 1673 1125 1744 puto,
1139 1656 1197 1743 qui
1218 1655 1334 1719 sentire

228 1760 341 1824 debuit
355 1761 429 1825 satis
442 1785 508 1825 esse
522 1764 615 1845 τύχας
627 1761 702 1839 dici,
718 1784 757 1826 ne
772 1759 1103 1847 fato‘Agamemnonis
1115 1759 1184 1845 jam
1198 1758 1249 1821 hic
1270 1758 1335 1821 cla.

228 1862 295 1925 rius
309 1861 473 1948 designato
486 1862 667 1949 ampliorem
678 1887 752 1950 quae
773 1863 877 1927 statim
900 1862 1043 1948 sequitur
1063 1861 1104 1924 de
1125 1883 1163 1924 eo
1183 1858 1335 1924 narratio

228 1985 300 2027 uem
316 1986 355 2026 ex
370 1978 459 2049 parte
478 1964 671 2050 anticiparet.
716 1967 875 2028 Praeterea
889 1964 993 2028 minus
1015 1963 1095 2028 bene
1115 1962 1266 2027 collocata
1280 1961 1329 2024 fo·

227 2080 300 2127 rent
313 2064 408 2128 verba
423 2065 534 2150 Μαλέα
555 2067 732 2148 προσίσχων
744 2069 875 2149 πρῷραν,
892 2088 965 2151 quse
986 2087 1049 2128 non
1063 2087 1135 2128 cum
1152 2065 1259 2137 άλετο,
1275 2062 1332 2127 sed

228 2187 300 2228 cum
316 2166 487 2247 ἠπιστάμην
500 2179 590 2230 erant
602 2164 831 2252 conjungenda

270 2271 347 2353 362.
368 2271 503 2355 πρῷραν]
530 2269 620 2333 Libri
641 2267 693 2331 hic
717 2283 748 2331 et
771 2267 845 2331 alibi
865 2270 986 2349 πρύραν
1009 2267 1121 2332 vitioso
1143 2283 1273 2333 accentu
1299 2284 1333 2332 et

228 2371 342 2436 omisso
357 2372 422 2436 iota
444 2371 630 2457 subscripto,
646 2370 686 2434 de
707 2393 772 2456 quo
790 2369 856 2433 dixi
879 2370 919 2433 ad
944 2370 1042 2455 Soph.
1057 2369 1142 2433 Phil.
1156 2369 1234 2450 482.
1279 2371 1333 2435 De

228 2497 293 2560 qua
307 2497 341 2537 re
356 2473 430 2538 satis
443 2473 544 2536 habeo
558 2473 653 2535 semel
667 2471 831 2535 monuisse.

270 2577 346 2660 365.
363 2574 441 2658 τάδ’]
459 2572 518 2636 τόδ’
530 2572 624 2636 codd.
639 2587 800 2659 quattuor.
839 2572 988 2636 Totidem
1004 2575 1209 2639 κατασταθείς.

270 2677 347 2761 368.
372 2674 397 2738 δ’
422 2676 460 2738 Β.
486 2672 602 2759 aliique
624 2673 761 2759 plurimi.
794 2672 819 2735 τ’
841 2673 919 2737 Ald.
964 2673 1179 2738 Necessarium
1203 2686 1251 2748 est
1277 2675 1311 2738 δέ
1321 2699 1328 2737 :

228 2799 300 2840 nam
316 2802 350 2840 τε
365 2775 389 2840 si
404 2774 586 2862 scripsisset,
603 2773 715 2838 Glauci
731 2773 792 2838 illae
805 2775 1019 2860 potiusquam
1036 2775 1176 2839 Menelai
1193 2774 1331 2840 lmrimoe

228 2900 293 2941 esse
307 2877 498 2941 viderentur.

270 2996 345 3062 373.
361 2981 512 3042 ἁλιτύπων
526 2977 618 3041 codd.
634 2975 734 3040 multi.
757 2977 925 3040 άλιιτύπων
940 2975 1017 3040 Ald.

270 3097 346 3164 374.
371 3078 460 3143 Libri
478 3077 529 3141 alii
545 3077 658 3149 παιδὸς,
674 3075 761 3162 quod
776 3077 868 3140 estin
886 3078 925 3154 B,
941 3076 993 3140 alii
1008 3079 1163 3159 θυγατρὸς,
1178 3077 1267 3162 quod
1281 3092 1330 3143 est

228 3181 259 3244 in
277 3182 321 3244 H.
337 3195 369 3244 et
386 3179 464 3244 Ald.

269 3283 344 3366 37&
368 3282 536 3364 ἐξέλειπον]
564 3279 703 3358 ἐξέλιπον
718 3279 794 3343 Ald.
834 3281 1017 3344 Correctum
1039 3301 1078 3342 ex
1100 3278 1222 3365 aliquot
1235 3280 1328 3346 codd.

271 3385 313 3466 ἐς]
333 3386 374 3449 εἰς
386 3383 493 3446 decem
509 3381 613 3461 codd,
629 3403 691 3444 non
707 3380 785 3445 Ald.

269 3485 343 3568 381.
362 3485 484 3563 μηνύσω
499 3506 538 3547 ex
553 3482 675 3568 aliquot
688 3482 780 3547 codd.
796 3483 978 3568 repositum.
1010 3491 1132 3564 σημανῶ
1147 3484 1226 3550 Ald.
1241 3487 1330 3572 quod

227 3584 449 3661 revocandum,
465 3606 566 3669 quum
580 3583 611 3645 in
628 3583 714 3646 libris
727 3584 853 3670 optimis
867 3584 929 3670 legi
943 3584 1095 3649 videatur.

269 3686 345 3770 383.
372 3687 512 3767 άφύλλου
540 3685 701 3769 στόματος]
733 3686 805 3748 άνεν
829 3687 973 3767 ἱκετηρίας
998 3702 1080 3750 recte
1104 3687 1332 3774 interpretatur

227 3786 418 3872 Hesychius,
434 3784 608 3870 eodemque
630 3808 721 3848 seusu
743 3785 901 3873 accipiunt
916 3786 1078 3851 scholiasta
1092 3804 1124 3853 et
1139 3790 1331 3857 Eustathius

226 3912 258 3974 p.
270 3903 344 3971 250,
357 3889 408 3950 26.
418 3885 562 3971 quamvis
573 3885 663 3949 aliam
676 3908 816 3972 quoque,
829 3887 883 3950 sed
894 3911 963 3951 eam
978 3887 1127 3975 ineptam,
1136 3909 1331 3978 exponentes

225 3986 510 4079 interpretationem
526 3986 616 4067 ξηρὸν
631 3988 679 4050 καὶ
694 3989 855 4070 αὐχμηρόν.
900 3991 972 4051 Non
989 3990 1068 4054 male
1090 3991 1240 4058 Reiskius
1253 4018 1329 4060 con-

220 4089 297 4176 jecit
312 4091 478 4170 άφύλλονι.

265 4192 339 4274 388.
355 4190 411 4271 οὐχ
425 4190 458 4272 ἡ]
476 4189 543 4270 οὐχὶ
557 4187 623 4250 duo
636 4188 728 4252 codd.
744 4205 775 4252 et
790 4189 938 4253 Eustath.
954 4213 987 4276 p.
1000 4193 1076 4275 694,
1091 4211 1145 4276 32.

268 4295 343 4375 389.
365 4296 467 4368 ξηραῖς
490 4288 600 4370 κόραις]
619 4290 704 4352 Sicci
724 4291 805 4352 oculi
826 4290 864 4352 iis
886 4290 1082 4370 tribuuntur,
1095 4293 1151 4378 qui
1167 4295 1328 4381 magnitu-

225 4393 298 4458 dine
317 4390 530 4457 calamitatum
550 4387 596 4452 ita
609 4402 713 4453 mente
725 4389 904 4472 conturbati
925 4404 1000 4456 suut
1020 4407 1052 4458 et
1065 4395 1157 4480 quasi
1173 4397 1329 4485 obrigue-
