2864 4914
183 264 227 327 88
546 266 922 333 ANNOTATIONES

186 437 332 518 (ἀνῆλθον
347 438 566 520 Hermannus)
583 439 631 502 καὶ
646 438 757 503 έθνσαν
770 438 825 518 τὴν
839 440 936 520 κόρην.
978 437 1121 515 Quorum
1136 447 1285 499 neutrum

183 562 223 603 ex
239 540 341 605 verbis
356 557 457 628 poetae
471 539 577 628 colligi
591 552 705 628 potest.

225 658 279 728 35.
302 643 413 712 πάντες
434 642 475 730 δ’]
498 643 607 713 πάντες
629 641 653 708 τ’
676 642 743 707 duo
766 639 896 706 codices.
930 640 1048 709 Πάντες
1068 639 1189 724 Ἀχαιοὶ
1210 652 1285 703 sunt

183 767 263 831 quos
278 747 470 830 Παναχαιοὺς
479 745 561 810 dixit
575 747 744 811 Homerus.
760 746 873 832 Eurip.
888 744 962 811 Hel.
975 747 1047 831 615.
1064 743 1088 810 ὦ
1102 745 1287 826 ταλαίπωροι

183 849 300 930 Φρύγες
318 847 323 935 Ι
342 848 451 917 πάντες
464 848 489 912 τ’
504 847 634 932 Ἀχαιοί.
648 865 679 914 et
693 849 735 914 ib.
753 866 805 935 73.

224 970 278 1036 39.
296 952 436 1036 ἐναλίαν]
454 951 626 1017 Dawesius.
672 952 764 1016 Libri
779 953 924 1016 εἰναλίαν.

225 1073 280 1135 44.
304 1051 369 1141 τῷδ’
386 1053 459 1135 ἐμὴν
475 1056 509 1119 έν
522 1054 610 1135 ἤματι
625 1055 663 1119 Β.
679 1070 711 1120 et
726 1055 813 1119 Flor.
828 1054 904 1119 duo.
949 1053 1015 1118 Alii
1037 1075 1109 1118 cum
1124 1050 1208 1116 Aldo
1229 1053 1284 1132 τὴν

183 1154 257 1237 epp
271 1154 332 1244 ‘ii'
346 1155 452 1240 ἡμένα·

225 1277 280 1344 5ο.
303 1260 378 1344 κείς]
395 1257 419 1323 κ’
436 1261 466 1327 ές
483 1259 555 1324 cod.
571 1260 676 1327 Viteb.
723 1260 929 1326 scribendum
953 1262 1012 1327 κάς.
1058 1257 1130 1325 Vid.
1146 1257 1187 1322 ad
1203 1257 1282 1321 Ari-

182 1361 284 1449 stoph.
301 1361 383 1427 Ach.
399 1363 469 1444 184.

225 1465 330 1551 χέρας]
347 1472 451 1549 χεῖρας
466 1468 513 1530 Η.
529 1465 654 1553 aliique.

224 1590 280 1656 53.
303 1572 361 1635 ὑπὸ
384 1572 507 1656 σκηνῆς]
531 1573 588 1636 Eo:
608 1573 750 1636 onemo.
797 1570 887 1634 Infra
901 1572 974 1654 665.
997 1573 1120 1649 περῶσα
1141 1565 1284 1650 τυγχάνει

183 1674 281 1753 δόμον
294 1675 360 1738 ὕπο.

225 1777 276 1840 60.
300 1777 466 1857 ὁμόδουλον
487 1779 541 1842 νῦν
555 1777 600 1841 Η.
616 1791 648 1841 et
667 1799 721 1841 sex
743 1774 796 1840 alii
816 1774 908 1840 codd.
922 1797 995 1839 cum
1010 1772 1106 1838 Aldo.
1131 1777 1185 1838 νῦν
1199 1786 1285 1837 recte

181 1899 242 1943 om.
259 1877 434 1943 Florentini
448 1900 571 1942 novem.

225 1983 276 2046 62.
300 1980 570 2066 λάβετε-χειρός]
591 1981 673 2044 Haec
687 1980 782 2045 verbu
798 1980 1000 2069 Suppliribus
1013 1994 1083 2067 post
1098 2003 1130 2045 v.
1146 1995 1218 2062 274.
1234 1978 1282 2042 in-

182 2083 279 2147 seruit
292 2081 437 2147 librarius
448 2081 560 2169 aliquis
571 2082 613 2147 sic
625 2081 750 2170 scripta,
762 2086 796 2148 ίιί
806 2110 868 2165 μοι,
880 2083 1004 2162 λάβετε,
1015 2082 1135 2165 φέρετε,
1146 2079 1283 2161 πέμπετ’,

180 2187 297 2269 άείρετε
311 2188 454 2253 ταλαίνας
467 2186 559 2270 χέρας
573 2185 705 2268 γεραιάς.

224 2291 338 2371 δείρετε
354 2290 400 2352 Η.
415 2288 530 2373 aliique
544 2309 607 2351 non
622 2287 725 2374 pauci.
771 2286 838 2352 Alii
852 2309 924 2351 cum
939 2285 1017 2350 Ald.
1033 2287 1163 2367 δείρατε.

222 2418 279 2473 μον
295 2391 382 2456 Flor.
399 2407 516 2479 septem
532 2390 629 2455 etalii
644 2405 803 2477 quattuor.
825 2415 882 2469 μου
898 2387 989 2469 δέμας
1003 2386 1083 2452 Ald.
1096 2387 1228 2452 fortasse
1242 2409 1283 2450 ex

182 2491 316 2580 Hippol.
332 2495 400 2578 198.
418 2494 516 2576 αίρετέ
529 2519 586 2573 μον
600 2492 698 2573 δέμας.

225 2594 277 2678 63.
304 2594 439 2676 γεραιάς]
467 2597 573 2675 γερείις
596 2592 694 2656 codex
722 2613 805 2655 unus
828 2590 960 2656 Porsoni
985 2606 1016 2655 et
1039 2591 1229 2655 Eustuthius
1250 2615 1284 2679 p.

183 2714 257 2780 249,
272 2715 324 2781 39.
370 2696 421 2760 De
441 2708 583 2781 correpta
602 2692 801 2780 diphthongo
815 2693 881 2757 dixi
896 2693 927 2757 in
945 2693 1111 2758 Thesauro
1132 2693 1285 2782 Stephani

181 2821 206 2863 s.
221 2797 254 2862 h.
270 2821 301 2862 v.

224 2901 278 2985 65.
296 2900 436 2984 σείπονι]
453 2896 545 2963 Libri
559 2897 673 2984 purtim
688 2900 845 2978 σκίμπονι,
860 2897 945 2985 quod
962 2898 1079 2962 habent
1094 2900 1141 2962 H.
1158 2912 1190 2962 et
1205 2899 1284 2963 Ald.

180 3001 294 3090 partim
325 3004 461 3078 σκίπονι,
488 2998 573 3086 quod
604 2999 766 3064 confirmat
793 3000 985 3087 Hesychius,
1011 3003 1137 3065 σκίπονι
1164 3003 1285 3085 χειρδςτ

179 3105 326 3188 βακτηρία
339 3105 448 3186 κενός·

224 3206 336 3290 σκολιῷ
364 3205 525 3293 σκίμπονι]
554 3202 712 3290 Scipiones
737 3201 768 3265 in
797 3201 976 3266 universum
1002 3203 1078 3267 recti
1108 3219 1193 3283 sunt,
1220 3228 1285 3270 non

180 3306 278 3374 curvi.
323 3307 482 3393 Loquitur
496 3307 594 3394 igitur
609 3328 670 3370 nou
686 3307 725 3370 de
741 3328 814 3368 vero
837 3305 983 3392 scipione,
998 3306 1051 3370 sed
1075 3307 1289 3395 metaphorice

180 3410 221 3475 de
242 3408 380 3486 bruchio,
402 3407 501 3494 quod,
521 3406 639 3473 ancillis
662 3407 808 3486 innitens,
829 3407 973 3494 scipionis
996 3432 1071 3473 usus
1093 3414 1285 3495 praestabat3

180 3512 341 3600 quodque,
355 3510 397 3574 ob
412 3509 510 3574 cubiti
524 3509 688 3587 flexuram,
704 3509 829 3573 σκολιὸν
844 3513 1001 3592 σκίμπανα
1015 3528 1116 3576 vocat.
1134 3514 1283 3580 MUSG.

223 3615 277 3679 68.
293 3615 424 3693 στεροπδ
440 3612 527 3694 Διὸς]
546 3613 666 3676 Lucem
681 3610 753 3689 diei,
768 3636 839 3699 quae
856 3613 931 3680 Διδς
949 3613 1027 3697 φάος
1037 3614 1152 3680 dicitur
1163 3639 1194 3681 v.
1207 3620 1284 3699 706,

180 3732 264 3782 recte
290 3712 435 3799 intelligit
458 3712 629 3777 scholiasta
675 3713 836 3801 Sophoclis
859 3737 983 3779 versum
1008 3716 1125 3782 Trach.
1148 3739 1202 3803 99.
1228 3720 1284 3784 ubi

181 3820 225 3886 sol
239 3817 357 3883 dicitur
367 3817 489 3898 λαμπρᾷ
504 3819 635 3899 στεροπᾷ
651 3816 820 3899 φλεγέθων,
836 3817 1027 3903 comparavit
1043 3820 1259 3889 Hermannus.

224 3924 278 4006 69.
295 3918 428 4002 αἴρομαι]
447 3918 582 3998 ἀείρομαι
597 3917 636 3981 Β.

224 4041 274 4108 70.
299 4020 322 4085 ὦ
343 4022 450 4084 πότνια
470 4020 568 4103 χθών]
588 4019 785 4084 Somniorum
807 4037 907 4086 mater
926 4024 1000 4086 Nox
1020 4022 1137 4089 dicitur
1154 4027 1196 4090 ab
1212 4030 1283 4094 He·

181 4127 268 4194 siodo
290 4123 414 4209 Theog.
438 4140 512 4187 νιν.
534 4120 663 4208 aliisque
685 4122 801 4208 poetis:
828 4122 879 4187 hic
900 4138 1004 4187 autem
1028 4127 1132 4192 Orcus
1151 4129 1284 4217 gignere

181 4229 300 4297 somnia
320 4224 460 4310 lingitur,
486 4234 521 4285 ut
543 4222 574 4285 in
599 4224 674 4310 Iph.
700 4226 743 4288 Τ.
764 4227 857 4291 1262.
881 4229 969 4311 νύχια
989 4232 1072 4312 χθὼν
1094 4233 1282 4300 ἐτεκνώσατο

182 4329 312 4417 φάσματ’
328 4327 460 4406 ὀνείρων.
507 4325 687 4411 Utramque
708 4327 864 4390 notionem
882 4331 1046 4416 conjunxit
1063 4333 1178 4420 Eurip.
1193 4339 1283 4423 apud

181 4429 343 4518 Aristoph.
368 4429 451 4492 Rau.
471 4445 565 4512 1331.
592 4425 616 4490 ὦ
641 4429 757 4494 Νυκτὸς
780 4431 981 4512 κελαινοφαὴς
1005 4435 1114 4517 ὄρφνα,
1137 4438 1206 4503 τίνα
1229 4464 1284 4520 μοι
