2864 4914
500 282 567 344 AD
592 282 879 347 PHOENISSAS.
1179 283 1245 349 175,

187 469 278 535 1431.
296 454 435 537 καιρίους]
456 456 569 534 καιρίας
583 453 661 518 Ald.
676 469 707 518 et
722 476 794 541 pers
808 453 961 518 codicum.

186 572 277 637 1439.
293 556 388 635 ὑγρὰν
401 554 523 619 codices
543 555 685 643 plerique
704 574 736 621 et
751 555 916 622 scholiasta
929 580 988 644 pro
1002 555 1088 620 varia
1102 554 1243 622 lectione.

142 658 258 737 λυγρὰν
273 655 350 719 Ald.

188 760 280 837 1446.
304 760 382 839 ὅμως
403 760 508 845 φίλος]
530 762 607 840 ὅμως
628 767 709 842 φιλῶ
725 760 809 825 ΡΙοτ.
826 785 919 826 unus.
964 761 1157 847 Expressum
1173 759 1246 823 hinc

141 882 207 923 esse
230 874 344 947 praeter
367 860 468 924 locum
486 861 609 927 Tibull.
631 884 664 949 3,
680 865 710 942 6,
729 866 783 948 56.
807 887 901 950 quem
924 862 1119 950 comparavit
1133 862 1244 926 Valok.

141 960 219 1026 illud
235 963 327 1027 etiam
352 964 509 1050 Propertii
529 983 559 1043 2,
575 982 606 1047 7,
622 987 674 1050 94.
696 968 743 1030 Te
756 967 840 1029 nihil
852 969 888 1030 ιὐι
903 969 971 1030 vita
986 966 1075 1030 nodio
1089 967 1246 1052 acceptius

140 1088 300 1152 unquam:
324 1069 424 1130 Νιιιιε
434 1090 552 1155 quoque
566 1071 800 1155 eri1‚q11omvi1
813 1072 859 1134 sio
873 1071 1004 1132 inimica
1018 1068 1108 1146 midi,
1124 1066 1246 1131 monuit

143 1170 184 1233 V.
201 1171 244 1234 D.
262 1171 293 1232 in
311 1169 393 1234 Bibl.
409 1170 477 1235 crit.
496 1171 629 1237 Amstel.
648 1193 677 1247 2,
696 1191 725 1236 2.
743 1196 773 1260 p.
788 1193 835 1236 11.
860 1174 1051 1236 MATTH.

189 1292 281 1356 1449.
298 1277 371 1354 γοῦν
385 1272 506 1338 codices
520 1291 551 1338 et
567 1275 662 1339 Teles
678 1275 795 1339 Stoboei
809 1277 863 1360 38.
879 1297 911 1361 p.
930 1293 1004 1359 233,
1016 1291 1071 1354 47.
1096 1272 1131 1351 δὴ
1146 1271 1223 1335 Ald.

190 1395 282 1459 1450.
307 1376 379 1438 Aut
393 1398 497 1440 errore
519 1393 574 1440 aut
597 1376 709 1440 fraude
724 1400 847 1440 versum
871 1375 959 1441 addit
975 1375 1080 1454 Telos,
1097 1389 1132 1437 ut
1148 1374 1245 1437 Euri·

143 1475 247 1563 pidem
263 1494 395 1563 arguat:
420 1480 468 1541 καὶ
483 1483 538 1560 γῆς
560 1481 651 1560 φίλης
672 1482 792 1563 ὄχθαισι
814 1484 933 1561 κρυφθῶ
951 1480 998 1543 καὶ
1012 1477 1109 1562 τιίφιρ.
1154 1477 1244 1539 Prae·

144 1594 228 1643 terea
243 1578 348 1642 nullus
362 1580 448 1665 apud
465 1581 597 1666 tragicos
612 1581 751 1645 senarius
765 1581 931 1668 reperitur,
943 1580 998 1667 qui
1013 1579 1058 1643 ita
1073 1578 1246 1665 spondeum

144 1682 176 1745 in
192 1681 303 1769 quinto
318 1681 386 1746 loco
400 1682 531 1759 dividat,
548 1697 583 1746 ut
599 1684 647 1747 καὶ
662 1683 701 1747 sit
716 1706 788 1769 pars
807 1682 954 1759 secunda,
971 1697 1084 1769 proeter
1099 1679 1245 1766 AEschyl.

145 1784 257 1872 Suppl.
275 1803 348 1867 274.
363 1783 517 1868 χρανθεῖσ’
534 1786 624 1863 ἀνῆκε
646 1791 718 1867 γαΐα
738 1785 816 1865 μήνη
839 1785 887 1848 καὶ
905 1783 988 1864 δίκη,
1004 1805 1098 1871 quem
1115 1805 1245 1868 corrup·

145 1902 210 1951 tum
227 1911 292 1951 esse
307 1910 399 1950 nemo
413 1910 475 1950 non
492 1886 587 1951 videt.
612 1887 698 1951 Edd.
716 1887 793 1951 Ald.
810 1886 894 1951 Rob.
910 1893 1044 1967 μηνεῖται
1055 1888 1121 1964 ἄκη.
1148 1885 1245 1968 [Scri-

144 1989 281 2053 bendum
298 1987 412 2070 μηυιαῖ’
429 1991 509 2073 ἄκη]
539 1992 708 2076 Comparat
724 1989 954 2054 Valckenaerius
969 2010 1093 2052 versum
1109 2011 1127 2051 e
1143 1986 1246 2052 Grotii

145 2091 313 2178 Excerptis
328 2115 360 2178 p.
371 2094 445 2176 465.
459 2094 492 2155 ἐν
507 2096 562 2172 γῆς
577 2094 678 2173 φίλοις
691 2098 812 2175 μυχοῖσι
828 2096 992 2174 κρυφθῆναι
1006 2092 1110 2165 καλὸν,
1121 2102 1153 2154 et
1164 2105 1247 2154 recte

145 2194 221 2282 legit
235 2197 337 2277 φίλης,
351 2209 386 2257 ut
397 2194 515 2278 legerat
531 2194 737 2258 casaubonus
751 2193 790 2257 ad
808 2193 970 2258 Laertium
983 2214 1014 2274 4.
1027 2213 1078 2278 25.
1091 2193 1144 2257 ubi
1160 2191 1247 2256 locus

144 2296 289 2362 oocurrit.
314 2297 415 2359 POR.

191 2416 285 2485 1455.
301 2401 398 2463 ἐσεῖδε
412 2397 505 2462 codd.
522 2397 658 2484 plurimi.
704 2398 928 2462 Revocondum
945 2400 1055 2463 εἰσεῖδε
1069 2421 1108 2462 ex
1123 2397 1204 2463 Ald.

192 2504 287 2587 1456.
304 2501 423 2588 νεκροῦ]
441 2507 551 2582 νεκρῶν
565 2500 658 2565 codd.
674 2499 777 2564 multi.

192 2607 286 2689 1458.
303 2605 427 2668 Variam
450 2604 611 2668 lectionem
635 2618 786 2667 memorat
808 2601 986 2666 scholiastes
1005 2601 1062 2665 σὺν
1080 2600 1194 2669 τέκνοις
1215 2605 1248 2668 δὲ

146 2707 311 2789 φιλτάτοις,
323 2731 416 2794 quem
429 2729 564 2771 errorem
578 2705 748 2770 scholiastae
759 2729 824 2770 esse
839 2705 1015 2792 suspicatur
1026 2703 1135 2769 Valck.
1146 2726 1246 2791 quum

147 2810 296 2897 scriptum
313 2811 408 2874 fuisse
422 2810 566 2873 videatur
580 2809 638 2873 σὺν
650 2811 683 2872 δὲ
697 2814 777 2872 τοῖσι
790 2808 953 2889 φιλτάτοις.
978 2807 1169 2871 ΜΑΤΤΗ.
1238 2868 1244 2879 ,

193 2916 275 2993 1462
291 2936 337 2999 sq.
354 2914 392 2992 ἦν
405 2912 429 2977 δ’
446 2913 506 2993 ἔρις
522 2912 747 2993 στρατηλάταις,
764 2913 804 2976 Oi
818 2912 874 2991 μὲν
889 2909 1022 2988 dictum,
1038 2908 1113 2996 quia
1126 2909 1166 2973 ad
1182 2931 1249 2973 sen-

146 3037 215 3079 sum
235 3015 318 3079 idem
341 3032 386 3080 est
409 3014 494 3101 quod
517 3014 616 3094 ἤριζον
639 3017 671 3078 δὲ
693 3016 722 3077 οἱ
742 3012 951 3094 στρατηλάται,
973 3015 1002 3076 οἱ
1019 3014 1076 3092 μὲν
1095 3010 1254 3095 λέγοντες..

147 3118 339 3182 ΜΑΤΤΗ.

194 3222 285 3305 1463.
303 3221 487 3304 Πολυνείκη]
507 3218 708 3283 Scribebatur
723 3220 920 3298 Πολυνείκην.

195 3325 286 3403 1464.
304 3324 381 3386 Post
397 3321 480 3386 hunc
497 3344 618 3385 versum
636 3319 825 3407 sequebatur
841 3342 949 3383 versus
967 3333 1050 3383 recte
1064 3319 1105 3383 ab
1120 3316 1250 3383 Valcke-

146 3428 229 3490 ratio
243 3426 365 3489 deletus
381 3427 436 3488 κάν
451 3424 517 3509 τῷδ’
532 3422 672 3503 ὑπεξῆλθ
687 3422 845 3505 Ἀντιγόνη
860 3425 930 3505 δίχα
946 3426 1081 3502 στρατοῦ.

193 3532 287 3611 1467.
318 3530 453 3591 ἀσπίδων
483 3527 545 3609 ἔπι]
575 3526 704 3612 Οζιρροὶι
726 3527 883 3590 inotmcti.
922 3526 1056 3589 ἀσπίδων
1079 3527 1135 3590 ὕπο
1162 3522 1249 3588 Flor.

147 3655 241 3709 unus,
256 3634 354 3696 sentio
370 3633 449 3695 tecti.
475 3631 665 3693 MATTH.

193 3735 285 3814 1468.
301 3731 529 3814 πεφραγμένον]
548 3730 752 3795 Scribendum
769 3730 992 3814 πεφορημένον.

195 3855 285 3918 1471.
302 3838 407 3917 μυρίον
420 3833 549 3897 codiceS.
583 3835 693 3914 μυρίων
709 3832 786 3896 Ald.

194 3955 286 4022 1472.
302 3936 481 4019 πιτνόντων]
499 3936 666 3998 πιπτόντων
683 3934 727 3997 H.
743 3947 774 3997 et
788 3958 842 3998 sex
857 3933 919 3998 alii.

196 4058 288 4121 1477.
305 4041 407 4121 φίλοις
421 4038 458 4100 Β.
492 4036 596 4101 Ceteri
613 4052 644 4100 et
660 4034 735 4099 Aid.
752 4038 871 4118 φίλους.

196 4145 287 4225 1481.
304 4142 450 4225 δώματος]
468 4138 609 4219 δωμάτων
624 4138 701 4203 Ald.
713 4153 744 4202 et
759 4162 832 4226 pers
846 4139 1001 4218 codicum,
1018 4137 1099 4203 inter
1110 4161 1191 4225 quos
1206 4140 1252 4203 H.

149 4244 241 4310 Idem
258 4249 341 4325 κυρεῖ
354 4265 411 4329 pro
425 4244 497 4321 ἥκει.
1219 4314 1221 4316 p

195 4347 275 4429 πάρα
289 4350 348 4429 γὰρ
362 4346 520 4433 λεύσσειν]
537 4345 774 4425 πορακελεύσειυ
789 4342 873 4407 Flor.
885 4366 985 4407 unus:
1010 4341 1096 4429 quod
1112 4341 1192 4422 πάρα
1207 4343 1255 4406 καὶ

146 4453 295 4516 λεύσσειν
310 4472 374 4513 esse
390 4472 479 4536 posse
494 4447 572 4513 vidit
586 4445 818 4513 Valckenarius.
