2864 4914
546 288 615 351 AD
637 287 875 352 ORESTEM.
1202 287 1264 350 121

210 472 303 543 1415.
320 458 438 540 ἔβαλον
452 457 581 545 ἔβαλαν]
600 459 738 541 ἔβαλλον
753 458 892 538 ἔβαλλον
907 459 952 521 Η.
968 471 1000 521 et
1014 457 1094 522 Ald.

212 555 303 635 1418.
318 557 422 621 πεσὸν
436 558 470 622 ἐν
484 559 574 644 φόβῳ
588 559 629 623 ab
644 557 703 623 hoc
717 581 808 622 versu
826 556 980 644 separavit
995 555 1073 622 Ald.

212 658 303 739 1428.
319 659 427 742 εὔπᾶγι
441 659 495 743 (ab
507 660 610 744 ε’νσῆξ)
624 662 840 725 Hermannus.
861 659 1044 748 Legebantur
1059 661 1192 742 εὐπαγεῖ.
1215 660 1264 724 111-

166 767 257 845 anyti
268 760 361 826 codd.
375 775 448 828 tres.

212 882 307 950 1429.
328 868 468 954 πτερίνῳ]
493 868 580 931 Rara
594 866 679 953 apud
696 881 816 932 veteres
829 865 1023 931 {labellorum
1039 865 1167 943 mentio,
1183 888 1266 954 prae·

167 979 309 1054 terquam
325 968 411 1055 apud
427 968 633 1034 Plutarchum
649 969 681 1034 in
697 968 851 1046 Antonio,
866 985 898 1034 et
912 970 1063 1033 Nonnum
1081 987 1133 1035 12.
1148 991 1182 1056 p.
1194 986 1267 1055 213.

165 1070 299 1136 Anthol
324 1070 434 1137 Reisk.
454 1073 520 1160 Ep.
541 1074 618 1153 460,
639 1074 716 1152 461,
738 1090 812 1157 523.
837 1070 899 1135 vid.
920 1086 952 1136 et
968 1073 1076 1159 Toup.
1098 1073 1164 1159 Ep.
1187 1071 1266 1137 Crit.

165 1194 200 1260 p.
214 1192 284 1259 119.
309 1175 455 1241 MUSG.

209 1276 329 1364 ᾄσσων]
349 1280 433 1343 Voce
453 1278 513 1343 hac
535 1280 655 1343 αίσσειν
670 1278 773 1343 activo
787 1299 878 1342 sensu
902 1290 1052 1362 usurpata
1066 1276 1145 1342 adeo
1159 1277 1269 1343 offensi

166 1394 241 1445 aunt
255 1381 313 1446 viri
328 1380 585 1469 praestantissimi,
595 1379 835 1467 Wesselingius,
850 1377 1072 1459 Ruhnkenius,
1090 1380 1269 1460 Piersonus,

166 1497 204 1548 ut
217 1482 269 1548 hic
283 1498 316 1549 et
336 1484 369 1548 in
391 1484 507 1550 Bacch.
528 1500 597 1566 147.
613 1497 645 1548 et
659 1482 734 1549 alibi
751 1483 783 1547 lu
799 1485 957 1548 αίθόσσειν
972 1497 1106 1561 mutent,
1121 1482 1153 1546 in
1170 1482 1266 1569 Soph.

165 1585 222 1674 ΑΙ.
237 1607 290 1668 40.
306 1610 364 1675 pro
377 1584 449 1675 ᾖξεν
462 1586 540 1672 χέρα
562 1585 773 1651 Ruhnkeniua
793 1583 867 1673 ᾖξεν
887 1586 955 1670 χερὶ
977 1586 1158 1651 substituat.
1204 1586 1268 1651 Sed

164 1689 264 1755 verba
275 1713 350 1777 quae
364 1705 485 1755 motum
499 1689 686 1777 significant,
702 1704 785 1755 recte
806 1689 1017 1755 accusativum
1032 1688 1209 1754 adsciscunt
1222 1689 1269 1754 in-

165 1793 331 1859 strumenti
345 1808 401 1859 aut
415 1793 559 1873 membri,
572 1794 658 1880 quod
674 1792 831 1880 praecipue
844 1792 1023 1857 adhibetur.
1070 1790 1121 1856 Sic
1141 1796 1185 1856 πᾶ
1203 1794 1268 1857 πόδ’

166 1895 277 1980 indias
298 1897 379 1961 Hec.
397 1914 489 1982 1054.
507 1900 627 1981 (1071.)
645 1896 700 1962 ubi
722 1899 800 1961 πόδα
821 1895 922 1961 multo
935 1896 1057 1960 facilius
1072 1917 1167 1981 quam
1190 1897 1267 1961 ποδί.

166 1997 252 2063 Ibid.
268 2017 322 2084 53.
337 2002 414 2083 περᾷ
427 2001 515 2064 πόδα.
537 2000 637 2080 βαίνω
650 1999 736 2084 apud
752 1999 881 2064 Atticos
896 1997 1037 2063 neutrale
1051 2012 1098 2062 est
1112 1998 1244 2063 verbum
1256 2022 1266 2072 ς

164 2104 287 2182 βαίνειν
309 2113 413 2165 mmen
435 2103 514 2166 πόδα
534 2101 617 2166 dixit
639 2101 811 2189 Euripides
835 2101 955 2167 Electr.
980 2100 1151 2185 941181.
1197 2102 1269 2167 Imo

167 2202 395 2290 Aristophanes
417 2205 536 2268 Eccles
556 2205 625 2267 161.
644 2202 895 2284 Ἐκκλησιάσονσ’
912 2204 965 2269 οὐκ
987 2204 1025 2268 ἂν
1045 2206 1195 2285 προβαίην
1215 2205 1270 2270 πδν

165 2307 245 2371 πόδα
265 2305 330 2371 Τόν
352 2307 464 2388 ἕτερον,
487 2309 514 2371 εί
533 2306 575 2387 μὴ
596 2304 674 2370 ταῦτ’
695 2305 940 2387 ἀκριβωθήσεται
980 2308 1062 2370 Mox
1088 2321 1181 2392 1475.
1204 2313 1269 2371 Mu-

166 2407 257 2490 ιηνίό
272 2410 411 2490 ἀρβύλαν
431 2408 556 2490 προβάς.
591 2407 747 2472 Phoeniss.
766 2423 861 2492 1427.
880 2411 1006 2495 (1450.)
1023 2412 1150 2490 Προβδς
1164 2411 1197 2474 δὲ
1212 2416 1267 2474 κῶ-

164 2516 223 2576 λον
237 2513 342 2591 δεξιόν.
383 2510 552 2598 Sophocles
565 2511 651 2598 apud
675 2510 824 2575 Photium
842 2511 918 2575 MS.
932 2510 965 2575 in
979 2525 1055 2576 nota
1067 2511 1109 2576 ad
1126 2510 1267 2598 Hesych.

165 2637 195 2679 v.
207 2612 305 2699 Ὀχος
318 2612 504 2697 Ἀκεσταῖος.
537 2613 624 2678 Suid.
639 2637 671 2677 r.
682 2611 831 2698 Ὀχανον.
849 2611 959 2698 Ὀχοις
979 2612 1202 2680 Ἀκεσταίοισιν
1215 2616 1267 2695 ἐμ-

164 2718 268 2797 βεβδς
281 2718 368 2781 πόδα.
406 2720 454 2781 Α1
468 2716 562 2791 enim,
578 2715 672 2790 dices,
688 2729 808 2780 rectum
823 2715 905 2781 forte
920 2719 1040 2782 αίσσειν
1055 2717 1141 2802 χέρα,
1157 2717 1269 2782 ideone

164 2834 250 2883 recta
264 2821 384 2883 αίσσειν
399 2820 503 2901 αὔραν,
522 2820 649 2901 phi-sa?
673 2818 874 2906 Respondeo‚
889 2818 1022 2884 verbum
1041 2823 1139 2885 αίοσο
1160 2841 1270 2885 revera

163 2943 231 2985 ease
255 2920 413 2996 activum
437 2921 557 3008 quippe
581 2921 673 3007 cujus
693 2919 851 3007 passivum
878 2924 1024 3002 αίσσομαι
1048 2921 1207 3001 adhibeat,
1232 2937 1269 2988 ut

164 3025 343 3089 Homerum
359 3038 488 3101 taceam,
506 3023 675 3111 Sophocles
690 3023 770 3088 OEd.
788 3026 825 3088 C.
840 3026 932 3089 1261.
957 3026 1062 3090 POR.

212 3147 304 3212 1430.
320 3126 487 3209 βαρβάροις
502 3126 650 3213 Kiugius.
673 3125 859 3209 βαρβάροισι
873 3125 953 3192 libri.

209 3248 302 3314 1431.
317 3229 565 3293 δ-δέ-ἔλισσε
579 3251 644 3293 uno
658 3251 750 3293 versu
765 3227 843 3293 Ald.

211 3349 304 3417 1433.
320 3329 436 3410 νήματα
449 3329 489 3416 δ’]
508 3331 714 3397 Scribendum
732 3330 809 3413 νῆρό
824 3329 849 3396 θ’
865 3353 905 3396 ex
921 3331 962 3395 B.
977 3344 1008 3396 et
1024 3330 1112 3395 Flor.
1129 3355 1202 3398 uno.

211 3451 304 3517 1434
329 3432 582 3520 σκύλων-λίνῳ]
607 3436 689 3498 Haec
710 3433 743 3497 in
767 3454 865 3497 unum
887 3454 1012 3496 versum
1036 3432 1267 3522 conjungenda.

164 3533 221 3600 Ab
234 3535 416 3599 συστολίσαι
430 3557 553 3599 versum
570 3558 687 3600 novum
703 3534 811 3623 incipit
827 3535 905 3600 Ald.

210 3638 303 3722 1436.
311 3635 453 3718 φόρεα-
472 3636 478 3724 Ι
497 3642 619 3720 δῶρα-
636 3638 642 3727 Ι
660 3644 848 3722 προσεῖπε-
867 3637 874 3726 Ι
892 3636 1089 3703 Λόκαιναν-
1107 3636 1114 3724 Ι
1132 3639 1226 3704 dis-
1242 3635 1250 3726 Ι

164 3736 924 3828 Πέλοπος-Ιἑστίας-Ιᾶγει-Ιού-Ιὸ
951 3736 1267 3827 δὲ-Ιοῦιι-Ιέ·

165 3839 273 3919 κλήϊσε
286 3876 331 3889 -
349 3839 355 3928 Ι
374 3838 538 3923 σπίγης-
556 3840 561 3928 Ι
581 3844 762 3909 ἱππικοῖς-
780 3839 786 3928 Ι
804 3840 903 3906 τούσδ’
914 3878 958 3890 -
977 3839 983 3928 Ι
1002 3841 1163 3922 διαρμόσας
1176 3846 1269 3906 -δε-

164 3943 291 4010 σποίνας
304 3940 385 4005 Α111.

211 4061 303 4130 1437.
320 4041 369 4108 ὧδ’
384 4042 507 4109 addidit
522 4046 735 4110 Hemnannus.

209 4165 304 4227 1441.
330 4147 448 4212 Versus
469 4146 612 4227 creticus,
638 4146 741 4236 primo
767 4147 881 4212 cretico
906 4148 939 4211 in
964 4147 1105 4235 quinque
1133 4147 1268 4235 syllabas

163 4248 273 4315 breves
287 4247 402 4314 soluto.

209 4371 301 4436 1444
317 4352 435 4417 Versus
449 4351 492 4416 sic
507 4351 612 4440 potius
629 4350 803 4438 digerendi,
818 4353 929 4435 όγιι-
946 4351 952 4442 Ι
971 4353 1006 4417 οὐ
1021 4354 1224 4435 πρόμαντις-
1243 4350 1249 4439 Ι

162 4454 414 4537 όδὶ-ἔπρασσ’.
