2864 4914
200 275 266 342 870
560 268 939 341 ANNO'l'A‘l'IONES

199 445 305 525 βήθης,
328 443 521 525 εὖλαβηθήοῃ
546 446 630 525 κάμέ.
663 449 729 514 ἴσος
753 446 812 528 γάρ
834 471 884 510 σοι
906 447 964 527 εῖμῖ
985 449 1024 531 τῷ
1048 444 1156 526 Πάριδι
1178 444 1308 527 ἐχθρόν.

202 546 296 611 Conf.
311 569 384 633 quoe
397 545 438 610 ud
454 547 618 635 Aristoph.
634 547 775 612 Acharn.
792 564 864 632 255.
880 546 958 611 dixi.

244 669 318 733 709.
333 649 393 738 ὅδ’]
410 648 617 714 scribendum
633 652 652 714 ὅ
665 648 693 733 γ’
709 672 782 715 oum
799 650 841 713 Ι..
853 648 1031 715 Dindorfio.

243 767 316 834 710.
330 749 414 815 τῶνδ’
431 751 621 816 Brunokius.
643 750 722 830 τήνδ’
738 750 860 816 oodioes
873 765 905 815 et
920 751 1013 816 Luso.
1030 749 1111 831 τῆσδ’
1129 749 1208 814 Ald.

242 870 316 933 712.
330 855 483 921 τίκτοντος
495 854 621 940 ἄλλους]
641 853 772 919 Dictum
788 876 847 941 pro
860 854 1020 917 τίκτουσαν
1030 855 1139 933 ἄλλην.

243 971 318 1042 715.
341 958 503 1038 φθείρεσθε
522 979 594 1022 cum
615 957 755 1045 genitivo
773 959 864 1036 τῆσδε
877 955 1053 1020 construxit
1067 954 1142 1040 quia
1155 952 1237 1017 idem
1255 970 1307 1020 est

197 1071 294 1145 utque
308 1059 489 1140 ἇφίοταοθε.
1071 1100 1073 1105 ·

242 1177 315 1245 723.
337 1164 432 1241 δεσμεῖ
454 1163 570 1243 μητρότ
594 1163 628 1225 ὲν
647 1163 727 1247 Φθίᾳ
747 1159 776 1222 α’
793 1161 853 1243 ῖγὸ
871 1159 1040 1224 Heathiur.
1063 1159 1172 1240 prppdr
1192 1159 1305 1240 δεσμά·

197 1262 233 1329 ὃν
246 1264 326 1349 Φθίᾳ
340 1265 370 1326 σ’
385 1264 444 1346 ἐγὼ
461 1266 533 1328 Pur.
548 1265 630 1327 A.B.
648 1263 734 1327 Flor.
746 1264 791 1326 A.
806 1282 855 1327 10.
869 1282 919 1347 15.
932 1263 978 1326 H.
992 1263 1095 1326 Tuur.
1109 1262 1190 1326 Gu.:
1214 1261 1306 1325 unde

195 1363 417 1452 interpolatum
432 1366 541 1449 μητρὸς
556 1364 649 1445 δέομ’·
672 1368 731 1446 ἐγώ
747 1363 776 1427 α’
793 1367 826 1428 ἐν
840 1365 876 1444 τῇ
891 1365 972 1448 Φθίᾳ
985 1364 1016 1427 in
1029 1364 1104 1427 Par.
1117 1365 1157 1427 E.
1170 1362 1257 1428 Flor.
1272 1384 1302 1429 2.

197 1466 291 1532 Lasc.
316 1466 432 1531 Bothio
443 1467 550 1549 pippis
560 1465 681 1547 δέσματ’
696 1465 892 1530 scribendum
911 1464 1085 1529 videbatur.
1109 1465 1203 1543 Quod
1218 1489 1304 1553 prae-

195 1567 361 1634 ferendum
378 1568 510 1634 Heuthii
531 1567 712 1634 oorreotioni
731 1568 824 1645 foret,
843 1568 868 1631 si
885 1567 1045 1632 Homerici
1060 1567 1204 1633 vooubuli
1225 1569 1299 1633 δέσ-

196 1697 276 1752 ματα
289 1671 433 1760 exemplu
447 1671 535 1760 apud
550 1671 683 1756 tragicos
696 1684 867 1735 exstarent.

240 1791 312 1858 727.
329 1774 387 1856 ἔφυ
403 1776 475 1838 Pur.
491 1776 577 1838 ΑΒ.
595 1772 681 1837 Flor.
698 1775 740 1837 A.
757 1793 806 1836 10.
821 1793 832 1836 r
838 1791 870 1856 5.
884 1772 929 1836 H.
952 1770 1058 1857 Vulgo
1071 1769 1169 1854 γένος.
1204 1773 1301 1837 Conf.

195 1897 227 1940 τ.
241 1876 314 1939 181.

240 1994 315 2062 731.
331 1980 484 2062 φλαῦρον]
502 1983 622 2061 φαῦλον
638 1979 684 2042 Η.

239 2098 313 2164 733.
336 2080 539 2164 ἔστι-ἐχθρὰ
557 2086 655 2159 ποιεῖ]
673 2083 727 2144 Ex
742 2080 792 2144 his
806 2078 908 2144 verbis
924 2080 1007 2143 Sam.
1024 2079 1147 2143 Petitus
1162 2079 1301 2145 Miscell.

194 2201 227 2268 3,
243 2184 290 2246 16.
312 2181 478 2268 colligebat
500 2181 614 2246 editam
639 2183 718 2247 huno
734 2181 874 2247 fabulam
895 2204 961 2245 esse
979 2181 1098 2269 olymp.
1115 2203 1168 2265 90,
1186 2201 1217 2249 2.
1231 2206 1301 2269 quo

195 2300 335 2372 tempore
352 2283 583 2348 Lucedaenronii
598 2285 737 2372 Argivos
758 2284 938 2349 invaserunt
960 2299 1088 2371 propter
1109 2307 1146 2349 ea
1167 2307 1240 2371 quae
1263 2285 1298 2350 in

195 2385 389 2462 Troezenios,
407 2387 633 2472 Spartanorum
648 2386 756 2462 socios,
773 2400 1047 2472 perpetraverunt:
1071 2385 1112 2448 de
1130 2384 1249 2471 quibus
1264 2410 1296 2451 v.

197 2487 348 2574 Thucyd.
370 2507 404 2572 5,
421 2489 475 2573 58.
496 2489 530 2566 6,
547 2507 578 2564 7.
601 2504 633 2552 et
655 2487 787 2552 Diodor.
801 2507 851 2564 12,
868 2489 917 2570 78.
964 2488 1032 2552 Nos
1053 2489 1225 2553 rationibus
1247 2489 1298 2553 usi

198 2589 301 2653 minus
318 2589 479 2654 fallacibus
501 2588 661 2676 aliquanto
682 2589 888 2677 antiquiorem
913 2589 993 2654 hano
1015 2589 1153 2655 fabulam
1176 2614 1241 2655 esse
1264 2591 1298 2655 in

196 2690 348 2778 prooemio
361 2691 598 2754 annotationum
613 2690 815 2756 ostendimus.

240 2812 314 2878 735.
336 2796 475 2859 ἐπελθεῖν
489 2796 543 2858 οὖν
558 2794 636 2859 θέλω
652 2796 726 2860 Par.
740 2797 824 2860 B.D.
841 2794 926 2859 Flor.
945 2798 989 2859 A.
1003 2813 1117 2880 10.15.
1163 2796 1298 2861 Codices

195 2894 305 2982 reliqui
320 2912 352 2960 et
368 2897 460 2960 Lasc.
477 2896 553 2960 Ald.
571 2900 744 2976 ἐπεξελθεῖν
759 2897 849 2975 θέλω,
865 2897 951 2984 quod
969 2899 1188 2963 revocandum.

239 3000 313 3082 736.
337 2997 413 3062 Ald.
439 2999 694 3080 στρατηλατήσας,
718 2998 789 3063 ὥσθ’
812 3001 985 3082 ὑποχείριον
1004 3007 1125 3080 λαβεῖν.
1145 3002 1172 3064 F
1175 3001 1233 3066 lor.
1247 3005 1295 3066 A.

196 3100 274 3164 ὥστε
296 3106 406 3180 λαβεῖν
426 3103 516 3184 ὑποχ.
562 3101 648 3166 Ηὶοο
671 3100 809 3164 Pierson.
827 3100 923 3164 Veris.
946 3123 979 3187 p.
1003 3105 1055 3184 64.
1079 3104 1157 3168 ὥστε
1178 3108 1298 3187 χειρίαν

195 3208 315 3282 λαβεῖν.
336 3203 755 3287 Parr.B.D.Flor.10.15.
778 3204 826 3266 sul
847 3210 958 3281 λαβεῖν
979 3207 1160 3288 ὑποχείριον.
1185 3208 1296 3272 Havu.

197 3305 245 3368 καὶ
266 3307 346 3388 ὖττοχ
379 3311 497 3384 λαβεῖν.
522 3307 588 3370 Gu.
607 3307 706 3370 Taur.
729 3304 753 3369 κ’
768 3306 941 3387 ὑποχείριον
954 3313 1076 3385 λαβεῖν.
1102 3309 1190 3372 Parr.
1206 3311 1294 3374 AB.

196 3405 281 3470 Flor.
308 3425 338 3470 2.
363 3407 453 3470 Luso.
480 3410 672 3491 χὺτοχείριον
698 3415 819 3487 λαβεῖν.
851 3409 1043 3472 ΜΑΤΤΗ.
1089 3410 1296 3476 Scribendunr

193 3507 388 3589 χύποχείριον
416 3514 537 3586 λαβεῖν.
582 3507 692 3572 Lectio
716 3508 902 3595 interpolato
930 3510 971 3574 ab
1001 3510 1132 3576 librariis
1161 3514 1293 3600 primam

195 3607 345 3696 syllabam
361 3631 417 3695 per
431 3609 529 3672 orasin
546 3610 676 3696 produci
692 3611 918 3696 ignorantibus.

240 3729 311 3795 745.
335 3714 405 3775 σκιὰ
427 3712 501 3775 Par.
518 3714 560 3776 A.
578 3714 685 3778 Huvn.
703 3716 802 3777 Taur.
825 3715 890 3777 Gu.
913 3715 1003 3779 Lasc.
1049 3716 1293 3783 Restituenduur

196 3817 266 3896 σκιᾷ
288 3835 326 3876 ex
343 3811 421 3877 Ald.
446 3819 531 3881 σκιᾶς
549 3818 607 3897 γὰρ
628 3817 818 3898 ἀντίστοιχον
838 3817 943 3897 φωνὴν
965 3818 1044 3900 ἔχεις
1065 3820 1176 3907 Etym.
1194 3823 1243 3884 M.
1259 3845 1292 3909 p.

202 3936 274 3996 114‚
287 3917 341 3996 46.
359 3915 497 3980 Gudiau.
514 3939 547 4003 p.
563 3921 615 3994 61,
631 3938 661 4000 9.

239 4019 292 4101 As]
312 4016 517 4082 Scribendunt
534 4019 576 4083 ὧν
589 4042 661 4083 oum
679 4019 816 4083 Reiskio.

240 4135 315 4202 747.
330 4119 435 4184 τέκνον
445 4123 509 4206 μοι]
527 4122 566 4186 σὺ
578 4121 685 4186 τέκνον
701 4124 747 4185 Η.

241 4241 314 4307 752.
332 4224 407 4311 νῷν]
426 4229 479 4287 νῦν
495 4224 594 4287 Taur.
611 4225 676 4287 Gu.
692 4223 769 4287 Ald.

241 4345 313 4410 759.
330 4328 419 4411 θεῶν]
438 4332 507 4391 θεοῦ
522 4329 594 4392 Par.
611 4329 652 4391 E.
670 4328 754 4392 Flor.
774 4348 802 4395 2.
819 4332 919 4396 Taur.
937 4333 1001 4397 Gu.
1019 4334 1110 4397 Loso.
1126 4333 1203 4399 Ald.
