2864 4914
545 281 613 343 AD
636 282 862 346 MEDEAM.
1186 284 1252 353 289

150 450 301 530 πόμπιμον
316 451 464 538 scripturn
485 451 524 517 sit
546 465 676 539 propter
686 452 870 541 adjunctum
887 478 936 532 σε,
952 451 1032 517 sicut
1046 452 1078 517 in
1095 454 1191 517 Rorn.
1207 456 1252 519 A.

150 575 293 637 perverse
308 554 457 641 scriptum
477 569 524 619 est
538 556 640 639 χάραν
654 578 713 642 pro
726 558 819 639 χάρα.
863 554 1069 621 scholiastes:
1092 558 1252 636 πόμπιμος,

149 654 241 735 ἤγουν
263 657 317 735 τὴν
339 660 563 740 ἕκπεμφθεῖσαν
579 658 796 742 ὑποδεχομένη,
823 659 875 722 οὐκ
897 657 970 737 oriri]
991 659 1140 739 πόμπιμος
1161 659 1251 736 odeo,

148 757 265 842 quibus
280 759 382 822 verbis
401 759 533 823 dubium
558 775 614 837 est,
632 777 738 824 utrum
762 758 923 849 lectionem
946 763 1096 841 πόμπιμος
1116 759 1253 847 expliea-

150 861 239 935 verit,
256 884 295 924 an
311 862 525 941 declaraverit,
542 865 691 943 πόμπιμος
706 877 787 927 stare
802 886 863 926 non
879 886 980 950 posse.
1002 862 1194 927 MATTH.

193 964 265 1047 849.
282 968 337 1029 τᾶν
351 966 579 1048 παιδολίτειραν
595 964 671 1049 ἕξει]
690 967 866 1030 Porsonus:
890 967 969 1029 Huc
988 967 1127 1052 respeoeil
1141 967 1251 1052 Hesy-

149 1069 247 1145 ettae,
263 1071 354 1155 αρίις
376 1070 484 1146 verbo,
503 1071 627 1156 parlim
649 1091 706 1156 ope
720 1070 846 1148 codicia,
861 1072 909 1134 ι’ία
923 1069 1080 1158 legendo:
1103 1067 1252 1133 Παιδολί-

149 1197 239 1252 τειρα,
261 1174 452 1254 παιδοφόνος.
487 1172 733 1253 Παιδολέπειραν,
756 1176 951 1255 παιδοφόνον.
990 1174 1114 1261 Nempe
1137 1172 1253 1237 Musu-

150 1297 219 1337 rus:
245 1274 456 1353 Παιδυλέτρια,
477 1277 668 1356 παιδοφόνος.
706 1274 922 1356 Παιδολίτερα,
938 1277 1134 1357 παιδοφόνον.
1169 1275 1249 1342 cod.

151 1376 382 1456 Παιδολέτερον,
399 1378 594 1459 παιδοφόνον.
632 1377 723 1441 Infra
744 1400 774 1442 v.
794 1380 888 1462 1360.
904 1383 968 1443 Φεῢ
990 1383 1050 1461 deii
1071 1382 1189 1461 μυσαρά
1204 1381 1252 1445 καί

148 1477 334 1560 παιδολέπορ.
359 1480 474 1543 ELM.

195 1583 268 1666 850.
292 1584 347 1647 πδν
361 1583 418 1666 οιίχ
433 1584 532 1657 ὁσίαν,
547 1580 609 1664 μετ’
626 1583 730 1648 άλλων
749 1582 754 1671 Ι
774 1583 888 1666 σκέψαι
909 1583 1019 1649 τεκέων
1037 1583 1172 1669 πλαγάν]
1200 1584 1252 1651 Sic

151 1682 267 1748 Aldus.
305 1686 397 1750 Lasc.
426 1686 550 1774 plenam
580 1685 822 1764 distinctionem,
854 1688 899 1749 H.
923 1685 1103 1774 Stephanus
1136 1685 1252 1772 aliique

152 1786 242 1850 inulti
265 1804 368 1852 notam
392 1788 642 1877 interrogationis
662 1805 734 1876 post
756 1791 847 1855 ὁσίαν
871 1789 1029 1853 exhibent.
1075 1787 1121 1851 Hi
1144 1810 1252 1853 omnes

148 1888 246 1975 igitur
266 1889 328 1970 μετ’
352 1892 456 1956 ὁλλων
485 1891 688 1978 sequentibus
706 1891 858 1978 jungunt.
895 1889 998 1955 Schol.
1022 1889 1173 1974 Πλαγάνε
1198 1891 1252 1971 τὴν

151 1994 278 2075 πληγὴν,
299 1997 384 2075 φησὶ,
406 2000 464 2058 τῶν
485 1993 672 2067 τέκνονκαὶ
693 1994 747 2058 τὸν
769 1994 874 2075 φόνον,
898 1994 938 2074 μὴ
958 1998 1111 2075 προπετῶς
1130 1995 1250 2076 δράσῃς,

40 2132 42 2136 ·
149 2096 231 2159 άλλδ
246 2099 389 2178 πρότερον
403 2096 466 2177 μεθ’
482 2098 564 2177 ἡμῶν
577 2093 595 2175 ἢ
610 2097 715 2160 άλλων
728 2101 818 2160 πινῶν
833 2096 946 2180 σκάψαι
961 2099 988 2161 εί
1002 2101 1087 2160 τοῦτο
1104 2098 1214 2178 δρᾶσαί
1222 2095 1250 2158 α’

150 2201 250 2281 ἐχρῆν.
282 2199 440 2285 Equidem
457 2199 529 2263 dedi
544 2224 562 2263 e
579 2197 799 2263 Brubachiana
813 2201 869 2262 πάν
883 2199 941 2282 οὐχ
955 2200 1045 2262 ὁσίαν
1058 2196 1121 2279 μετ’
1136 2199 1250 2273 άλλαν,

150 2301 181 2364 id
208 2316 265 2377 est,
289 2303 319 2364 ni
347 2302 449 2381 fallor,
471 2306 527 2367 πδν
550 2305 607 2386 οὐχ
632 2303 721 2366 ὁσίαν
746 2302 785 2368 ὥς
811 2303 840 2363 οἱ
866 2302 957 2364 άλλοι
981 2307 1111 2364 πολῖται,
1135 2301 1250 2364 ELM.

151 2404 282 2468 Rectius
304 2404 498 2492 interpretari
515 2406 639 2471 videtur
655 2402 834 2490 Pflugkius‚
850 2425 945 2491 qnam
965 2425 1029 2468 non
1038 2403 1104 2489 faa
1121 2413 1167 2468 err
1180 2426 1249 2468 mm

150 2510 225 2572 aliia
239 2510 355 2572 vivere.

195 2612 268 2695 852.
286 2615 361 2693 αἴρει
377 2610 556 2675 ElmsleiuS.
598 2608 801 2673 Scribebatur
815 2610 895 2690 αίρῇ.

195 2716 213 2776 8
215 2733 268 2799 53.
284 2714 393 2782 πάντες
406 2713 537 2796 πάντας]
556 2712 674 2781 πάντας
687 2712 796 2779 πάνπες
810 2712 897 2775 Α.Β.
912 2709 1027 2796 aliique
1041 2710 1193 2775 nonnulli.

195 2817 330 2901 855.μῆ
353 2817 444 2880 τέκνα
467 2815 545 2880 Ald.
581 2815 722 2892 Codices,
750 2829 787 2879 ut
811 2813 946 2891 videtur,
972 2835 1080 2878 omnes
1102 2828 1134 2879 et
1158 2815 1250 2880 Lasc.

151 2919 240 2983 τέκνα
253 2920 304 2999 μή.
344 2917 523 2982 Delendum
538 2918 577 2999 μὴ
593 2940 664 2982 cum
683 2915 850 2981 Bruncltio.

196 3024 268 3105 856.
284 3023 377 3087 πόθεν
391 3020 511 3085 codices
525 3037 557 3084 et
573 3021 664 3084 Lasc.
686 3025 749 3087 πῶς
763 3021 796 3084 δὲ
812 3017 890 3084 Ald.

195 3124 268 3208 857.
291 3122 417 3210 τέκνων]
441 3121 645 3186 Scribendum
669 3121 783 3188 τέκνοις
797 3141 869 3184 curn
885 3116 1047 3197 Elmsleio‚
1063 3117 1168 3183 deleto
1181 3133 1253 3206 post

151 3227 246 3308 λήψει
282 3240 445 3289 commate.
491 3227 574 3289 Nam
605 3224 720 3293 τέκνοις
747 3223 883 3289 cohaeret
912 3244 982 3285 curn
1013 3221 1116 3285 verbis
1152 3225 1253 3287 δεινδν

152 3328 349 3409 προσάγουσιν
370 3329 495 3408 τόλμαν,
513 3342 548 3391 ut
564 3352 593 3391 v.
610 3347 683 3412 993.
699 3328 804 3391 aowin
818 3327 946 3405 ὄλεθρον
958 3321 1119 3406 προσάγεις
1133 3323 1251 3389 dictum

152 3447 206 3494 est.
252 3432 302 3494 De
317 3430 442 3494 duriore
461 3430 626 3494 verborum
651 3429 831 3517 trajectione
852 3428 959 3492 confer
973 3450 1046 3513 quae
1067 3427 1108 3492 ad
1131 3451 1160 3492 v.
1175 3445 1250 3514 473.

152 3547 225 3597 sunt
239 3546 396 3597 annotato.

196 3637 267 3720 858.
286 3634 402 3720 καρδίᾳ]
421 3633 627 3698 Scribendum
644 3634 766 3715 καρδίαν
780 3651 852 3696 curn
875 3630 1036 3696 Elmsleio.
1074 3633 1253 3719 Utramque

154 3737 292 3802 Elnrsleii
315 3739 537 3823 conjecturam,
560 3737 675 3804 τέκνοις
698 3749 729 3799 et
752 3736 886 3816 καρδίαν,
908 3735 1073 3821 occupavit
1093 3734 1252 3811 Reisltius,

153 3840 205 3903 sed
229 3841 273 3904 ita
295 3856 331 3904 nt
354 3839 476 3902 laudern
499 3838 616 3903 inventi
639 3837 795 3925 perderet,
811 3859 911 3921 quum
928 3850 1028 3900 totum
1048 3838 1149 3901 locum
1167 3835 1255 3901 nulla

153 3943 260 4007 habita
275 3941 363 4006 metri
381 3941 498 4005 ratione
516 3941 558 4005 sic
580 3939 776 4005 scribendum
793 3951 940 4016 censeret,
955 3943 1017 4004 πῶς
1031 3940 1063 4000 δὲ
1079 3937 1190 4019 θράσος
1212 3941 1255 4006 είς

154 4045 265 4128 φρένας
288 4049 330 4111 είς
352 4047 474 4126 καρδίαν
495 4069 528 4108 πε
549 4042 648 4128 λήψῃ,
671 4043 749 4125 χειρὶ
770 4038 886 4106 πάκνοις
907 4039 998 4103 σέθεν
1017 4042 1119 4103 δεινὰν
1142 4039 1254 4122 προσά·

153 4174 250 4228 γσνσα
264 4150 379 4227 τόλμαν
391 4176 397 4220 ;

197 4254 268 4315 860.
284 4249 308 4313 δ’
324 4273 385 4313 om.
401 4250 467 4312 duo
480 4247 602 4312 codices
618 4246 702 4311 Flor.

196 4353 325 4436 ὄμματα]
345 4354 425 4431 ὄμμα
439 4353 483 4413 A.
499 4350 615 4436 aliique
630 4346 780 4412 nonnulli.

196 4455 428 4537 προσβαλοῦσα]
449 4456 669 4533 προσλαβοῦσα
685 4452 745 4532 (γρ.
760 4450 915 4529 βαλοῦσα)
933 4448 977 4511 A.
