2864 4914
242 284 286 350 94
606 282 984 347 ANNOTATIONES

218 504 223 508 .
238 448 280 513 de
293 448 422 513 crimine
435 451 696 516 communicando
706 475 778 516 cum
791 451 953 539 Apolline,
967 450 1020 514 ille
1034 448 1074 512 de
1091 447 1164 512 mali
1181 447 1352 527 levatione,

240 574 335 637 quam
351 553 478 615 Orestes
491 553 551 639 ipsi
565 553 733 617 videbatur
752 554 922 638 αὐτοχειρίᾳ
943 552 1130 629 moliturus;
1152 564 1353 637 quapropter

238 652 315 717 dicit
328 655 369 731 μὴ
383 654 514 718 θάνατον
526 658 616 733 εἴπῃς.
642 654 694 719 Sic
707 653 791 719 hunc
803 654 905 718 locum
919 669 1002 718 recte
1012 653 1165 739 explicuit
1176 652 1351 716 Heathius.

242 756 420 819 SCHAEF.
459 758 504 821 Et
519 757 605 844 prior
620 757 760 821 Heathio
774 757 948 821 scholiasta.

282 858 358 935 416.
380 857 488 938 μητρὸς
507 860 647 938 ἐκπρᾶξαι
669 861 780 943 φόνον]
807 859 858 923 sic
882 858 988 944 lphig.
1009 857 1089 920 Aul.
1103 874 1179 940 512.
1202 854 1352 936 θυγατρὸς

241 961 404 1041 αἱματηρὸν
419 962 562 1040 ἐκπρᾶξαι
575 962 684 1040 φόνον.

282 1077 358 1143 4ι7.
374 1060 402 1143 γ’
418 1059 563 1123 additum
579 1083 618 1123 ex
632 1061 724 1125 codd.
740 1060 892 1147 plurimis.

282 1163 358 1242 418.
375 1164 453 1226 εἰσὶν
467 1164 497 1225 ol
512 1163 578 1227 θεοί
590 1161 711 1249 aliquot
724 1161 817 1227 codd.
853 1160 1002 1247 Plerique
1015 1172 1046 1224 et
1064 1159 1141 1224 Ald.
1158 1161 1219 1223 eloi
1233 1161 1311 1223 θεοί.

282 1281 357 1344 424.
374 1265 452 1345 ἔφυν
466 1266 558 1345 φίλος
573 1263 763 1329 Bruuckiua.
801 1264 875 1345 ἔφνς
897 1263 986 1328 κακός
999 1260 1077 1324 Ald.
1093 1275 1130 1325 ut
1144 1260 1232 1324 Flor.
1249 1279 1279 1324 a.
1299 1281 1351 1325 10.

241 1381 293 1449 25.
316 1385 370 1450 33.
397 1366 471 1446 ἔφνς
494 1371 588 1431 κακῶς
607 1367 634 1429 Ι.
658 1368 777 1429 Contra
805 1367 897 1429 εἰπὼν
921 1369 1016 1429 κακῶς
1035 1384 1144 1426 omues
1168 1362 1351 1440 Bodleian,

241 1468 279 1531 C
295 1469 332 1531 C
349 1468 387 1529 C
405 1467 498 1527 Cant
512 1466 577 1528 Gu.
595 1465 681 1529 Flor.
697 1468 770 1550 6.9.
789 1483 837 1547 17.
854 1468 902 1529 18.
916 1483 967 1530 21.
979 1465 1181 1549 34Mosqu
1196 1465 1240 1527 D.
1256 1467 1350 1550 Aug.

239 1567 271 1630 b.
294 1566 377 1629 sed
369 1588 402 1629 ιιι
426 1565 513 1628 Flor.
529 1566 560 1628 6.
576 1585 607 1649 9
629 1588 726 1652 supra
748 1569 840 1631 εἰπόν
861 1566 1054 1652 adscriptum
1076 1592 1126 1647 γρ.
1149 1566 1236 1647 ἔφυς,
1256 1581 1294 1629 ut
1316 1566 1351 1630 in

239 1667 328 1749 Aug
343 1664 376 1727 d
392 1686 487 1751 supra
498 1665 620 1745 φίλους
636 1665 702 1729 ΚΧ
694 1688 725 1728 ιιι
743 1678 831 1729 textu
847 1665 942 1729 habet
964 1666 1050 1746 ἔφυς,
1067 1687 1163 1751 supra
1177 1691 1227 1746 γρ.
1244 1669 1350 1731 εἰπόν.

240 1799 286 1861 H.
303 1799 376 1880 ἔφνς
391 1765 487 1864 ruinis
502 1800 604 1874 εἶπόν,
617 1798 727 1863 litteris
740 1805 765 1878 β
780 1827 800 1863 ο
815 1799 1022 1886 significans,
1014 1821 1138 1862 inverso
1151 1798 1264 1863 ordine
1279 1799 1350 1865 haec

239 1898 401 1963 scribenda
419 1898 524 1963 fuisse.
571 1898 719 1964 Scholion
739 1900 827 1986 prius
847 1900 887 1964 ad
912 1912 1013 1964 utram
1034 1900 1198 1965 lectionem
1215 1917 1349 1987 spectet,

239 2025 302 2066 non
317 2002 426 2076 video;
452 2002 517 2066 duo
531 2001 672 2065 altera
646 2003 737 2065 ειπὸν
753 2008 845 2068 κακῶς
860 2001 1027 2088 explicant.
1051 2003 1246 2066 MATTH.

280 2106 356 2185 426.
373 2104 471 2166 Hunc
486 2125 610 2166 versum
625 2102 735 2166 laudat
747 2100 832 2166 Plut.
844 2102 884 2166 de
898 2126 965 2166 sera
975 2125 1063 2166 num.
1078 2103 1165 2167 vind.
1180 2127 1214 2190 p.
1223 2105 1289 2188 548
1301 2105 1349 2185 D,

238 2204 294 2270 ubi
309 2205 372 2269 vid.
387 2205 555 2292 Wyttenb.
572 2226 603 2291 p.
620 2225 669 2289 13.
693 2205 884 2268 MATTH.

281 2325 355 2391 429.
371 2312 435 2369 οῶν
449 2307 521 2384 αἷμα
532 2309 619 2392 Aug.
631 2305 663 2370 d.
676 2305 729 2369 sed
742 2328 820 2370 corr
832 2328 947 2370 aman.
960 2329 1019 2370 sec.
1045 2307 1134 2370 Idem
1148 2306 1243 2370 habet
1255 2310 1349 2396 Aug

238 2408 505 2471 e.ecorrectione
520 2429 632 2471 manus
646 2431 704 2470 sec.
735 2413 797 2470 σῶν
811 2407 909 2471 edidit
923 2408 1017 2471 etiam
1035 2407 1132 2494 King.
1170 2408 1349 2495 «iungenda

241 2507 297 2572 σὸν
312 2511 384 2588 οἶμα
406 2515 509 2591 χεροῖν
523 2531 582 2594 pro
597 2510 669 2587 αἷμα
690 2533 762 2571 σοιν
783 2515 895 2590 χεροῖν.
935 2509 1005 2572 Vid.
1023 2508 1163 2574 Brunclt.
1179 2510 1220 2574 ad
1245 2512 1348 2638 Soph.

240 2612 357 2675 Trach.
372 2612 447 2697 508.
465 2609 604 2674 Lobeck.
620 2609 660 2672 ad
677 2610 768 2695 Ajac.
786 2629 813 2692 7.
839 2611 1030 2674 MATTH.

282 2714 403 2798 νόμους]
422 2715 515 2792 νόμον
528 2711 649 2775 codices
665 2734 728 2774 sex.

280 2835 356 2899 430.
380 2813 541 2900 ἐκκλῄομαι
556 2813 771 2899 Musgravius
807 2815 974 2893 ἕκκλείομαι
988 2813 1118 2879 codices.
1153 2814 1349 2897 ἑκβᾶλλομαι

282 3021 340 3096 ὅπη
354 3015 484 3080 codices.
507 3016 575 3077 ὅποι
590 3013 666 3076 Ald.

281 3139 357 3204 431.
373 3118 518 3203 πολιτῶν]
536 3115 559 3178 δ’
576 3114 664 3178 addit
681 3115 766 3176 Flor.
782 3137 872 3178 unus.

275 3239 356 3305 ¹432.
374 3219 408 3283 τὸ
422 3233 494 3282 ante
508 3219 617 3299 Τροίας
631 3215 733 3280 omisit
749 3216 913 3301 typotheta
928 3217 1122 3282 oxoniensis.

280 3323 404 3405 Τροίας]
432 3323 545 3406 Inepta
559 3334 606 3381 est
627 3317 721 3404 hujus
743 3317 872 3402 genitivi
895 3319 1091 3404 ambiguitas.
1131 3321 1343 3389 Scribendum

239 3424 333 3505 Τροίᾳ
346 3443 417 3485 cum
435 3420 632 3504 Musgravio.

280 3542 356 3605 433.
386 3523 479 3602 φόνος
504 3520 624 3583 codices
649 3532 680 3582 et
703 3519 819 3581 Thom.
847 3520 896 3583 M.
927 3544 949 3582 a.
978 3530 1100 3604 τιμωρῶ.
1139 3527 1238 3606 φόνου
1263 3528 1344 3593 Ald.

238 3625 338 3686 Recte
360 3621 495 3706 explicat
517 3619 706 3697 ΒιιιιιοΙιὶιιι,
727 3622 898 3684 Ulciscitur
913 3631 941 3685 te
957 3625 1137 3690 Palanwdia
1159 3650 1259 3708 mora,
1275 3630 1298 3694 i.
1315 3655 1345 3695 e.

236 3731 272 3788 iu
288 3734 317 3788 te
331 3723 443 3786 recidit
462 3723 568 3807 patria
590 3723 638 3784 tui
654 3731 749 3785 atrox
758 3722 935 3806 judicium,
951 3747 1011 3809 quo
1030 3727 1141 3791 intorta
1157 3730 1345 3795 Palamedes

236 3826 454 3909 παραφοραὶ-ἰ.

279 3946 354 4011 434.
378 3925 412 3988 οὗ
427 3922 454 4005 γ’
471 3925 505 3987 οὐ
519 3923 641 4008 aliquot
654 3922 745 3986 codd.
762 3923 814 3985 οὐκ
829 3925 863 3986 οὐ
881 3925 918 3986 Β.
953 3929 1059 3991 οὔκουν
1075 3929 1152 3995 Ald.
1189 3936 1238 3996 διὰ
1252 3939 1343 4015 τριῶν

236 4044 318 4092 recte
334 4025 473 4089 Brunek.
489 4024 624 4110 explicat
638 4030 800 4099 παντελῶς,
813 4026 1024 4109 metaphoram
1042 4053 1102 4094 av.
1120 4032 1237 4113 τριάξαι
1252 4057 1342 4098 stim-

236 4147 298 4195 tam
313 4128 427 4192 diceus

279 4234 351 4315 436.
367 4233 404 4293 τὰ
419 4222 486 4311 viv]
506 4228 606 4290 Recto
621 4233 711 4290 τανῦν
727 4225 802 4288 Ald.

279 4353 351 4418 439.
369 4332 448 4414 ἔχεις
462 4333 556 4394 εἰπεῖν
570 4328 661 4393 codd.
680 4328 787 4392 multi:
812 4329 863 4391 alii
879 4334 973 4394 εἰπεῖν
989 4334 1069 4416 ἔχεις
1083 4358 1157 4399 cum
1172 4338 1252 4403 Ald.

279 4454 351 4517 443.
367 4431 568 4513 ὑπερβάλλων
583 4432 620 4493 Β.
646 4430 747 4492 Ceteri
763 4429 853 4493 codd.
870 4443 900 4492 et
920 4432 996 4496 Ald.
1014 4437 1204 4516 ὑπερβαλόν.
