2864 4914
172 277 235 339 148
533 275 912 341 ANNOTATIONES

171 447 338 534 legendum
355 447 405 525 sit,
421 446 597 527 κεκλήσεται
612 448 757 528 Θήβαισι.
791 449 831 512 In
848 447 961 535 Suppl.
974 461 1048 532 915.
1063 468 1121 533 pro
1131 444 1275 528 γενέσθαι

172 572 275 614 veram
292 548 454 614 lectionem
471 550 605 614 servavit
622 550 766 615 Stoboeus
783 573 815 637 p.
831 570 861 635 3.
878 554 1049 631 κεκλῆσθαι.
1066 548 1169 613 POR.
1198 548 1277 610 Par-

172 666 234 716 tem
257 664 379 716 tantum
395 651 458 715 ven'
475 650 553 715 vidit
569 649 808 716 Valckenarius:
840 652 1039 739 nequeenim
1054 650 1273 716 animadvertit

172 753 399 841 praecedentem
420 777 545 818 versum
562 754 703 835 ὀδυνηρὸς
724 755 769 837 ἆρ’
786 757 803 819 ὁ
817 761 946 822 πλοῖπος
960 754 996 819 ὃν
1008 760 1102 835 ζητεῖς
1116 754 1199 837 ἔχειν
1211 774 1274 815 non

172 857 270 944 magis
284 879 378 943 quam
394 855 527 921 alterum
541 855 630 920 illum
647 857 739 920 scribi
755 858 796 921 ab
813 857 969 945 Euripide
984 857 1130 942 potuisse.
1175 856 1275 920 Utro·

172 982 235 1046 que
257 958 355 1045 igitur
379 959 479 1045 ejecto
500 961 638 1022 Jocastae
660 958 701 1022 ad
723 959 884 1024 Eteoclem
909 960 1008 1024 oratio
1029 957 1218 1046 gravissimis
1241 971 1276 1020 ut

171 1062 233 1126 fert
246 1061 277 1124 in
290 1060 470 1147 hujusmodi
483 1059 557 1124 locis
569 1083 635 1124 mos
647 1062 847 1148 tragicorum,
859 1062 968 1127 finitur
979 1061 1082 1126 verbis
1092 1060 1275 1147 561—565.

171 1187 244 1250 quae
258 1162 432 1227 absurdum
446 1162 557 1226 fnisset
571 1176 633 1226 tam
654 1163 767 1249 jejuna
786 1164 942 1229 debilitari
959 1164 1143 1252 appendice,
1158 1163 1190 1228 in
1213 1184 1277 1248 qus

171 1265 278 1330 nullus
291 1264 383 1352 plane
398 1263 494 1327 animi
509 1279 613 1328 motus
627 1265 827 1352 conspicitur.

215 1371 289 1454 569.
305 1366 459 1450 ἀνήψατο]
477 1367 626 1448 ἠμείψατο
647 1367 740 1431 codd.
757 1368 858 1444 multi,
875 1393 958 1433 unus
973 1372 1133 1453 ἀμείψατο.

214 1486 290 1556 570.
312 1470 418 1556 πόλιν]
442 1468 559 1550 πάτραν
589 1470 769 1534 OEnomaus
797 1472 927 1536 Eusebii
958 1475 1062 1560 Praep.
1093 1473 1155 1536 Ev.
1182 1474 1213 1534 6.
1246 1493 1277 1556 p.

176 1591 237 1660 259
259 1575 297 1638 C.

215 1692 290 1761 572.
312 1681 374 1742 πῶς
396 1674 575 1753 ἀναστήσεις
597 1674 674 1739 Ald.
697 1677 797 1740 MSS.
844 1676 904 1741 Sed
928 1678 1094 1755 ἀναστῆσαι
1116 1674 1280 1760 Euripidis

173 1793 266 1843 aetate
287 1793 365 1855 erat,
389 1778 540 1862 dey'ectnm
563 1779 708 1865 erigere·
733 1777 852 1842 literam
876 1777 972 1863 igitur
989 1777 1122 1855 restitui,
1141 1800 1159 1841 e
1180 1778 1278 1840 MSS.

173 1882 361 1964 infra1672.
377 1879 612 1944 restituendam.
658 1882 698 1945 ln
714 1880 879 1966 Aristoplr.
896 1878 982 1943 Plut.
996 1897 1071 1963 453.
1086 1880 1228 1960 τρόπαιον
1242 1879 1281 1942 ἂν

174 1984 318 2064 στήσαιτο
332 1981 473 2069 postulat
488 1980 636 2069 syntaxis
658 1984 763 2048 POR.
792 2058 801 2072 .

217 2103 292 2173 573.
316 2083 444 2168 κατάρξῃ
466 2083 544 2150 Ald.
572 2083 723 2166 κατάρξεις
749 2083 891 2172 plerique
913 2084 1013 2148 MSS.
1041 2082 1184 2168 κατάρξῃς
1205 2081 1277 2155 alii;

178 2191 232 2256 sed
249 2192 341 2254 Cant.
358 2203 441 2253 recte
457 2188 604 2270 κατάρξει.
621 2188 725 2251 POR.

219 2293 351 2380 πάτραν]
367 2319 416 2375 γρ.
432 2294 522 2356 πάλιν
537 2292 626 2377 Aug.
645 2312 738 2355 unus.

215 2411 292 2481 574.
316 2393 407 2458 Libri
428 2395 484 2458 καὶ.
511 2396 569 2460 κείς
584 2391 816 2456 Valckenarius.
863 2391 924 2456 Sed
941 2390 1139 2456 scribendum
1156 2392 1208 2457 κάς
1223 2413 1277 2454 ea·

174 2498 310 2584 demque
324 2496 429 2571 erasis,
441 2517 537 2582 quam
548 2494 634 2582 apud
645 2494 809 2582 Aristopb.
825 2494 1042 2574 Acharn.184.
1055 2495 1118 2556 Av.
1130 2513 1204 2577 949.
1217 2516 1280 2557 ser-

174 2614 289 2665 varunt
304 2599 376 2662 libri
390 2597 512 2685 optimi,
528 2596 721 2661 restituenda
734 2595 922 2677 infra1064.
936 2598 1027 2660 1660.
1043 2597 1115 2660 Alc.
1130 2595 1202 2676 841.
1220 2597 1279 2659 Tr.

175 2721 251 2787 474.
269 2700 385 2766 Bacch.
400 2715 473 2783 743.
491 2697 565 2762 Hel.
581 2716 655 2777 402.
670 2698 743 2763 881.
758 2720 770 2762 r
774 2717 794 2782 5
796 2699 849 2783 58.
867 2698 936 2761 Ion.
952 2713 1046 2782 1572.
1061 2700 1158 2762 Herc.
1174 2701 1265 2781 1276.

219 2822 292 2891 577.
308 2802 419 2887 γένοιθ’
435 2802 555 2888 aliquot
569 2800 661 2865 codd.
711 2800 860 2888 Plerique
872 2823 944 2865 curn
960 2800 1040 2865 Ald.
1063 2800 1172 2883 γένοιτ’
1188 2802 1235 2865 tv.

220 2908 331 2991 γένοιθ’
348 2906 412 2992 ὑφ’]
431 2906 539 2989 γένοιτ’
555 2905 606 2988 ἀφ’
623 2906 789 2970 Dobraeus.

220 3009 295 3094 578.
317 3008 500 3095 ὑπερδράμῃ]
519 3008 570 3072 Sic
592 3030 650 3094 pro
671 3004 839 3089 ὖπεκδράμή
855 3006 1001 3085 Grotius,
1016 3004 1064 3069 vel
1084 3028 1122 3069 ex
1139 3006 1215 3069 MS.
1231 3005 1281 3070 vel

176 3135 194 3177 e
213 3110 338 3175 Canten'
359 3111 549 3197 conjectura,
563 3125 595 3174 et
617 3110 659 3174 sic
681 3109 791 3197 legisse
813 3109 996 3174 scholiasten
1018 3124 1105 3196 patet
1125 3133 1164 3174 ex
1187 3110 1282 3174 intera

178 3213 351 3303 pretatione
365 3214 446 3299 ejus,
461 3212 608 3295 ὑπέρτερα
622 3213 754 3295 γένηται.
771 3212 875 3276 POR.

221 3318 296 3402 584.
313 3318 438 3399 ἀμαθέα]
457 3316 579 3395 άμαθίαι
593 3314 713 3400 aliquot
727 3313 818 3379 codd.
834 3330 866 3379 et
881 3312 1054 3378 scholiasta.

221 3420 299 3504 585.
315 3422 475 3500 αἴσχιστον
492 3418 531 3481 Β.
557 3416 698 3499 ἔχθιστον
713 3415 793 3480 Ald.

221 3520 298 3606 588.
315 3520 356 3584 ἔθ’
372 3521 455 3600 άγὸν
470 3517 686 3604 Musgravius.
709 3517 771 3582 ἔστ’
788 3521 866 3600 ἐγὼν
881 3518 961 3581 libri.

223 3623 296 3706 589.
320 3622 374 3684 οὖν
387 3620 485 3704 μέσῳ]
503 3619 684 3704 Antiquum
707 3619 861 3685 scribendi
880 3619 1009 3685 modum
1025 3603 1162 3705 οὑμμέσῳ
1178 3643 1282 3686 serva·

183 3738 258 3788 runt
275 3724 319 3786 H.
335 3736 367 3785 et
381 3721 446 3785 duo
460 3720 523 3785 alii.

225 3841 301 3910 591.
318 3826 396 3887 ὥστε
411 3824 461 3906 με]
481 3821 687 3885 Scribendum
703 3822 771 3887 ὥστ’
790 3826 840 3903 ἐμὲ
854 3846 892 3887 ex
909 3822 993 3887 Flor.
1011 3846 1084 3889 uno.

226 3927 394 4008 σκήπτρων]
422 3929 573 4004 σκῆπτρον
595 3924 633 3985 Β.
655 3923 770 4010 aliique
792 3947 852 3989 non
876 3926 976 4011 pauci.
1022 3927 1114 4004 Quod
1141 3928 1286 3994 librarius

181 4029 294 4115 aliquis
315 4027 420 4114 posuit
442 4024 565 4088 usitatae
586 4025 807 4089 recentioribus
823 4025 943 4089 Graecis
965 4028 1051 4091 verbi
1075 4038 1194 4111 κρατεῖν
1212 4054 1285 4096 con-

183 4129 345 4197 structioni
359 4137 513 4192 assuetus.
557 4122 680 4187 Eodem
695 4125 789 4190 modo
803 4141 963 4212 peccatum
979 4152 1011 4192 v.
1028 4148 1119 4216 1253.
1137 4132 1192 4197 ubi
1213 4132 1285 4197 libri

185 4233 275 4299 multi
291 4235 439 4311 σκῖρττρον
456 4231 571 4308 κρατεῖς
584 4247 643 4312 ρτο
657 4227 813 4309 σκήπτρων
829 4235 950 4310 κρατεῖς.

226 4352 299 4422 594.
315 4334 358 4402 τίς
373 4334 412 4396 Β.
430 4328 544 4415 aliique
558 4324 659 4389 multi.
682 4329 726 4393 τίς
742 4328 768 4389 δ’
786 4327 863 4391 Ald.

223 4440 298 4526 596.
312 4435 449 4517 βεβηκός
465 4427 680 4515 Musgravlus.
703 4428 837 4508 βέβηκας
851 4428 931 4493 libri.
