2864 4914
492 283 559 345 AD
582 282 918 348 HIPPOLYTUM.
1190 285 1256 355 stt

158 451 183 514 J
187 451 297 514 ononis
311 474 418 530 curru,
436 452 474 518 Il.
494 459 531 517 E.
548 454 621 536 728.
637 456 714 519 δοιαὶ
728 457 761 519 δὲ
775 457 946 537 περίδρομοι
962 453 1087 537 umes
1108 457 1176 522 elur.
1202 455 1258 522 uhi

159 551 323 618 scholiasta
347 556 456 621 Venet.
478 555 634 639 Ἀντνγες·
657 560 695 622 rh
717 558 766 621 ἐπὶ
787 563 840 622 τοῦ
861 560 967 641 δίφρου
990 557 1146 638 ἣμῖκυκλα,
1169 558 1258 625 ἔνθεν

161 656 208 719 καῖ
222 659 260 719 τὰ
273 658 342 735 ἡνία
357 657 540 737 ἔξύπτονται.
557 660 707 724 ΜΟΝΚ.

206 758 298 843 1189,
320 760 456 824 αὐταῖσιν
471 762 667 850 ύρβύλαισιν]
684 763 808 847 αὐτῇσιν
822 763 991 844 όρβύλῃσιν
1004 759 1083 826 Ald.
1098 773 1130 826 et
1145 762 1257 850 Etym.

160 860 208 922 M.
226 883 257 946 p.
273 881 282 923 ι
290 881 308 945 3
311 878 343 944 5,
358 880 406 926 12.
423 865 540 944 ἀρβύλη
556 863 744 929 Eustathius
756 878 789 929 st
804 863 968 929 scholiasta
988 862 1028 927 de
1043 878 1131 949 parte
1145 886 1257 928 currus

159 962 325 1049 accipiunt,
341 965 373 1027 in
389 988 451 1050 qus
467 966 568 1030 stabat
581 964 709 1052 auriga3
733 966 825 1052 cujus
835 963 1066 1052 significationis
1075 964 1256 1051 exemplum

159 1086 313 1150 nusquam
344 1080 453 1131 exstat.
502 1068 526 1131 J
530 1090 614 1153 ungo
643 1066 749 1153 itaque
779 1069 961 1148 ύρβύλαισιν
989 1068 1123 1148 ἁρμόσας
1153 1068 1255 1143 πόδας,

157 1189 254 1253 quum
267 1169 398 1253 pedibus
412 1170 527 1234 calcem
542 1170 705 1234 induisset.
728 1171 760 1232 N
762 1192 798 1233 ec
813 1182 915 1234 tamen
927 1193 946 1233 a
959 1170 1085 1255 Musgr.
1097 1167 1255 1248 dissentio,

158 1268 213 1355 qui
229 1271 365 1334 αὐταῖσιν
379 1294 436 1334 suo
449 1270 568 1357 judicio
583 1271 697 1358 frigere
718 1270 810 1336 dicit:
834 1270 912 1358 quid
935 1270 1016 1335 enim
1039 1270 1165 1351 mirum,
1183 1292 1255 1335 eum

158 1370 266 1435 calceis
291 1372 444 1459 expeditis
472 1389 504 1437 et
535 1373 695 1437 vilioribus
722 1373 818 1460 pedes
843 1373 1016 1448 inseruisse,
1040 1373 1143 1440 exutis
1169 1373 1258 1438 haud

158 1471 253 1536 dubie
270 1474 432 1561 Sicyoniis
447 1498 526 1562 quas
540 1475 571 1538 in
588 1475 685 1562 patris
698 1474 771 1539 aula
783 1475 952 1562 gestabat?
975 1477 1170 1540 MATTH.
1207 1478 1257 1541 At

159 1573 217 1637 hoc
232 1592 323 1661 pacto
338 1578 475 1642 αὐταῖσιν
488 1600 549 1642 non
566 1577 666 1642 solum
681 1577 844 1664 frigidum,
860 1578 914 1642 sed
930 1578 1022 1666 plane
1036 1578 1176 1665 ineptum
1197 1593 1254 1644 est.

158 1678 240 1741 Vera
263 1678 386 1742 videtur
407 1680 573 1766 explicatio
594 1679 777 1761 scholiastae,
798 1688 863 1749 ταῖς
885 1686 937 1745 τοῦ
959 1681 1088 1762 όρματος
1111 1681 1179 1762 περὶ
1200 1680 1255 1761 τὴν

158 1780 279 1861 ἄντυγα,
296 1781 369 1845 ἔνθα
383 1782 436 1861 τὴν
451 1781 559 1846 στάσιν
575 1782 639 1865 ἔχει
653 1785 670 1845 ό
686 1783 816 1865 ἡνίοχος.

200 1884 292 1949 πόδας
311 1885 383 1946 Par.
400 1885 486 1948 EH.
503 1886 594 1949 Lusc.
617 1887 695 1950 πόδα
710 1884 787 1949 Ald.
803 1898 834 1949 et
849 1883 970 1949 codices
983 1884 1143 1971 plerique:
1166 1883 1254 1972 quod

156 1985 377 2049 revocandum.

205 2104 297 2172 1195.
314 2088 440 2175 ὁμαρτῆ]
456 2092 568 2171 όμαρτῇ
585 2088 663 2153 Ald.

200 2188 266 2274 ὑφ’]
284 2189 331 2272 ἐφ’
349 2192 422 2254 Par.
438 2193 524 2254 Am.
541 2193 568 2255 F
571 2190 627 2256 lor.
645 2209 694 2255 10.

200 2291 341 2377 ἅρματος]
359 2295 465 2377 ἅρματι
481 2294 555 2358 Par.
572 2296 614 2357 A.

203 2410 295 2478 1197.
318 2397 371 2474 τὴν
394 2396 478 2464 εὐθὺς
494 2395 625 2479 Ἀργους
647 2395 836 2475 κᾶπιδαυρῖας
857 2394 940 2477 ὀδόν]
961 2392 1101 2457 Unicum
1121 2392 1253 2475 honest,

156 2496 196 2561 de
217 2521 281 2583 quo
302 2498 429 2584 quidem
451 2499 554 2563 dicero
574 2521 679 2585 operae
698 2496 832 2584 pretium
857 2495 907 2571 sit,
928 2495 960 2560 iu
976 2510 1115 2560 veterum
1131 2496 1255 2561 Attico-

81 2633 87 2655 ·
157 2621 227 2663 rum
244 2600 364 2687 scriptis
378 2601 556 2689 exemplum
573 2599 735 2689 particulae
755 2601 839 2668 εὐθὺς
860 2621 919 2687 pro
941 2597 1010 2662 εύθδ
1031 2596 1151 2684 positoe,
1166 2599 1253 2686 agni-

157 2715 222 2764 tum
240 2702 280 2766 ab
296 2702 411 2766 Photio
425 2727 457 2789 p.
474 2723 528 2788 32,
543 2722 590 2769 12.
629 2704 709 2769 Εύθὺ
725 2705 822 2785 (recte
837 2701 923 2768 εὐθὺς
936 2698 1117 2764 Meinekius
1132 2701 1251 2777 Qnoest.

31 2797 33 2800 Α
156 2827 235 2868 scen.
255 2823 283 2867 2.
300 2827 330 2891 p.
345 2811 416 2890 33.)
439 2809 582 2870 Avxcloo:
606 2807 640 2869 τὸ
664 2810 706 2873 εἰς
722 2807 857 2870 Λύκειον·
880 2804 951 2866 ὅθεν
968 2802 1187 2884 Ἐρατοσθένης
1204 2805 1253 2868 καὶ

128 2982 130 2988 s
156 2910 204 2969 διὰ
225 2911 311 2970 τοῦτο
333 2909 491 2973 ὑποπτεύει
516 2909 583 2976 τοὺς
610 2913 791 2975 Μεταλλεῖς.
827 2908 876 2971 καὶ
899 2906 1056 2986 Εὐριπίδης
1079 2906 1132 2970 oris
1158 2908 1253 2988 όρθῦς

156 3016 178 3046 “
191 3009 255 3087 Τὴν
267 3009 351 3075 εὐθὺς
361 3008 490 3091 Ἀργους
502 3011 550 3074 καὶ
559 3009 750 3092 Ἐπιδαυρίας
760 3007 859 3074 όδόν.”
883 3009 932 3072 At
942 3007 968 3072 si
979 3029 1086 3072 verum
1099 3022 1146 3072 est
1157 3007 1253 3072 Euri-

155 3111 259 3198 pidem
270 3111 424 3198 scripsisse
436 3114 529 3186 εὐθὺς,
542 3114 795 3190 Eratosthenem,
806 3134 899 3198 quem
911 3111 963 3174 vix
976 3110 1033 3176 hoc
1042 3110 1154 3198 fugere
1164 3125 1252 3198 pote-

154 3229 212 3290 rat,
226 3213 387 3278 fatendum
399 3228 446 3277 est
460 3212 614 3279 levissimo
625 3230 732 3279 contra
744 3219 919 3280 Μεταλλεῖς
928 3211 1079 3290 fabulam,
1091 3213 1132 3277 ab
1143 3212 1253 3279 multis
1343 3287 1346 3297 Ι

156 3316 333 3382 Pherecrati
350 3317 510 3394 tributam,
527 3339 617 3381 usum
632 3338 698 3381 esse
715 3329 909 3402 argumento.
954 3315 1038 3378 Nsm
1061 3313 1087 3378 si
1101 3314 1250 3402 Euripidi

153 3435 282 3506 propter
304 3419 394 3483 metri
416 3419 552 3505 aliquam
576 3417 801 3495 necessitatem,
821 3415 847 3480 si
869 3415 963 3480 modo
986 3413 1053 3480 ulls
1071 3415 1144 3494 fuit,
1168 3417 1252 3484 εὐθὺς

154 3519 255 3586 dicere
283 3521 368 3586 licuit
393 3537 501 3586 contra
526 3520 707 3585 Atticorum
734 3517 1002 3597 consuetudinem,
1027 3517 1138 3604 quidni
1165 3518 1250 3583 idem

153 3624 265 3709 aequali
292 3624 411 3689 licuerit
437 3639 538 3710 poetae
561 3621 766 3688 Pherecrati?
810 3621 899 3685 Hinc
921 3619 995 3685 mihi
1019 3636 1092 3685 nata
1114 3621 1251 3708 suspicio

152 3743 210 3802 est,
228 3727 310 3793 εὐθὺς
327 3742 399 3812 post
413 3724 630 3791 Eratosthenis
648 3724 775 3789 demum
799 3738 941 3808 tempora
960 3721 992 3786 in
1009 3722 1173 3810 Euripidis
1194 3746 1249 3788 ex·

153 3826 301 3913 emplsris
314 3852 379 3892 esse
393 3827 527 3905 illatum,
543 3843 665 3915 poetam
681 3838 787 3891 autem
799 3825 853 3903 τὴν
864 3823 933 3890 εὐθὺ
944 3822 1072 3906 Ἄργους
1083 3825 1248 3913 scripsisse.

154 3929 341 4014 Cujusmodi
356 3930 476 3995 hiatum
491 3929 574 3994 omni
585 3927 718 3993 liberum
731 3950 797 3991 esse
806 3925 974 3991 offensione
985 3943 1018 3993 et
1028 3928 1107 3993 ratio
1117 3927 1207 3994 dooet
1219 3946 1252 3994 et

152 4031 297 4118 exemplo
325 4030 479 4096 simillima
506 4031 700 4096 confirmant.
757 4032 809 4095 Ita
836 4029 890 4110 ἡδὺ
917 4029 1005 4116 apud
1033 4030 1249 4118 Antiphanem

153 4133 301 4200 Athenaei
317 4134 348 4198 6.
363 4156 395 4219 p.
413 4135 474 4217 258
489 4157 518 4197 e.

281 4237 338 4319 οὐχ
352 4237 424 4315 ἥδύ;
449 4235 515 4315 ἐμοὶ
527 4236 583 4314 μὲν
596 4238 672 4313 μετὰ
685 4234 720 4298 τὸ
734 4240 875 4299 πλουτεῖν
889 4235 1036 4314 δεύτερον.

151 4338 207 4403 ubi
222 4339 389 4414 Musurus,
406 4352 442 4402 ut
461 4336 632 4422 exspectari
654 4350 787 4423 poterat,
800 4338 856 4417 ἡδύ
874 4335 902 4420 γ’
917 4335 1028 4413 edidit,
1042 4333 1248 4421 quemadmo-
