2864 4914
196 275 260 339 240
556 275 934 339 ANNOTATlONES

240 445 314 513 862.
329 447 426 528 φόνου
440 447 485 511 Α.
501 469 583 533 apr.
599 469 640 511 m.
660 449 700 511 B.
715 447 831 533 aliique
843 445 995 511 nonnulli.
1034 443 1100 508 Alii
1115 445 1212 527 φόνον
1226 467 1299 509 eum

195 547 273 612 Ald.
289 548 501 635 interrogandi
517 550 607 635 signo
622 566 691 636 post
708 534 835 634 σχήσεις
848 549 961 636 posito.

239 652 313 732 864.
330 651 420 734 χέρα]
437 657 525 734 χεῖρα
539 654 583 717 Α.
599 652 714 738 aliique
728 675 800 716 cum
817 655 908 717 Lusc.

239 755 362 838 φοινίαν
384 755 472 818 Flur.
497 774 525 821 2.
549 770 580 820 et
604 757 697 821 Lasc.
735 757 883 843 Plerique
904 755 996 820 codd.
1024 755 1144 837 φονίαν.
1179 757 1300 836 φοίνιον

196 857 274 922 Ald.

239 960 312 1044 865.
330 960 489 1040 εὐτλάμονι
505 963 718 1025 Hermunnus.
752 964 825 1026 Non
841 974 950 1046 aptum
968 959 1039 1023 huie
1054 961 1122 1023 loco
1137 958 1297 1038 εὐτλάμονι

196 1060 369 1148 nititurque
400 1063 465 1127 haec
491 1064 669 1148 conjectura
695 1063 825 1128 lectione
852 1061 970 1126 Aldina
1000 1064 1034 1125 ἐν
1059 1061 1196 1141 τλάμονι,
1222 1086 1297 1147 quoe

195 1164 279 1227 omni
295 1165 357 1228 fide
371 1181 417 1230 est
432 1165 591 1231 destituta.
636 1169 718 1231 Num
742 1165 861 1229 codices
883 1186 989 1227 omnes
1007 1180 1039 1228 et
1062 1165 1153 1228 Luse.
1170 1164 1297 1244 τλάμονι

194 1267 260 1332 sine
287 1267 506 1354 praepositione
528 1270 689 1348 exhibent,
716 1268 772 1331 nisi
801 1267 887 1354 quod
913 1266 943 1329 in
974 1266 1132 1330 nonnullis
1160 1267 1296 1347 τλήμονι,

195 1369 413 1458 scriptumest.
436 1373 469 1436 ἐν
480 1371 601 1437 addidit
613 1388 768 1437 corrector
777 1371 926 1444 Amilos,
941 1385 976 1434 ut
991 1369 1084 1433 verba
1098 1369 1199 1432 versui
1216 1383 1294 1432 stro·

193 1472 287 1561 phico
301 1489 490 1558 exaequaret.
517 1475 642 1555 τλάμονι
656 1492 702 1539 est
717 1476 850 1538 crudeli.

239 1575 312 1658 867.
328 1577 380 1639 οὐκ
395 1575 433 1639 ἂν
447 1575 568 1640 oodices
582 1600 689 1641 omnes
704 1592 735 1641 et
751 1579 842 1641 Lusc.
858 1599 929 1639 cum
946 1574 1023 1638 Chr.
1042 1574 1111 1636 Par.
1128 1574 1218 1657 1983.
1245 1574 1297 1637 οὐκ

195 1676 234 1739 άν
247 1674 275 1759 γ’
292 1677 372 1740 Ald.
408 1679 481 1742 Hoc
497 1702 624 1765 quoque
638 1703 657 1743 a
672 1694 843 1743 correctore
858 1677 992 1764 positum
1010 1692 1066 1753 est,
1082 1673 1120 1738 ἂν
1136 1674 1297 1761 particuloe

195 1800 371 1843 mensuram
392 1779 565 1866 ignorante,
581 1781 621 1845 de
635 1806 700 1867 qna
715 1781 780 1844 dixi
795 1781 835 1844 ad
852 1779 961 1844 AEseh.
980 1781 1064 1865 Sept.
1081 1777 1119 1841 ad
1138 1778 1204 1840 Th.
1220 1781 1295 1861 562.

238 1886 290 1943 τοῦ
305 1881 338 1945 δέ
353 1881 379 1963 γ’
397 1885 491 1946 Rom.
509 1886 547 1947 C.
566 1883 652 1946 Flor.
670 1902 699 1946 2.
717 1882 793 1946 Ald.
809 1896 841 1946 et
857 1882 935 1946 Chr.
954 1883 1024 1945 Pat.
1058 1880 1145 1943 τοῦδέ
1160 1879 1184 1942 τ’
1203 1881 1295 1944 Lasc.

194 1987 280 2048 τοῦδε
295 1982 319 2045 τ’
336 1985 381 2047 Η.
421 1985 524 2049 Ceteri
537 1984 657 2049 codices
673 2008 780 2048 omnes
794 1983 871 2049 τοῦδ’
888 1983 938 2048 ἔτ’.

239 2085 312 2167 871.
330 2085 358 2149 π’
374 2089 458 2150 ΑΒ.
474 2087 598 2174 aliique.
637 2087 703 2151 Alii
718 2086 746 2171 γ’
761 2110 832 2151 cum
850 2089 941 2151 Lusc.
957 2101 987 2149 et
1003 2084 1090 2155 Altl.

240 2190 314 2270 874.
336 2191 550 2273 βουλεύουσιν]
574 2192 782 2270 βουλεύσασιυ
804 2191 898 2253 Rom.
918 2192 956 2253 C.
971 2205 1002 2252 et
1018 2187 1096 2251 Ald.
1136 2188 1175 2250 In
1199 2185 1295 2249 alteru

196 2288 325 2354 lectione
339 2292 491 2356 consentit
506 2294 616 2380 Etym.
633 2295 683 2357 M.
702 2315 731 2378 ρ.
749 2313 823 2377 292,
842 2312 891 2376 13.

240 2394 313 2475 878.
345 2394 397 2458 οὐκ
426 2395 700 2478 άπαλλαχθήσομαι
719 2395 723 2482 Ι
743 2400 834 2475 θυμοῦ
846 2396 870 2479 ;]
902 2393 1068 2458 Notandus
1094 2392 1296 2479 imperativus

196 2495 306 2582 primae
320 2520 472 2584 personne,
488 2497 512 2560 si
528 2497 571 2561 ita
586 2499 674 2584 loqui
697 2496 777 2561 licet.
815 2498 918 2560 Verba
932 2496 1012 2559 enim
1030 2497 1081 2559 οὐκ
1097 2495 1294 2578 ἀπαλλαχθή-

197 2625 245 2662 σει
262 2598 324 2684 (vel
341 2598 523 2677 ἀπαλλάξει)
543 2605 635 2679 θυμοῦ
649 2599 752 2664 valent
769 2599 978 2683 άπαλλάχθητι
1000 2604 1101 2679 θυμοῦ.
1149 2597 1296 2661 Similiter

197 2718 300 2764 noster
323 2701 426 2765 Andr.
451 2720 542 2767 1210.
566 2704 612 2766 Οὐ
634 2704 821 2784 ππαράξομαι
844 2704 953 2790 κόμαν,
975 2702 980 2789 Ι
999 2704 1051 2766 οὐκ
1074 2702 1252 2781 ἐπιθήσομαι
1271 2700 1276 2787 Ι

198 2805 258 2889 ἐμῷ
274 2802 347 2888 κάρα
363 2805 495 2884 κτάπημα
509 2804 597 2887 χερὸς
611 2805 704 2867 ὀλοόν
713 2828 722 2880 ;
748 2804 823 2868 Hel.
835 2825 908 2889 550.
926 2805 982 2888 οὐχ
997 2806 1035 2873 ὡς
1049 2806 1173 2885 δρομαία
1184 2810 1295 2876 πῶλος,

196 2902 214 2983 ἢ
230 2904 332 2988 Βάκχη
346 2910 424 2979 θεοῦ,
446 2905 451 2992 Ι
470 2908 555 2992 τάφῳ
570 2906 693 2988 ξυνάψω
710 2912 827 2980 κῶλον;
853 2911 948 2971 Herc.
969 2908 1062 2986 1148.
1086 2907 1138 2969 οὐκ
1161 2906 1219 2986 εἶμι
1241 2905 1294 2969 πί-

195 3032 266 3089 τρας
287 3007 432 3075 λισσάδος
452 3010 525 3090 πρὸς
543 3009 681 3088 άλματα;
702 3009 707 3095 Ι
726 3007 743 3088 ἢ
766 3009 927 3091 φάσγανον
950 3010 1022 3091 πρὸς
1043 3009 1122 3090 ἧπαρ
1145 3010 1294 3085 ἐξακοντί-

196 3134 264 3188 σας,
285 3111 290 3197 Ι
309 3110 424 3176 τέκνοις
439 3111 575 3191 δικαστὴς
595 3114 717 3192 αἵματος
738 3110 921 3194 γενήσομαι,
943 3111 948 3198 Ι
967 3109 984 3191 ἢ
1007 3111 1103 3192 σάρκα
1124 3111 1178 3188 τὴν
1194 3111 1296 3189 ἐμὴνΙ

197 3212 350 3294 ἐμπρήσας
358 3214 436 3294 πυρὶ,
457 3213 462 3299 Ι
482 3216 652 3289 δύσκλειαν,
665 3214 777 3294 ἦμένει
789 3213 829 3296 μ’,
843 3216 1000 3294 ἀπώσομαι
1014 3215 1084 3294 βίου
1099 3242 1106 3285 ;
1129 3212 1295 3299 Aristoplr.

197 3316 289 3401 Vesp.
304 3335 358 3399 52.
376 3315 425 3379 εἴτ’
442 3318 494 3380 οὐκ
509 3320 577 3399 ἐγὼ,
594 3318 662 3384 δοὺς
683 3315 723 3381 u?
740 3319 853 3396 ὀβολὼ,
868 3318 1065 3397 μισθώσομαι,
1087 3314 1091 3401 Ι
1111 3318 1202 3383 οὕτως
1223 3319 1296 3378 ὑπο-

198 3419 370 3498 κρινόμενον
384 3425 489 3500 σαφῶς
503 3421 660 3500 ὀνείρατος
685 3419 800 3483 ELM.

241 3518 313 3583 880.
331 3519 383 3583 οὐκ
399 3520 457 3582 είσί
471 3519 528 3598 μέν
542 3546 593 3600 μοι
608 3525 720 3598 παῖδες,
738 3519 805 3583 οἶδα
826 3523 858 3583 δὲ
881 3523 977 3603 χθόνα
995 3519 1001 3605 Ι
1020 3522 1188 3602 φεύγοντας
1209 3522 1293 3600 ἡμᾶς,

198 3620 245 3683 καὶ
260 3623 456 3696 σπανίζοντας
477 3623 609 3705 φίλους]
631 3623 748 3684 Omnes
763 3645 842 3708 quus
867 3621 930 3685 vidi
951 3621 1101 3685 editiones
1123 3639 1227 3685 nutam
1252 3623 1297 3685 in-

197 3722 422 3809 terrogationis,
438 3746 532 3810 quam
556 3737 626 3809 post
642 3726 741 3806 φίλων
756 3723 858 3810 posui,
874 3739 928 3787 aut
943 3723 1070 3787 omnino
1085 3725 1245 3804 omittunt,
1261 3740 1297 3788 ut

197 3823 325 3897 Aldina,
344 3839 401 3888 aut
423 3837 493 3911 post
515 3830 622 3893 παῖδας
642 3826 822 3890 collocatam
846 3826 1006 3904 exhibent,
1032 3845 1067 3891 ut
1090 3829 1295 3892 recentiorum

197 3924 365 4012 pleraeque.
403 3928 467 3991 Οὐκ
482 3926 608 4012 utrique
623 3927 783 3991 sententiae
800 3928 939 3992 membro
954 3952 1119 3995 commune
1134 3951 1192 3995 est.
1219 3931 1297 3994 Vide

196 4027 235 4092 ad
254 4049 392 4093 v.1120.
412 4031 534 4114 [1151.]
562 4030 677 4094 ELM.

241 4132 314 4193 882.
337 4131 415 4194 ταῦτ’
431 4130 606 4211 ἔννοηθεῖσ’,
626 4133 760 4219 ᾐσθόμην
782 4133 931 4212 άβουλίαν
950 4132 955 4220 Ι
973 4135 1093 4212 πολλὴν
1115 4137 1229 4218 ἔχουσα
1252 4136 1299 4199 καὶ

196 4231 291 4312 μάτην
307 4232 487 4318 θυμουμένη]
505 4236 598 4298 Rom.
616 4237 655 4298 C.
673 4235 962 4322 Pseudogregorius
981 4260 1010 4301 v.
1028 4257 1102 4321 905.
1122 4237 1296 4318 ἐννοηθεῖσ’.

198 4334 309 4420 Hujus
324 4333 410 4398 verbi
432 4335 532 4399 activa
547 4351 578 4399 et
593 4337 715 4424 passiva
735 4338 836 4402 forma
857 4338 1032 4426 promiscue
1054 4341 1118 4403 fere
1142 4363 1296 4428 usurpan-

198 4451 262 4517 tur,
278 4451 314 4502 ut
329 4439 429 4519 ἀπορῶ
443 4452 476 4502 et
490 4439 665 4522 ἀποροῦμαι,
680 4447 856 4522 ταλαιπωρῶ
873 4455 905 4505 et
926 4447 1175 4524 ταλαιπωροΰμαι.
1201 4444 1294 4508 Rom.
