2864 4914
160 288 226 352 130
524 287 902 353 ANNOTATIONES

160 458 259 524 tivum
283 479 354 522 curn
378 459 518 544 genitivo
542 458 715 548 periphrasi
735 458 875 536 inservit,
894 471 930 522 ut
947 457 979 521 h.
994 454 1015 520 l.
1038 457 1131 522 πόνος
1152 454 1266 517 ὠδίνων

160 575 207 627 est
222 565 317 636 τόκος,
333 569 403 629 ταῖς
417 564 521 629 παιδός
534 562 554 627 i.
571 585 603 648 q.
618 564 731 636 υἱωνός,
748 562 856 644 φάσμα
877 562 985 642 ταύρου
1007 558 1027 622 i.
1043 581 1070 621 e.
1086 561 1200 638 ταῦρος,
1216 557 1268 620 vel

159 664 318 751 genitivus
339 663 501 727 commode
523 664 629 728 abesse
653 663 760 749 possit,
777 679 814 727 ut
836 665 924 746 χερός
944 685 996 747 ap.
1017 659 1132 746 Eurip.
1149 659 1221 722 Ion.
1236 672 1269 722 et

161 766 254 830 Pind.
294 765 355 830 Sed
375 766 473 853 Soph.
489 766 569 830 (Ed.
587 766 629 830 T.
649 786 740 846 1400.
763 765 873 845 τούμδν
891 762 1115 844 οἶμα-πατρός
1136 782 1198 823 nou
1221 774 1269 824 est

159 892 218 956 pro
233 869 306 949 αἷμα
320 869 429 948 τούμοῦ
442 870 564 951 πατρός,
580 866 632 931 sed
653 863 767 947 Ιτοτ’νμδν
782 868 855 947 οἶμα
876 882 923 931 est
937 867 1074 952 sanguis
1090 887 1111 928 ct
1127 884 1174 927 me
1187 865 1267 949 ff·

159 993 227 1048 tur,
243 971 294 1036 cui
309 970 421 1036 deinde
436 994 493 1058 per
508 971 687 1052 έπεξήγησιν
700 969 905 1057 subJungitur
918 966 1055 1050 norpu's.'’
1073 967 1268 1030 MATTH.

203 1094 258 1160 31.
275 1076 352 1138 Huc
366 1088 485 1160 spectat
500 1072 641 1160 Hesych.
652 1071 694 1159 gl.
710 1075 826 1155 ὑφεῖτο,
838 1071 1041 1152 ὑπεβάλλετο.
1050 1105 1095 1119 -
1106 1067 1218 1154 Nagel.
1235 1066 1267 1131 in

161 1177 253 1242 Actis
278 1177 348 1240 Soc.
373 1176 465 1263 Traj.
486 1195 517 1256 4
540 1198 572 1262 p.
595 1178 666 1261 296.
693 1197 752 1262 pro
780 1180 878 1238 τεκεῖν
900 1171 1069 1260 legendum
1091 1170 1269 1256 suspicatur

160 1279 294 1363 τρέφειν,
316 1278 391 1364 quia
413 1300 476 1342 nou
501 1277 674 1341 verosimile
698 1277 749 1355 sit,
778 1275 892 1363 Polybi
918 1297 1049 1339 uxorem
1075 1272 1187 1338 marito
1210 1296 1270 1338 suo

161 1405 312 1458 narrasse,
328 1404 399 1445 curn
423 1380 489 1444 istis
511 1378 646 1466 pedibus
668 1377 833 1465 perforatis
854 1376 1005 1441 infantem
1027 1377 1058 1440 iu
1080 1375 1181 1440 lucem
1204 1374 1271 1439 edi-

161 1499 242 1562 turn,
259 1499 326 1548 tum
343 1482 420 1568 quia
435 1504 602 1567 nusquam,
619 1504 721 1568 neque
739 1504 778 1544 ex
803 1479 899 1567 Soph.
916 1479 996 1544 (Ed.
1014 1481 1096 1567 Tyr.
1113 1501 1214 1565 neque
1228 1502 1268 1543 ex

162 1585 275 1672 Eurip.
292 1585 405 1649 Phoen.
422 1597 582 1671 appareat,
599 1584 757 1670 Polyhum
777 1582 945 1669 ignorasse,
962 1579 1120 1667 OEdipum
1143 1580 1270 1644 aliunde

160 1688 192 1752 iu
208 1688 339 1752 domum
355 1709 442 1751 suam
461 1685 590 1764 venisse,
605 1707 667 1749 non
683 1708 721 1748 ex
736 1708 769 1748 se
783 1684 935 1771 genitum.
979 1685 1025 1748 Et
1039 1682 1123 1748 illam
1140 1683 1268 1771 quidem

162 1792 289 1873 ἀπορίαν
310 1803 430 1853 veteres
452 1786 549 1852 critici
567 1787 633 1874 jam
660 1786 877 1874 attigerunt,e
899 1809 1035 1872 quorum
1057 1786 1271 1851 notationibus

162 1906 310 1979 excerpta
324 1891 477 1956 habemus
499 1889 530 1953 iu
549 1889 683 1966 scholiis,
700 1890 784 1953 unde
806 1903 904 1977 patet,
920 1888 980 1952 hoc
994 1888 1119 1968 vitium,
1134 1888 1159 1952 si
1175 1887 1270 1953 modo

160 1994 273 2059 vitium
288 2007 347 2073 est,
362 1992 527 2080 Euripidis
541 2015 617 2069 esse,
634 2014 696 2056 non
712 1990 839 2056 librarii.
863 1993 1055 2055 MATTH.

205 2113 257 2181 32.
281 2101 405 2177 πυρσαῖς
427 2094 564 2178 γένυσιν]
593 2093 644 2158 Sic
666 2093 778 2159 AEsch.
795 2095 881 2159 Pers
897 2114 971 2178 321.
993 2095 1111 2177 συρσὴν
1129 2094 1271 2178 γενειάδα

161 2210 393 2272 commemorat,
410 2195 463 2260 ubi
480 2195 543 2260 vid.
557 2195 735 2260 Blomfield.
747 2196 779 2260 in
793 2195 961 2261 Glossario.
978 2197 1172 2260 MATTH.
1198 2196 1268 2260 Vid.

163 2299 258 2365 schol.
276 2299 412 2364 Theocr.
430 2304 463 2379 6,
483 2318 512 2365 2.

204 2423 258 2489 33.
275 2401 366 2466 Harl.
383 2425 478 2489 supra
493 2405 582 2486 γνοὺς
596 2404 747 2491 scripturn
763 2403 858 2468 habet
873 2405 973 2483 μόνος.
1010 2401 1168 2465 Nimirum
1185 2399 1269 2464 idem

162 2520 208 2570 est
224 2504 310 2592 quod
329 2505 427 2591 Soph.
440 2505 518 2568 OEd.
533 2506 576 2569 T.
590 2522 664 2587 704.
681 2505 767 2574 αὐτὸς
781 2506 918 2585 ξυνειδὼς
932 2504 952 2584 ἥ
965 2529 1045 2571 τινος
1058 2505 1161 2584 μαθὼν
1176 2503 1269 2585 πάρα.

162 2609 242 2673 Sive
255 2609 395 2693 ipseper
407 2628 440 2671 se
455 2608 654 2672 intellexerat
675 2629 708 2673 se
729 2631 793 2673 νιοτι
815 2629 880 2674 erac
895 2607 1134 2693 Polpdistlinm,
1148 2607 1215 2671 sive
1230 2607 1270 2670 ab

162 2710 268 2796 aliquo
294 2708 418 2771 edoctus
433 2708 565 2792 ficerat.
611 2709 779 2796 Respicere
804 2709 930 2774 videtur
961 2708 1157 2796 Sophoclem,
1182 2708 1271 2795 apud

163 2832 257 2898 quem
274 2808 354 2874 OEd.
371 2810 415 2872 Τ.
433 2825 495 2892 779
512 2831 580 2895 sqq.
598 2825 714 2888 narrat,
731 2834 764 2874 se
785 2811 825 2875 ab
840 2810 901 2875 alio
915 2810 997 2875 iuter
1017 2810 1131 2897 pocula
1153 2833 1271 2897 suppo-

164 2912 258 2977 situm
273 2910 392 2974 dictum
408 2933 485 2975 esse.
509 2912 700 2977 MATTH.

206 3031 261 3099 34.
276 3013 344 3079 τοὺς
359 3013 514 3094 φύσαντος
528 3036 636 3077 omnes
651 3014 722 3078 edd.
738 3030 770 3080 et
786 3015 885 3079 MSS.
927 3012 988 3078 Sed
1002 3035 1074 3077 cum
1091 3011 1176 3077 huuc
1191 3013 1269 3079 titu-

165 3115 231 3179 lum
253 3137 324 3179 cum
349 3130 447 3178 matre
469 3117 732 3181 communicatum
756 3117 891 3182 noluisse
912 3115 1100 3203 Euripidem
1115 3114 1270 3180 existimet

167 3216 410 3293 Valcheuaerius,
433 3215 594 3281 lectionem
618 3219 745 3304 praefert
767 3241 787 3282 a
810 3218 963 3282 Strabone
982 3231 1194 3281 conservatam
1222 3221 1270 3283 16.

165 3343 196 3407 p.
216 3339 310 3404 1105.
327 3322 364 3383 C.
381 3320 448 3386 τοὺς
462 3321 612 3386 τεκόντας.
659 3323 717 3384 Me
732 3320 871 3406 quidem,
887 3343 927 3384 ne
947 3320 1007 3384 hoc
1023 3320 1200 3407 reciperem,
1214 3320 1271 3384 de·

165 3422 277 3487 terruit
298 3420 385 3485 locus
408 3421 498 3485 Med.
518 3442 611 3506 1059.
629 3421 681 3486 ubi
703 3421 820 3485 Medea
834 3420 874 3486 de
891 3445 923 3486 se
938 3421 1002 3487 sola
1016 3422 1147 3486 verbum
1164 3424 1270 3504 ἐξεφά-

167 3550 263 3605 σομεν
282 3522 419 3587 adhibet.
466 3524 581 3588 Noster
605 3525 706 3588 Inone
727 3523 813 3611 apud
838 3524 998 3589 Stobaeum
1015 3526 1068 3609 38.
1091 3547 1122 3611 p.
1143 3545 1212 3609 149.
1229 3527 1273 3592 τίς

165 3630 224 3710 ἆρα
245 3625 339 3706 μήτηρ
361 3623 380 3703 ἢ
403 3625 499 3706 πατὴρ
527 3625 618 3689 κακὸν
642 3625 722 3707 μέγα
745 3632 866 3708 Βροτοῖς
895 3628 991 3708 έφνσε
1020 3627 1074 3690 τὸν
1099 3629 1273 3707 δυσώνυμον

167 3736 294 3814 φθόνον.
318 3728 422 3791 POR.

210 3835 264 3918 36.
278 3830 400 3917 μαθεῖν]
418 3826 508 3892 Libri
526 3828 616 3892 multi
633 3831 716 3903 ῖδεῖν,
732 3829 817 3915 quod
835 3830 984 3917 scriptum
1001 3853 1066 3893 esse
1082 3828 1217 3906 videtur,
1233 3851 1273 3893 nc

166 3935 258 3999 toties
279 3945 452 3997 recurreret
466 3935 582 4009 μαθεῖν,
599 3931 640 3995 ab
655 3955 693 3996 eo
707 3932 762 4017 qui
785 3935 859 3996 ἰδεῖν
873 3932 955 3996 idem
972 3929 1140 4018 essequod
1163 3931 1274 3996 εἰδέναι

167 4049 305 4125 putaret.
329 4033 521 4097 MATTH.

209 4138 263 4226 38.
279 4139 323 4221 ές]
343 4139 384 4203 εἰς
400 4136 448 4199 Η.
464 4149 496 4198 et
511 4157 565 4198 sex
579 4135 642 4215 alii,
658 4158 719 4198 uon
735 4133 811 4199 Ald.

210 4263 263 4323 40.
287 4237 311 4304 ὦ
333 4238 412 4318 ξεῖνε
435 4235 528 4300 multi
554 4238 653 4301 MSS.
669 4237 821 4318 τυράννων
836 4239 870 4301 J.
888 4259 961 4323 quae
975 4236 1166 4300 constructio
1179 4236 1281 4302 etiam.

166 4344 263 4433 proba
282 4355 337 4405 est.
373 4339 435 4403 Sed
450 4337 474 4403 ὦ
489 4339 566 4418 ξένε,
584 4339 734 4420 τυράννοις
749 4338 846 4426 Diog.
863 4338 1010 4403 Laertius
1025 4342 1056 4404 6.
1071 4359 1124 4424 55.
1149 4340 1272 4427 Grego-

164 4451 229 4514 rius
244 4442 400 4511 Nazianz.
418 4443 460 4505 T.
479 4461 507 4507 2.
524 4464 556 4528 p.
571 4442 643 4507 208.
660 4442 703 4504 D.
727 4442 832 4506 POR.
