2864 4914
164 303 208 371 98
526 294 904 364 ANNOTATIONES

163 485 280 561 gerunt
293 471 318 536 J
319 469 414 536 nstin.
425 470 523 534 Mart.
540 469 580 534 de
594 491 676 533 mon.
693 492 724 556 p.
734 486 778 549 40
793 470 833 533 C.
848 481 881 532 et
894 465 1040 531 Clemens
1052 465 1144 531 Alex.
1159 466 1264 529 Protr.

163 599 195 664 p.
208 578 259 661 65.
305 576 345 638 In
362 572 441 637 Ald.
458 573 653 655 σαφέστατον
668 572 759 652 νέμει.

207 696 282 764 594.
299 677 404 762 τούτῳ]
424 678 509 761 κείνῳ
525 674 681 739 Clemens.

206 795 283 861 599·
306 777 334 839 εί
349 775 389 854 μὴ
408 776 425 837 ά
448 774 592 841 κελεύσας
610 772 688 837 Ald.
703 786 735 837 et
749 795 824 836 mss.
862 770 972 836 Deleri
994 769 1173 849 articulum,
1190 783 1226 834 ut
1247 772 1265 833 ὁ

164 878 232 946 θεὸς
247 889 406 965 repetatur
422 877 455 939 έκ
470 882 579 940 κοινοῦ.
604 877 706 940 POR.

207 983 281 1046 600.
298 981 350 1044 De
363 978 564 1044 collocatione
579 979 746 1042 verborum
763 977 834 1042 vide
848 976 888 1042 ad
905 977 995 1042 Med.
1011 992 1085 1062 473.

206 1086 280 1163 604.
297 1085 464 1167 δυστυχεῖς]
486 1085 617 1165 δυστυχῆ
631 1081 723 1146 codd.
738 1100 810 1146 tres.
847 1079 1005 1145 Aristides
1018 1079 1079 1144 vol.
1093 1100 1125 1165 3.
1141 1103 1173 1167 p.
1190 1080 1266 1163 656.

163 1188 265 1270 ὥσπερ
288 1188 325 1251 αὖ
346 1187 386 1266 μὴ
409 1186 605 1266 βουλομένων
626 1186 750 1250 ἐκείνων
767 1184 805 1248 τά
818 1183 842 1247 r'
858 1183 945 1248 ἔνδον
970 1183 1008 1248 τά
1031 1208 1064 1247 τε
1089 1183 1195 1265 θύραζε
1217 1187 1266 1246 δν-

164 1296 277 1374 στυχεῖ.
312 1289 366 1354 ubi
382 1289 481 1354 codex
496 1291 636 1353 Venetus
650 1292 790 1372 δυσηχῆ.

207 1394 281 1478 605.
296 1393 358 1481 ἀεὶ]
383 1393 440 1457 αἰεὶ
455 1390 533 1456 Ald.
551 1405 584 1456 et
597 1391 689 1455 codd.
711 1390 849 1478 plurimi.
899 1389 961 1455 Sed
982 1390 1029 1454 ἀεὶ
1044 1388 1190 1454 Stobaens
1211 1405 1265 1473 73,

80 1539 82 1542 ’
163 1515 216 1581 34·

205 1598 384 1681 ξυμφοραῖς]
402 1603 568 1680 συμφοραῖς
583 1596 660 1662 Ald.
675 1612 708 1663 et
723 1596 878 1662 StoboeuS.

206 1701 457 1785 δυστυχέστερον]
484 1700 619 1786 Aliquot
639 1698 731 1764 codd.
749 1699 998 1783 δυστυχέστατον,
1013 1697 1100 1784 quod
1115 1711 1163 1762 est
1176 1696 1263 1784 apud

164 1803 337 1881 Stoboeum,
355 1803 403 1868 vel
426 1803 664 1887 δυσχερέστερον
681 1801 729 1866 vel
752 1802 1001 1886 δυσχερέστατον.
1040 1803 1191 1865 “Sensus
1213 1799 1265 1864 hic

162 1931 228 1973 esse
239 1908 376 1987 videtur,
385 1908 542 1970 Mulieres
556 1906 899 1994 aeromqreefirtumm
915 1906 1059 1970 virorum
1073 1925 1195 1992 semper
1206 1907 1265 1968 ira-

158 2011 302 2098 ροάἀυσί,
317 2014 365 2074 ito
379 2019 416 2074 at
429 2017 558 2073 eventus
571 2008 800 2095 qualescanque
813 2008 856 2079 od
877 2008 1072 2073 celerrimae
1085 2007 1265 2073 avertam?

162 2115 356 2178 MATTH.

204 2214 278 2278 608.
294 2213 391 2295 φρένα
406 2215 444 2277 Β.
458 2212 583 2299 aliique.
607 2213 721 2296 φρένας
735 2212 813 2277 Ald.

203 2318 276 2400 609.
293 2313 410 2400 ἀνάξεις
424 2339 463 2380 ex
479 2316 520 2379 L.
536 2314 693 2379 Dindorfii
708 2315 843 2380 editione
859 2315 1015 2386 remansit.
1043 2314 1162 2395 ἀνάξεις
1177 2317 1216 2380 Β.
1231 2329 1264 2380 et

160 2435 222 2484 tres
236 2418 298 2484 alii.
336 2417 440 2483 Ceteri
455 2432 487 2482 et
501 2417 578 2483 Ald.
594 2418 731 2502 ἀνάψεις,
748 2419 833 2504 quod
848 2419 1068 2484 revocandum.

204 2525 278 2608 613.
302 2523 462 2604 ἐπισείσω]
486 2520 589 2586 Codd.
605 2520 733 2607 quidam
750 2522 912 2587 ἀνασείσω.
936 2523 1018 2610 Reg.
1035 2521 1164 2587 membr.
1182 2519 1218 2608 [i.
1234 2545 1263 2589 e.

162 2627 216 2713 Β]
235 2627 373 2703 ἐκπείσω,
388 2647 460 2688 cum
477 2625 629 2688 ἀνασείσω
645 2647 703 2710 pro
717 2623 804 2688 varia
816 2625 956 2690 lectione.
998 2625 1031 2690 Si
1047 2624 1106 2690 hoc
1121 2625 1264 2712 proefers,

160 2728 375 2815 interpretare,
390 2727 591 2804 eornmovebo,
606 2727 702 2791 άοαοο
708 2749 911 2815 persuasero.
949 2728 1148 2817 Hesychius:
1170 2729 1262 2793 Ἀνα-

162 2833 264 2904 σείοις,
281 2831 461 2896 ἀναπείθοις.
508 2827 569 2892 Sed
592 2829 725 2894 alterum
748 2830 839 2894 malo.
878 2830 1057 2896 Translatio
1071 2833 1168 2898 ducta
1181 2844 1228 2896 est
1243 2855 1264 2896 a

162 2934 303 3009 canibus,
319 2955 399 3018 quos
421 2930 561 2996 homines
582 2932 614 2995 in
636 2931 776 2997 inimicos
798 2957 871 2998 suos
892 2933 1015 2999 irritant
1030 2949 1062 3000 et
1075 2934 1263 3014 immittunt,

163 3051 310 3123 utsupra
323 3059 353 3099 v.
372 3052 445 3118 249.
463 3052 534 3120 250.
559 3037 662 3100 POR.

206 3142 280 3219 614.
295 3143 397 3202 δοῦναι
412 3141 505 3216 δίκην,
520 3137 605 3225 quod
621 3138 695 3203 alibi
710 3139 775 3203 fere
794 3151 884 3204 sonat
891 3162 1007 3228 ραυαο
1014 3142 1265 3229 ροοάονε,ρύάὶ-

161 3243 245 3305 σάτον
259 3241 376 3316 andire,
393 3239 443 3304 hic
458 3239 611 3304 rarissimo
627 3265 686 3305 usu
708 3242 837 3328 ponitur
851 3264 908 3327 pro
922 3242 1030 3306 eodem
1050 3266 1159 3330 prope,
1174 3243 1262 3330 quod

161 3342 275 3407 Latine
289 3340 470 3427 diciturjns
485 3343 562 3406 dore
577 3343 626 3407 vel
642 3344 781 3408 reddere.
806 3345 909 3407 P01t.
947 3344 1144 3408 Probabilior
1159 3343 1264 3409 Elms-

161 3444 211 3508 leii
236 3443 277 3508 ad
301 3442 428 3507 Heracl.
452 3444 525 3528 852.
549 3445 763 3533 interpretatio
787 3461 845 3523 est,
869 3445 925 3533 qui
947 3445 1069 3511 dativos
1094 3449 1145 3511 σοὶ
1170 3450 1210 3534 σῇ
1236 3444 1262 3510 τ’

161 3548 279 3629 ἀδελφῇ
294 3568 365 3609 cum
384 3548 525 3610 ἐπισείσω
541 3549 725 3627 construxit,
739 3548 927 3613 infinitivum
941 3563 1047 3612 antem
1063 3554 1164 3613 δοῦναι
1179 3550 1263 3629 δίκην

161 3672 221 3737 pro
236 3650 313 3712 ὥστε
328 3653 430 3712 δοῦναι
444 3650 527 3729 δίκην
540 3648 659 3714 dictum
675 3652 802 3739 accepit.

205 3754 279 3836 615.
296 3753 402 3830 ἀταξία
417 3751 595 3816 Elmsleius
633 3751 724 3816 Libri
740 3753 894 3833 ἐστ’ἀξ
855 3754 990 3820 t.vid
1002 3754 1043 3819 ad
1060 3754 1175 3819 Βαοολ.
1189 3757 1262 3836 246.

206 3854 281 3917 616.
296 3855 340 3937 ἐς]
360 3854 501 3917 Recte
474 3879 515 3921 εις
529 3854 607 3919 Ald.

205 3955 279 4018 618.
294 3955 531 4040 τάγαμέμνονος]
549 3958 600 4020 De
615 3958 859 4043 Agamemnone.

206 4059 279 4122 621.
303 4058 478 4142 ἀνηφαίστῳ
500 4059 583 4144 τυρι]
609 4058 803 4124 Hesiodeum
826 4061 889 4147 Op.
904 4074 937 4125 et
954 4062 996 4125 D.
1011 4075 1085 4146 705.
1109 4061 1168 4125 εὕει
1191 4060 1263 4143 άτερ

162 4164 255 4223 δαλου
268 4159 348 4223 bene
370 4175 529 4247 comparat
546 4162 760 4248 Mnsgravins.
807 4162 954 4228 Similiter
968 4165 1138 4251 composita
1152 4187 1263 4228 occur-

163 4277 238 4327 runt
259 4261 345 4348 apud
361 4263 525 4349 Aristoph.
541 4265 624 4328 Ran.
642 4269 713 4330 206.
734 4268 863 4349 dnetpos,
878 4269 1094 4348 ἀθαλάττωτος,
1110 4271 1260 4349 ἀσαλαμί·

163 4391 234 4432 νιος.
281 4366 429 4428 Nostrum
456 4367 526 4431 Ion.
541 4371 583 4446 46
584 4389 615 4453 5.
648 4371 698 4445 Σὲ,
714 4373 770 4435 τδν
788 4371 900 4436 ὠδίνων
919 4377 1028 4454 λοχιᾶν
1042 4370 1263 4436 Ἀνειλείθυιαν
