2864 4914
551 301 618 364 AD
642 301 897 365 ORESTEM.
1231 302 1276 367 97

206 469 374 552 ξυμφορὰς]
392 474 548 552 συμφορὰς
564 472 640 535 Ald.

207 586 285 651 545.
300 596 409 652 γε-τι
425 573 642 660 MusgraviuS.
679 575 863 662 Legebatur
878 599 1001 638 σε-τε.
1037 573 1097 636 Sed
1115 599 1151 654 γε
1166 595 1224 660 pro
1241 600 1277 638 σε

163 682 228 732 tres
241 670 370 737 codices.

206 787 284 857 552.
310 777 405 840 Hane
419 777 592 842 doctrinam
609 780 775 844 mulierum
792 803 863 843 osor
877 779 918 842 ab
934 778 1088 864 AEschylo
1103 778 1274 867 Euripides

163 875 309 961 arripuit,
326 879 463 945 Eumen.
479 884 552 946 661.
568 905 608 946 ne
626 899 785 968 parentem
805 882 934 967 quidem
958 904 1024 944 esse
1046 897 1175 945 matrem
1199 905 1272 947 con-

163 976 290 1043 cedens.
334 983 408 1045 Non
423 982 582 1047 irridicule
596 983 710 1071 aliquis
725 983 919 1071 respondisse
935 982 1060 1060 dicitur,
1075 983 1147 1047 drea
1167 985 1200 1047 δὲ
1217 1011 1271 1064 μη·

165 1078 235 1160 πρὸς
248 1088 320 1153 πῶς.
333 1083 454 1167 κάθαρμ’
467 1087 610 1168 Εὐριπίδη
622 1115 630 1160 ;
655 1089 693 1150 V.
705 1106 780 1172 554.
793 1086 869 1151 citat
880 1085 1027 1150 Clemens
1036 1084 1273 1149 Alexandrinus

167 1184 284 1247 Strom.
301 1203 330 1251 2.
353 1210 385 1273 p.
400 1204 474 1272 505.
490 1187 599 1253 addita
611 1190 812 1266 correctione,
833 1191 904 1252 ἄνευ
926 1190 959 1250 δὲ
981 1187 1089 1268 μητρὸς
1110 1188 1178 1252 οὐδὲ
1200 1195 1274 1252 συλ-

164 1286 249 1365 λαβὴ
264 1287 377 1353 τέκνου.
402 1291 506 1354 POR.

207 1391 286 1474 556.
311 1392 434 1481 ἀμῦναι]
460 1393 501 1457 Id
523 1406 571 1458 est
595 1399 660 1459 δεῖν
684 1396 800 1474 ἀμῦναι.
837 1393 906 1457 Vid.
934 1392 1104 1456 Heindorf.
1124 1393 1165 1456 ad
1190 1393 1272 1457 Plat.

167 1491 298 1579 Protag.
314 1516 345 1580 p.
360 1512 435 1580 595.

210 1598 285 1678 558.
301 1599 468 1675 ὑμεναίοισι
483 1599 580 1684 κοὺχὶ]
599 1599 797 1679 ὑμεναίοισιν,
811 1600 880 1681 οὐχὶ
894 1598 1015 1663 codices
1030 1615 1102 1662 tres
1136 1599 1270 1661 Utrum-

164 1719 231 1781 que
252 1713 383 1763 reetum.
422 1701 519 1789 Soph.
535 1701 614 1765 OEd.
631 1700 699 1766 Col.
720 1720 812 1786 1123.
832 1704 871 1766 σὺ
892 1702 950 1783 γάρ
973 1727 1019 1765 νιν
1038 1701 1202 1780 effrenas,
1218 1701 1270 1764 οὐκ

166 1800 262 1866 ἄλλος
282 1807 410 1883 βροτῶν.
432 1803 501 1868 coll.
519 1827 547 1866 v.
569 1822 660 1889 1129.
685 1805 745 1887 ἔχω
768 1808 825 1885 γὰρ
848 1802 920 1886 δ’χω
943 1807 991 1868 διὰ
1013 1805 1060 1878 σὲ,
1085 1805 1154 1868 κούκ
1174 1805 1272 1868 ἄλλον

165 1909 294 1984 βροτῶν.
319 1904 402 1968 Ibid.
420 1907 500 1990 1368
512 1930 557 1993 sq.
574 1905 630 1971 αἵδ’
646 1908 760 1989 ἄνδρες,
777 1908 813 1970 οὑ
828 1912 975 1988 γυναῖκες,
990 1910 1033 1975 εἰς
1047 1907 1080 1969 τὸ
1095 1913 1270 1987 συμπονεῖν·

165 2007 250 2085 ὑμεῖς
263 2004 287 2069 δ’
303 2005 353 2070 ἆτ’
368 2008 476 2085 mov,
494 2009 563 2072 κούκ
578 2010 661 2088 ἐμοῦ,
676 2010 858 2089 πεφύκατον.
892 2009 1012 2071 Contra
1027 2007 1134 2071 Latini
1150 2006 1180 2070 in
1198 2007 1269 2071 tali·

166 2107 229 2172 bus
249 2131 311 2173 non
335 2109 435 2173 solum
460 2125 624 2196 usurpant.
666 2108 736 2172 Vid.
753 2133 826 2195 quae
848 2110 956 2174 monui
979 2111 1018 2174 ad
1036 2112 1137 2175 Cicer.
1152 2133 1197 2174 or.
1213 2134 1271 2198 pro

167 2211 201 2274 S.
219 2210 334 2275 Roscio
348 2231 400 2297 33.
419 2215 447 2294 φ.
464 2231 517 2297 92.
541 2213 731 2276 MATTrL

209 2329 285 2400 559.
304 2316 350 2398 ἐς]
369 2316 469 2379 Recte
485 2318 526 2382 εἰς
541 2315 620 2380 Ald.

210 2419 284 2501 564.
304 2419 345 2485 ὡς
359 2421 546 2500 πετρωθῆναί
557 2445 595 2498 με
611 2420 672 2503 δεῖ]
699 2420 737 2481 In
754 2418 839 2482 hunc
854 2441 977 2483 sensum
996 2418 1159 2505 Tyndarei
1175 2418 1271 2482 verbu

165 2537 241 2605 534.
256 2541 297 2604 53
301 2539 331 2605 5.
354 2521 534 2608 accipienda
547 2545 613 2585 esse
635 2544 696 2585 non
720 2533 842 2606 poterat
864 2521 960 2585 latere
978 2522 1120 2585 Orestem
1144 2520 1200 2584 fati
1223 2520 1271 2584 sui

166 2624 345 2710 praescium,
363 2639 452 2695 utex
467 2649 497 2690 v.
513 2644 588 2706 442.
605 2641 746 2712 apparet.

209 2732 260 2792 δεῖ
269 2726 362 2792 codd.
379 2728 478 2792 multi.
502 2731 560 2813 χρὴ
575 2728 652 2793 Ald.
669 2729 755 2814 quod
778 2728 999 2806 revocandum,
1016 2751 1115 2814 quum
1137 2727 1169 2792 in
1184 2727 1272 2791 libris

166 2830 295 2919 optimis
309 2830 369 2918 legi
386 2831 539 2896 videatur.

210 2936 286 3019 566.
304 2938 335 3002 ἐς
349 2934 409 3000 τόδ’
424 2937 547 3015 ἥξουσιν
562 2936 889 3020 θράσους-φονεύειν]
912 2936 951 2999 ld
968 2951 1014 3001 est
1030 2937 1108 3000 ὥστε
1124 2938 1264 3018 φονεύειν

168 3036 343 3123 AEsebylus
359 3041 476 3124 Agam.
491 3053 565 3124 479.
590 3041 634 3106 τίς
657 3040 713 3102 ὧδε
735 3038 858 3104 παιδνὸς
874 3037 892 3117 ἦ
911 3044 1032 3121 φρενῶν
1054 3038 1274 3119 κεκομμένοιὴ

168 3146 295 3219 :auctu
319 3163 412 3226 quem
429 3142 531 3206 locum
550 3141 697 3206 Matthiae
712 3141 912 3228 comparavit.

211 3257 286 3328 579.
310 3243 421 3308 Oratio
436 3243 479 3308 sic
493 3244 626 3309 debebat
648 3243 827 3329 procedere,
842 3243 916 3324 πρὸς
939 3249 1026 3321 θεῶν,
1048 3247 1074 3307 εί
1095 3245 1132 3306 τὰ
1150 3239 1275 3320 μητέρος

169 3351 265 3427 σιγῶν
279 3347 420 3433 ε’πῃνουν,
436 3349 466 3412 τί
478 3346 507 3428 μ’
523 3348 561 3412 δν
576 3345 675 3429 ἔδρασ’
691 3350 708 3410 ὁ
724 3352 806 3411 κατθ.
824 3346 876 3410 sed
893 3369 992 3432 quum
1015 3346 1187 3409 institutam
1202 3367 1272 3408 ora-

168 3448 284 3512 tionem
308 3449 534 3537 interpellasset
555 3450 678 3515 insertis
699 3450 769 3528 illis,
786 3452 818 3514 ἑν
834 3451 868 3513 οὐ
890 3448 1148 3535 καλῷ-δικάζων,
1165 3471 1202 3510 ex
1227 3448 1275 3511 his

168 3552 331 3637 sequentia
344 3553 440 3617 nectit
451 3553 559 3618 addito
571 3553 612 3617 δέ.
639 3552 707 3617 vid.
721 3554 863 3617 Gramm.
878 3553 937 3616 Gr.
952 3554 980 3634 δ.
992 3553 1067 3616 611.
1081 3552 1272 3615 MATTH.

211 3655 289 3738 582.
303 3654 472 3744 Ἐρινύσιν]
490 3655 691 3720 scribebatur
704 3654 886 3736 Ἐριννύσιν.

211 3756 289 3840 586.
305 3757 338 3820 τὸ
353 3762 411 3840 γὰρ
428 3759 512 3822 Flor.
528 3757 602 3823 duo.
643 3757 746 3822 Ceteri
762 3757 883 3821 codices
897 3771 927 3821 et
943 3756 1019 3820 Ald.
1036 3760 1094 3839 γὰρ
1109 3759 1154 3820 τό.

213 3875 287 3942 591.
311 3861 402 3944 optim
424 3858 600 3944 Ἀπόλλων]
623 3863 695 3943 ὁρᾷς
715 3859 738 3923 δ’
754 3858 923 3924 Ἀπόλλων’
941 3858 1020 3924 Ald.
1050 3858 1075 3923 δ’
1098 3882 1161 3923 om.
1183 3860 1220 3921 B.
1244 3873 1275 3923 et

170 3975 288 4047 septem
304 3961 367 4026 alii.
410 3960 573 4027 Ἀπόλλων
587 3962 618 4025 in
638 3961 798 4026 oodicibus
820 3962 977 4050 plerisque
998 3977 1053 4026 est.
1091 3961 1115 4027 δ’
1130 3960 1273 4026 additum

169 4077 217 4134 est
236 4077 367 4151 propter
389 4065 568 4150 praecedens
589 4067 671 4148 ὁρᾷς.
718 4063 780 4128 Sed
796 4088 903 4128 vereor
919 4088 957 4129 ne
974 4087 1080 4128 versus
1100 4065 1150 4129 isti
1164 4064 1275 4148 588-

169 4181 246 4249 590.
263 4188 325 4230 non
342 4167 404 4231 sint
419 4168 524 4255 scripti
539 4167 580 4231 ab
595 4166 758 4254 Euripide.

213 4269 430 4353 μεσομφάλους
446 4270 544 4354 ἔδρας]
564 4269 744 4358 Delphicas.

212 4392 288 4457 592.
304 4371 388 4453 νίμει
402 4371 598 4454 σαφέστατον
613 4375 650 4437 Β.
667 4372 782 4459 aliique
797 4372 935 4458 plurimi.
972 4375 1016 4437 Et
1035 4372 1093 4436 boc
1107 4371 1215 4436 ordine
1231 4370 1273 4434 le-

712 4497 736 4538 Η
