2864 4914
547 269 615 331 ΑΙ)
638 268 889 333 HECUBAM.
1224 271 1260 338 71

213 437 306 519 1063.
322 438 407 519 κόραι
420 436 571 524 τάλαιναι]
590 437 728 504 τάλαιναι
743 442 827 522 κόραι
841 439 920 503 libri.
956 439 1165 528 Transposuit
1182 441 1267 505 Her·

166 557 310 601 mannus.

212 639 304 719 1064.
327 637 351 703 ὦ
367 655 439 705 octo
457 641 549 707 codd.
589 643 691 708 Ceteri
714 643 762 708 vel
786 642 809 709 ὦ
829 642 852 707 ὦ
873 642 932 722 vel,
951 643 1038 730 quod
1056 658 1103 708 est
1121 643 1154 707 in
1173 643 1266 722 Ald.,

167 741 202 803 ἰὼ
218 743 262 806 ld.

213 845 304 928 1067.
327 846 441 911 dxe'car'
458 848 591 924 ἁκέσαιο,
606 850 733 932 τυφλὸν,
745 848 850 938 Ἀλιε]
872 851 988 914 Versus
1009 848 1120 913 misere
1141 872 1268 937 compo-

163 946 250 1011 situs
294 948 512 1029 Scribendum,
527 951 627 1015 tribus
642 951 794 1016 dochmiis
808 952 839 1015 in
862 974 959 1016 unum
976 975 1100 1016 versum
1115 952 1265 1038 conjunc·

165 1048 216 1126 tis,
233 1050 368 1117 άκέσσαί
385 1053 533 1129 άκέσσαί,
543 1053 643 1128 Ἀλιε,
660 1056 777 1136 τυφλὸν
793 1055 908 1138 φέγγος
923 1054 1110 1132 ἀπαλλάξας.

216 1157 435 1240 1069-1073.
467 1158 534 1219 ά-
552 1156 558 1245 Ι
577 1163 719 1222 τᾶνδε-
738 1156 742 1244 Ι
762 1163 851 1222 πᾶ-
868 1156 875 1244 Ι
896 1160 1110 1237 έμπλῆσθω-
1128 1154 1134 1243 Ι
1153 1155 1269 1237 τιθέμε-

169 1259 369 1338 νος-λάβον
385 1259 462 1324 Ald.

216 1359 309 1443 1069.
335 1359 483 1425 Alterum
508 1365 580 1446 σίγα
602 1384 665 1428 om.
693 1364 732 1426 Β.
756 1377 788 1426 et
809 1359 958 1426 tredecim
981 1359 1034 1423 ulii
1054 1359 1175 1424 codices
1197 1383 1269 1424 cum

171 1459 331 1526 Prisciano
350 1465 398 1526 18.
422 1487 453 1550 p.
474 1481 544 1548 174.
560 1465 611 1528 ed.
630 1464 741 1530 Krehl.
757 1479 788 1529 et
802 1482 885 1529 recte
899 1463 1038 1552 quidem.
1080 1465 1132 1527 Ex
1148 1487 1213 1550 quo
1227 1486 1272 1526 se-

169 1563 280 1648 quitur
292 1587 401 1630 versus
423 1566 465 1631 sic
480 1590 545 1631 esse
559 1567 745 1655 digerendos
768 1582 803 1631 ut
822 1568 862 1632 ab
878 1569 1064 1631 Hermanno
1079 1567 1197 1630 factum
1213 1579 1271 1643 est,

171 1666 236 1727 ἃᾶ.
256 1665 262 1753 Ι
281 1670 362 1750 σίγα,
380 1672 510 1752 κρυπτάν
523 1670 617 1750 βάσιν
632 1670 812 1750 αἰσθάνομαι
830 1670 836 1755 Ι
855 1669 943 1734 τάνδε
965 1675 1120 1753 γυναικῶν.
1146 1673 1188 1733 od
1206 1667 1271 1732 πόδ’

171 1764 281 1850 ἐπάξας
298 1769 305 1849 Ι
322 1776 440 1853 σαρκῶν
454 1770 569 1836 ὀστέων
583 1770 606 1834 τ’
624 1774 785 1852 ἐμπλησθῶ
799 1801 806 1845 ;

217 1885 309 1951 1070.
331 1871 420 1936 τάνδε
441 1880 589 1955 γυναικῶν
608 1873 774 1939 Seidlerus.
808 1873 940 1938 Codices
957 1872 1098 1960 plerique
1113 1879 1205 1938 τῶνδε
1219 1900 1271 1955 γν-

172 1978 292 2050 ναικῶν,
306 1973 397 2060 pauci
408 1998 480 2040 cum
494 1975 571 2040 Ald.
587 1981 675 2041 τᾶνδε
690 1982 841 2060 γννοικᾶν.

218 2090 309 2156 1072.
325 2075 490 2162 τιθέμενος]
507 2077 660 2159 τιθέμενός
674 2078 698 2141 τ’
714 2078 805 2146 codd.
820 2078 970 2166 quinque.
1011 2080 1125 2143 Versus
1139 2093 1185 2141 est
1200 2099 1273 2141 ana-

171 2176 328 2262 paesticus.

222 2297 313 2362 1074.
329 2278 352 2344 ὦ
367 2282 582 2345 Hermannus.
621 2282 711 2346 Libri
728 2286 771 2348 ld.
810 2283 914 2347 Verba
929 2280 1229 2364 ἀρνύμενος-τάλας
1243 2280 1274 2343 in

175 2405 273 2446 unum
291 2406 412 2448 versum
435 2397 509 2447 sunt
526 2385 755 2471 conjungendo.
803 2386 841 2449 ln
866 2385 955 2450 Flor.
973 2407 1038 2447 uno
1053 2399 1099 2448 est
1121 2385 1276 2448 ἀντίποινα

173 2487 279 2565 λύμας.

223 2604 281 2669 107
284 2602 316 2672 5.
332 2586 475 2673 φέρομαι]
493 2591 638 2671 φεύξομαι
655 2592 701 2654 Η.

223 2707 315 2772 1077.
341 2695 480 2773 σφακτᾶν
507 2695 576 2756 κυσί
601 2693 702 2773 (κυσίν
724 2692 789 2756 duo
814 2692 921 2778 codd.)
948 2719 981 2758 τε
1002 2693 1113 2776 φονίαν
1140 2691 1279 2774 (φοινίαν

177 2792 285 2878 Mosq.
309 2797 402 2877 unus)
424 2793 429 2881 Ι
449 2794 523 2859 δαῖτ’
540 2795 697 2876 ἀνήμερον,
721 2797 840 2878 οὖρείαν
861 2797 977 2879 (ὀρείαν
1000 2792 1190 2869 Brunckius,
1214 2792 1278 2856 for-

177 2911 258 2960 tasse
279 2919 318 2959 ex
342 2898 380 2961 B.
396 2897 499 2979 οὐρίαν
514 2899 559 2960 Η.
576 2913 608 2961 et
625 2912 686 2961 tres
699 2898 764 2982 olii)
781 2901 804 2962 τ’
822 2897 969 2982 ἔκβολάν]
993 2897 1043 2962 Sic
1066 2894 1172 2982 scripti
1187 2908 1218 2958 et
1234 2893 1280 2958 di-

175 2997 257 3084 gesti
278 3013 352 3064 sunt
374 2999 404 3062 bi
426 3022 533 3063 versus
555 2998 586 3063 in
604 2999 681 3064 Ald.
696 3001 727 3064 in
744 3000 861 3087 quibus
882 2999 999 3064 librarii
1014 2999 1066 3063 vix
1090 2996 1153 3061 ulla
1168 3011 1281 3060 metro-

176 3124 248 3164 rum
272 3100 401 3189 vestigin
423 3101 626 3188 reliquerunt.
673 3102 879 3166 Scribendum
903 3102 1042 3179 videtur,
1066 3099 1192 3164 remotis
1207 3123 1281 3188 quae

176 3202 219 3266 ad
240 3208 379 3286 σφακτάν
402 3219 433 3268 et
458 3207 559 3288 ὀρείαν
582 3205 747 3292 adscriptae
770 3205 900 3268 luerunt
922 3202 1191 3291 explicationibus,
1218 3224 1282 3265 uno

178 3329 269 3369 versu
293 3311 413 3389 σφακτᾶ
433 3309 518 3371 κυσίν
535 3332 568 3370 τε
588 3306 660 3371 δαῖτ’
679 3309 780 3388 ὀρείαν
801 3306 825 3370 τ’
846 3305 989 3386 έκβολάν.
1036 3309 1080 3369 Et
1100 3304 1139 3368 de
1161 3306 1282 3385 σφακτᾶ

178 3407 372 3473 restituendo
385 3409 478 3474 etiam
496 3409 700 3473 Hermannus
715 3408 876 3495 cogitavit.
922 3408 1065 3472 Metrum
1082 3429 1121 3470 ex
1137 3404 1282 3469 dochmio

178 3525 226 3574 est
239 3511 446 3599 compositum
462 3526 494 3618 et
509 3533 600 3575 versu
617 3510 743 3598 tragicis
759 3508 958 3574 usitatissimo

436 3608 668 3701 υ--Ιίυ-

180 3728 216 3778 ut
230 3713 317 3801 apud
342 3714 526 3802 Sophoclem
542 3715 600 3802 Aj.
617 3715 691 3800 890.
706 3713 775 3778 ἀλλ’
793 3715 941 3796 ἀμενηνὸν
963 3715 1056 3796 ἄνδρα
1077 3712 1117 3792 μὴ
1138 3710 1283 3777 λεύσσειν

180 3819 265 3881 ὅπου.
290 3818 408 3899 οὖρείαν
423 3817 480 3882 etsi
496 3832 595 3882 metro
610 3839 671 3881 non
688 3831 855 3904 repugnat,
869 3830 972 3880 tamen
988 3837 1087 3901 quum
1105 3813 1180 3878 nihil
1196 3837 1284 3878 caus-

180 3943 224 3983 sae
239 3933 319 3984 esset
333 3943 390 3983 cur
412 3918 579 3984 molossum
602 3917 739 3983 baccheo
754 3919 916 4005 praeferret
937 3931 1041 4004 poeta,
1058 3918 1160 3997 ὀρείαν
1180 3915 1284 4002 potius

181 4021 379 4086 scribendum
396 4037 451 4086 est.
496 4021 594 4086 Nullo
609 4020 641 4082 in
656 4020 715 4083 hac
730 4042 764 4083 re
780 4019 931 4084 librorum
948 4035 994 4084 est
1007 4018 1187 4082 auctoritas.
1234 4017 1284 4082 Sic

180 4125 299 4206 οὐρείας
312 4125 420 4210 Mosq.
437 4146 519 4187 unus
533 4122 615 4186 infra
631 4146 661 4185 v.
678 4140 769 4185 1110.
786 4137 895 4187 contra
908 4136 1055 4186 metrum.

229 4243 321 4310 1079.
329 4232 371 4291 πᾶ
380 4232 451 4300 στῶ,
463 4232 506 4290 πᾶ
513 4230 620 4306 7313,πᾶ
630 4224 738 4307 κάμφω
748 4224 846 4288 codex
858 4224 958 4288 Paris.
967 4246 1058 4286 unus.
1075 4221 1179 4285 Ceteri
1189 4220 1281 4286 codd.

181 4328 287 4394 cuncti
301 4344 333 4392 et
348 4327 426 4392 Ald.
442 4333 484 4392 πᾶ
499 4334 569 4401 στῶ,
586 4326 705 4409 κάρψω,
721 4331 764 4390 τᾶ
777 4333 834 4406 βῶ,
851 4327 936 4413 quod
957 4323 1072 4389 indicio
1086 4337 1133 4386 est
1147 4322 1283 4386 scriben-

183 4430 260 4495 dum
276 4453 352 4511 esse,
367 4430 453 4518 quod
468 4428 633 4518 proposuit
648 4430 820 4508 Porsonus‚
836 4434 878 4492 πᾶ
891 4433 948 4507 sd,
964 4431 1006 4491 πᾶ
1020 4430 1091 4496 στῶ,
1107 4428 1150 4487 πᾶ
1165 4423 1283 4506 κάρψω,

707 4550 763 4608 1·’4
