2864 4914
189 258 232 320 lo
552 254 930 321 ANNOTATIONES

189 428 243 506 sic,
264 428 288 493 si
309 442 391 495 recte
412 427 604 515 conjicimus,
624 426 882 512 distinguendum
905 426 1046 493 erit-ab
1066 426 1236 515 interprete
1253 427 1293 492 sit

176 530 358 619 ,adjectum
373 530 544 617 Euripides
557 544 662 595 autem
681 528 837 616 scripserit
855 527 907 594 εἶθ’
926 531 1000 611 ὑπὲρ
1021 530 1166 612 θκρος-,
1184 529 1233 595 vel
1255 531 1293 610 ἦν

191 632 216 698 θ
228 636 303 716 ὑπὲρ
318 636 460 716 θκρας-.
507 635 547 697 In
562 632 631 697 cod.
647 630 763 697 recenti
777 631 863 719 apud
880 632 1033 718 Kingium
1047 631 1178 697 lectione
1194 632 1293 718 magis

188 736 282 801 etiam
297 736 482 824 interpolato
497 736 647 824 scriptum
659 750 705 800 est
718 737 847 817 οίκτριῖις·
871 735 987 816 καὶμὴν
998 734 1046 799 καὶ
1057 736 1126 800 τόδε
1137 735 1222 814 δεῖμά
1232 761 1291 817 μοι.

231 865 282 921 μοι
318 845 404 920 δεῖμα
436 841 649 904 Hermannus.
694 838 921 903 Revocendum
953 837 1039 925 quod
1069 837 1101 901 in
1131 837 1218 902 libris
1246 853 1293 902 est

190 941 275 1023 δεῖμά
288 967 349 1023 μοι.

232 1065 283 1130 94.
299 1045 365 1125 ἦλθ’
382 1046 423 1124 Β,
440 1044 527 1109 Flor.
544 1061 618 1122 ιτες,
635 1044 711 1109 Ald.
735 1044 817 1124 ἥλυθ
834 1042 1011 1130 quindecim
1027 1042 1118 1107 codd.
1133 1042 1196 1121 alii,
1212 1043 1293 1107 inter

188 1171 269 1236 quos
284 1151 330 1214 H.
350 1150 406 1233 (In
422 1147 508 1212 Flor.
525 1171 589 1211 uno
602 1146 719 1230 ἤλυθε.)
744 1149 796 1211 Ex
812 1170 877 1233 quo
894 1144 1079 1232 intelligitur
1099 1169 1160 1210 non
1177 1161 1292 1213 temere

188 1251 354 1317 ahmein
377 1265 513 1317 annotet.
537 1251 577 1316 ad
602 1249 787 1336 Sophoclem
810 1272 844 1337 p.
867 1268 938 1334 293.
961 1247 1142 1313 dubitatum
1164 1272 1230 1314 esse
1252 1250 1292 1314 de

188 1353 351 1441 scripturae
372 1354 502 1418 veritate
523 1353 555 1417 in
579 1350 719 1417 versibus
740 1350 928 1438 anapaestico
952 1350 1114 1438 Sophoclis
1140 1352 1195 1439 Aj.
1216 1371 1289 1438 234.
1314 1421 1315 1425 ,

188 1461 334 1537 δεσμοῖσιν
355 1457 438 1539 ἄγων
454 1456 546 1535 ἤλυθε
567 1457 706 1536 ποίμναν,
730 1470 761 1520 et
784 1453 992 1519 choriambico
1013 1455 1177 1543 Euripidis
1192 1455 1291 1520 Rhesi

188 1560 260 1642 263.
276 1558 433 1640 χιλιόναυν
452 1553 536 1634 ἤλυθ’
557 1556 635 1638 έχων
657 1557 787 1640 ἆρογθν,
811 1558 927 1645 quibus
948 1558 1042 1638 ἤλυθε
1063 1574 1178 1645 praeter
1200 1559 1290 1623 metri

186 1659 397 1725 necessitatem
412 1680 472 1745 pro
488 1659 582 1738 ἦλθεν
603 1657 724 1725 illatum
745 1659 871 1725 videtur
890 1660 931 1725 ab
950 1659 1094 1726 librariis.
1140 1663 1232 1728 Conf.
1248 1663 1289 1727 ed

188 1762 279 1828 Med.
293 1764 386 1827 1108.

230 1867 374 1950 κορυφᾶς]
392 1868 521 1947 κορυφῆς
534 1862 654 1950 aliquot
668 1865 759 1930 oodd.

231 1990 282 2054 95.
297 1967 444 2051 Ἀχιλέος
458 1966 544 2030 Flor.
560 1980 719 2050 quattuor.
745 1968 895 2051 θχιλλέος
911 1971 955 2032 Η.
971 1968 1096 2056 aliique.
1127 1969 1291 2055 Ἀχιλλῆος

233 2194 305 2239 101.
321 2173 537 2260 δεσποσύνους]
554 2174 742 2239 δεσποσύνας
754 2174 799 2237 Η.
814 2188 845 2238 et
861 2173 947 2238 Flor.
964 2187 1035 2238 tres.

232 2296 303 2342 102.
330 2273 705 2359 δοθλη-θπελαυνομένη]
731 2274 822 2339 Libri
842 2275 963 2363 aliquot
985 2277 1289 2350 δούλα-ἀπελαυνο-

185 2377 272 2460 μένα,
288 2377 336 2440 vel
352 2376 726 2457 δοθλη-ἇπελαυνομένα,
742 2391 816 2442 etv.
832 2381 904 2443 106.
921 2376 1064 2461 θραμένα.

232 2502 303 2567 105.
319 2479 521 2566 δοριθήρατος]
538 2478 734 2561 δορυθήρατος
749 2481 794 2544 Η.

233 2584 303 2651 108.
322 2583 421 2668 κήρυξ]
441 2580 647 2646 Scribendum
663 2585 758 2663 κῆρυξ.

234 2707 304 2772 109.
319 2685 452 2770 Ἀχιλεῖ]
472 2683 575 2749 Codd.
592 2682 684 2748 multi
699 2685 831 2767 ἆχιλλεῖ.

232 2804 301 2872 117.
318 2788 493 2874 ξυνέπαισε]
510 2786 659 2851 συνέπεσε
675 2784 752 2849 Ald.
767 2801 798 2851 et
815 2810 886 2874 pars
900 2787 1056 2853 codicum.

231 2891 301 2955 118.
316 2889 475 2968 Ἐλλήνων
489 2887 581 2952 codd.
597 2887 714 2953 decem.
737 2886 897 2955 Ἑλλάνων
913 2892 959 2955 Η.
977 2890 1093 2979 aliique
1107 2915 1179 2957 cum
1195 2892 1272 2957 Ald.

231 3011 300 3059 122.
316 2991 447 3076 βάκχης]
466 2990 645 3056 Casandrae.

227 3095 345 3180 ἀνέχον
359 3094 469 3178 λέκτρ’]
490 3093 658 3181 Sophocles
673 3096 731 3182 Aj.
746 3114 818 3160 211.
835 3119 854 3161 a
870 3097 1057 3184 Musgravio
1077 3113 1287 3185 comparatus,

184 3202 253 3265 έπεί
265 3224 302 3263 σε
316 3195 409 3280 λέχος
423 3197 621 3279 δουριάλωτον
635 3197 761 3279 στέρξας
774 3197 877 3282 ἆνέχει
892 3200 1009 3281 θούριος
1024 3204 1107 3267 Αἶας.

231 3317 302 3386 125.
318 3301 359 3364 rb
374 3301 523 3384 Θησείδα]
542 3302 678 3366 Acamas
693 3316 725 3366 et
740 3300 940 3388 Demophon.

229 3417 302 3485 127.
325 3405 498 3483 στεφανοῦν
519 3403 619 3481 αἵματι
639 3406 762 3490 χλωρῷ]
785 3404 883 3491 Soph.
900 3403 1011 3490 Antig.
1026 3426 1102 3490 431.
1122 3428 1142 3470 ο
1160 3408 1286 3493 Muegr.

182 3506 306 3582 citatus,
321 3509 425 3587 χοαῖσι
439 3505 642 3584 τρισπόνδοισι
657 3507 711 3571 τὸν
727 3506 814 3572 νέκυν
829 3507 945 3589 στέφει.

229 3628 299 3694 130.
316 3610 367 3673 τοῖς
382 3604 461 3669 mule
474 3627 624 3671 excusum
641 3630 699 3695 pro
713 3614 773 3689 τῆς.

224 3707 393 3797 Ἀχιλείος]
410 3707 500 3771 Libri
517 3707 659 3795 plerique
674 3712 840 3795 ἆχιλλείος.

229 3832 299 3898 131.
317 3809 582 3895 καταπινομένων]
601 3816 784 3878 κατατείνειν
803 3815 898 3896 λόγον
921 3827 967 3876 est
989 3835 1109 3901 magno
1129 3815 1235 3878 studio
1257 3823 1287 3878 et

181 3915 374 3982 οοτςῖετιῖῖοιιο
387 3912 497 3974 dicere.
524 3912 616 3976 Plato
631 3914 671 3979 de
686 3918 769 4002 Rep.
784 3934 814 3981 2.
830 3938 861 4002 p.
877 3935 953 4000 592.
969 3918 1012 3979 A.
1030 3918 1203 3982 κατατείνας
1219 3917 1285 3997 ἐρῶ.

185 4019 274 4087 Idem
289 4039 322 4103 p.
337 4029 414 4099 597.
430 4016 470 4077 C.
486 4014 524 4080 ὥς
539 4015 664 4093 δύναμαι
677 4016 811 4098 μάλιστα
827 4019 999 4085 κατατείνας
1012 4018 1106 4100 λέγω.
1123 4019 1271 4083 MUSG.

228 4138 299 4207 134.
323 4117 407 4183 κθπις
429 4138 487 4202 pro
508 4115 632 4180 rhetore
653 4143 691 4183 ex
713 4118 876 4206 Lycophr.
895 4122 966 4205 763.
989 4124 1081 4200 1464.
1097 4120 1173 4185 citat
1194 4122 1287 4186 Mus-

181 4223 315 4314 gravius.
334 4217 436 4282 Schol.
454 4219 533 4282 Ven.
549 4217 589 4282 ad
607 4219 698 4287 Iliad.
717 4227 750 4286 B.
766 4241 837 4304 199.
852 4222 934 4285 ἀλλὰ
949 4223 997 4286 καὶ
1011 4223 1041 4284 οῖ
1055 4226 1176 4303 θρασεῖς
1195 4230 1287 4288 κολα-

183 4329 334 4406 κευόμενοι
344 4323 530 4402 πτεροῦνται,
541 4319 662 4400 μάλλον
677 4325 710 4387 δέ
723 4329 853 4404 πληγαῖς
863 4323 1046 4388 ὑπείκουσιν.
1068 4331 1129 4392 πῶς
1139 4327 1193 4389 οὖν
1205 4325 1285 4411 δήμῳ
