2864 4914
161 275 227 343 effi
522 276 900 343 ANNOTATIONES

205 451 348 530 ἀνστνχοῖ
360 444 518 514 Reislius.
540 451 683 532 δυσπιχεῖ
693 446 777 514 libri.

203 567 280 632 900.
302 549 397 636 ἔχων]
414 549 509 628 Quod
530 550 674 636 proxime
693 548 844 638 praecedit
865 550 941 616 door
960 545 1151 636 postulabat
1164 545 1274 632 εάχευε

162 649 216 717 md
231 650 370 738 pretulit
384 651 585 740 participium
598 652 702 719 verbis
712 651 932 719 remotioribus
944 649 1120 719 mlaolro’
1138 651 1277 734 ἀριστάο

161 752 442 819 accommodatum.

205 873 281 938 9οι.
303 854 407 922 Schol.
431 857 531 923 Hom.
550 856 639 945 apud
664 854 810 922 Valcken.
836 854 877 920 ad
902 857 1053 920 Ammon.
1074 875 1110 941 p.
1130 870 1212 934 421.
1239 868 1275 919 et

161 956 250 1044 apud
264 956 383 1024 Villois.
396 960 438 1025 ad
459 959 499 1025 Il.
514 958 553 1039 δ’,
567 978 643 1042 400.
658 957 827 1025 habetata
843 959 879 1023 ἀν
892 955 997 1041 λόγοις
1015 957 1055 1038 ἦν
1067 957 1180 1032 deside,
1194 955 1272 1023 ἀλλ’

162 1061 198 1125 ἀν
225 1060 339 1139 ἀσπίδι,
367 1059 482 1125 omisso
508 1077 658 1148 sequente
682 1083 786 1126 versu.
823 1060 911 1125 Hinc
938 1061 1074 1125 Porson.
1098 1062 1195 1148 App.
1227 1058 1273 1125 ad

163 1160 282 1249 Toupii
304 1163 381 1229 Em.
402 1161 436 1226 in
457 1162 549 1228 Suid.
572 1186 605 1250 p.
620 1164 695 1247 478.
718 1186 763 1250 sq.
786 1184 913 1228 versum
932 1160 1097 1227 mmiferto
1118 1161 1272 1249 spurium

161 1284 229 1328 erse
239 1261 329 1329 dicit.
359 1262 496 1342 Sollioet,
508 1263 624 1351 inquit,
638 1287 738 1353 quum
754 1265 851 1334 ἀεινάο
864 1263 959 1330 semel
972 1262 1169 1352 adscriptum
1184 1280 1274 1331 esset

161 1386 220 1450 pro
233 1365 382 1447 λομιιράο,
392 1379 525 1431 nasutus
537 1366 668 1454 quidam
682 1367 811 1433 alterius
824 1389 933 1432 versus
945 1363 1072 1431 initium
1085 1388 1155 1431 ease
1164 1381 1272 1448 ranae,

161 1465 316 1532 senarium
338 1466 425 1533 hunc
438 1468 690 1557 qualemcunque
704 1469 852 1535 edolavit.
893 1469 975 1532 Vere
994 1480 1147 1532 nasutum
1162 1484 1271 1548 vocat,

161 1569 212 1632 cui
236 1568 298 1635 tale
316 1568 396 1655 quid
419 1569 451 1634 in
475 1584 611 1636 mntem
634 1572 739 1637 venire
762 1571 913 1659 potuerit.
954 1568 1117 1657 Equidem
1141 1592 1272 1645 vereor,

162 1694 201 1735 ne
213 1669 333 1737 scholio
345 1670 391 1737 illi
405 1671 536 1736 nimium
551 1673 706 1752 tribuerit,
721 1695 779 1739 nec
792 1695 918 1739 causam
932 1671 1076 1737 idoneam
1088 1671 1197 1752 rideo,
1208 1696 1273 1741 cur

162 1796 191 1838 v.
208 1793 281 1858 903.
298 1773 346 1839 rel
360 1788 513 1852 mutetur,
529 1773 578 1839 vel
592 1775 744 1863 ejiciatur,
759 1775 809 1840 rel
823 1788 1056 1862 transponatur.
1092 1773 1273 1840 vocabulis

160 1874 310 1956 ruptariis
323 1888 356 1940 et
370 1873 467 1958 σοφός
480 1875 627 1941 delectari
642 1877 829 1965 Euripidem
847 1877 915 1964 Jam
928 1875 982 1940 alii
995 1875 1222 1955 oboenmut,
1236 1887 1274 1943 et

161 1976 310 2058 σοφιστὴς
324 1978 359 2042 ἀν
373 1979 477 2043 ἀσπίδι
499 2000 560 2042 000
576 1977 688 2044 durius
701 1979 886 2045 translatum
901 1993 961 2057 eat,
975 1999 1072 2065 quam
1085 1979 1221 2059 μουσικὴ
1235 1981 1273 2044 ἀν

161 2079 265 2143 ἀσπίδι
286 2102 317 2143 v.
333 2080 407 2164 906.
446 2079 502 2144 Ad
525 2083 655 2163 ἐξευρεῖν
677 2081 884 2169 repetendum
904 2079 1013 2159 δεινός,
1031 2080 1272 2147 commotione

160 2178 253 2245 simili
267 2181 444 2247 Pindaricae
457 2181 507 2247 Ol.
522 2184 554 2261 6,
568 2183 619 2249 28.
633 2183 741 2263 μάντιν
754 2181 778 2247 τ’
791 2183 908 2267 ἀγαθὸν
922 2183 970 2248 rel
984 2183 1066 2265 ἀωρὶ
1079 2182 1271 2265 μάρνασθαι.

160 2306 256 2369 quam
279 2307 386 2349 vocem
404 2283 581 2351 scholiastes
601 2284 734 2351 Homeri
755 2285 913 2350 memoriae
931 2283 1008 2349 vitio
1028 2307 1047 2348 e
1068 2283 1214 2349 secundo
1235 2285 1271 2350 in

160 2385 295 2472 priorem
310 2409 433 2451 versum
448 2409 508 2473 pro
521 2386 656 2470 λαμπρός
670 2386 838 2453 transtulit.
862 2388 1052 2451 MATTH.
1087 2385 1272 2453 Scholiasta

162 2487 294 2553 Homeri
311 2501 419 2553 utrum
433 2511 559 2553 versum
581 2489 667 2554 irunc
684 2491 781 2559 δεινὸς
796 2490 945 2573 σοφιστὴν
965 2488 1069 2554 mma
1088 2486 1113 2552 τ’
1131 2490 1273 2571 ἀξειμεῖν

161 2591 245 2674 σοφά
259 2590 290 2655 in
306 2591 387 2656 libro
401 2615 459 2656 suo
472 2591 584 2679 legerit
598 2615 696 2658 necne
708 2593 741 2656 in
757 2592 860 2658 medio
874 2591 1081 2678 relinquimus
1100 2612 1160 2654 nec
1181 2593 1271 2656 mul-

161 2707 229 2757 tum
250 2692 355 2757 refert.
400 2695 500 2757 Recte
514 2716 589 2757 vero
602 2718 622 2759 a
637 2697 780 2759 Porsono
792 2695 926 2782 ejicitur,
940 2694 993 2758 cui
1013 2692 1132 2758 frustra
1147 2693 1272 2781 repug-

162 2808 217 2858 nat
233 2793 388 2858 Matthiae.
434 2796 517 2858 Nam
540 2817 596 2859 nec
612 2803 760 2878 σοφιστοῦ
775 2819 889 2861 nornen
903 2795 1019 2884 Tydeo
1032 2793 1193 2873 convenit,
1208 2818 1269 2861 cn-

156 2895 213 2982 jus
227 2893 297 2958 laus
311 2895 411 2958 omnis
421 2895 452 2959 in
464 2896 558 2960 armis
572 2897 674 2983 posita
684 2914 741 2975 est,
756 2914 787 2963 et
799 2899 936 2986 ineptam
948 2898 1154 2985 tautologiam
1166 2899 1272 2964 rerba

160 2997 298 3062 afferunt
312 2996 414 3061 πολλά
428 2997 451 3061 τ’
469 2997 600 3080 ἐξευρεῖν
614 3004 708 3081 σοφά,
730 2999 796 3065 sive
816 3001 859 3066 sic
876 3002 951 3081 sive,
965 3001 1052 3089 quod
1074 2998 1184 3065 malim
1199 3024 1271 3066 cre-

161 3101 245 3178 dere,
261 3098 363 3164 πολλά
377 3099 405 3183 γ’
421 3099 543 3188 scripsit
557 3101 770 3188 interpolator.

204 3207 386 3289 904—906.
409 3206 514 3285 γνόμῃ
531 3206 557 3268 δ’
578 3206 713 3288 ἀδελφοῦ
736 3205 916 3288 Μελεάγρου
941 3203 1147 3285 λελειμμένος,
1167 3205 1175 3287 Ι
1192 3210 1272 3272 ἴσον

161 3306 315 3389 παρέσχεν
337 3309 432 3387 ὄνομα
455 3311 504 3372 8ιά
528 3307 634 3390 τέχνης
659 3307 756 3389 δορὸς,
776 3306 782 3395 Ι
802 3311 895 3390 εὑρὼν
923 3311 1031 3389 ἀκριβῆ
1056 3308 1206 3387 μουσικὴν
1234 3313 1272 3374 ἐν

162 3409 279 3496 dordr]
297 3408 343 3471 Hi
359 3431 606 3494 quoqueversus
621 3431 810 3497 magnopere
823 3432 932 3474 vereor
945 3432 985 3474 ne
1000 3431 1062 3474 nou
1077 3408 1141 3473 sint
1155 3411 1272 3498 scripti

160 3511 201 3574 ab
216 3509 381 3598 Euripide.
425 3510 561 3575 Faciunt
579 3511 661 3575 enim
685 3524 720 3575 ut
741 3511 950 3598 praecedentia
962 3512 1057 3577 verba
1080 3513 1211 3576 ἔπαινον
1235 3517 1273 3579 ἐν

160 3618 274 3694 βραχεῖ
287 3611 368 3691 θήσω
382 3612 479 3694 μέγαν
492 3635 591 3701 prope
605 3613 711 3700 inepta
724 3613 900 3693 videantur,
916 3613 1048 3701 nequid
1067 3614 1108 3678 de
1125 3613 1273 3681 mirabili

161 3712 213 3776 illa
226 3712 383 3777 locutione
396 3712 496 3778 dicam
513 3716 606 3796 εὑρὼν
620 3717 728 3797 ἀκριβῆ
741 3717 887 3797 μουσικὴν
901 3719 935 3781 ἐν
949 3718 1060 3781 ἀσπίδι.

205 3836 278 3903 907.
294 3819 368 3902 908.
393 3819 433 3882 Iu
455 3817 505 3882 ed.
529 3817 649 3883 Aldina
670 3818 863 3898 distinctum,
886 3819 1046 3903 φιλότιμον
1065 3818 1146 3898 ἦθος,
1170 3825 1274 3888 πλού-

162 3942 239 3984 σιον·
262 3923 401 4003 φρόνημα
415 3922 459 3987 δέ.
495 3921 582 3991 Quid
596 3921 636 3985 sit
648 3922 719 4001 ἦθος
731 3924 880 3986 πλούσιον
893 3921 1014 4008 ignoro.
1049 3920 1276 3989 Tolerabilius

162 4022 355 4088 videbitursi
366 4047 491 4089 moveas
499 4023 727 4088 distinctionem
739 4037 776 4088 ut
785 4024 817 4087 in
829 4023 904 4088 edit.
915 4022 1117 4110 Hervugiana
1127 4022 1274 4106 factum,

333 4129 497 4208 Φιλότιμον
511 4127 593 4206 ἦθος·
614 4127 763 4190 πλούσιον
777 4128 916 4210 φρόνημα
930 4127 963 4189 ὄλ

334 4231 368 4293 ἀν
381 4236 479 4294 τοῖσιν
495 4228 602 4310 ἔργοις,
618 4227 686 4311 οὐχὶ
700 4233 761 4295 τοῖς
773 4230 877 4306 λόγοιν
889 4230 968 4292 ἴσον.

162 4332 265 4393 Orest.
279 4331 355 4415 388.
372 4334 389 4395 ὁ
404 4334 516 4413 δαίμων
530 4329 554 4396 δ’
572 4331 669 4410 ἐςάμά
683 4331 828 4397 πλούσιος
846 4336 952 4404 acaria,
968 4329 988 4395 i.
1004 4352 1031 4394 e.
1049 4330 1139 4394 ἔνεκα
1155 4339 1274 4400 κακῶν·

162 4454 269 4496 sensus
298 4448 344 4499 cst
372 4436 516 4501 clericum
546 4435 580 4499 ἐν
609 4438 717 4507 κακοῖς,
750 4446 786 4497 ut
817 4431 879 4511 hic,
908 4434 1056 4500 πλούσιον
1086 4434 1121 4501 ἀν
1151 4432 1274 4517 ἔργοις.
