2864 4914
161 267 204 328 88
522 266 900 332 ANNOTATIONES

208 453 280 519 232.
309 435 413 499 Oresti
440 435 550 501 tribuit
573 439 738 502 Cauterus.
778 436 885 502 Choro
910 433 988 499 Ald.
1014 446 1046 497 et
1076 431 1162 498 Flor.
1190 446 1265 498 tres.

163 534 242 613 Alii,
258 551 295 600 ut
310 536 350 613 B,
365 536 513 602 Electrae.

208 654 282 722 234.
296 639 453 718 μεταβολὴ
467 640 588 706 πόντου
601 643 710 726 γλυκυΊ
737 643 832 705 Hanc
853 638 1049 716 sententiam,
1064 658 1126 701 non
1141 657 1266 722 semper
1369 649 1373 657 ’

163 761 280 816 veram,
293 738 376 803 intra
389 739 518 805 artiores
533 742 610 806 lines
628 742 784 806 contrahit
800 744 896 806 Herc.
914 743 954 806 F.
974 758 1067 825 1295.
1084 737 1265 823 Κεκλημένιρ

162 842 196 905 δὲ
218 842 295 922 φωτὶ
314 843 446 925 μακαρίῳ
470 844 555 920 ποτὲ,
578 846 617 906 Al
636 845 805 923 μεταβολαὶ
828 845 970 925 λυιαγρόυ.
1009 840 1108 905 Ridet
1127 838 1267 904 comicus

162 963 338 1027 anonymus
351 941 493 1023 (fortasse
504 944 765 1008 Anaxandrides:
791 945 863 1008 vide
875 945 1066 1008 Athenaeum
1083 962 1132 1027 15.
1147 927 1180 1028 p.
1190 943 1264 1024 694

163 1044 215 1121 F.)
233 1041 320 1128 apud
343 1042 539 1121 scholiasten,
558 1045 603 1108 ita
623 1044 775 1131 legendus
796 1068 856 1132 ope
879 1047 953 1110 Ms.
972 1043 1155 1130 Augustani
1176 1041 1265 1129 apud

162 1143 355 1209 Valckenaer.
378 1146 480 1210 Distr.
503 1170 536 1233 p.
555 1166 626 1232 229.
646 1146 685 1211 Ὁ
705 1154 820 1229 πρῶτος
843 1150 942 1221 είπὸυ,
966 1145 1122 1227 μεταβολὴ
1143 1143 1267 1208 πόντου

161 1246 265 1329 γλυκὺ,
281 1248 349 1330 Οὐχ
362 1250 487 1329 ὑγίαινε,
504 1247 634 1312 δέσποτ’·
657 1251 690 1312 ἐκ
703 1251 760 1328 μὲν
775 1253 833 1330 γὰρ
848 1251 940 1313 κόπου
955 1246 1072 1312 Γλυκεί
1087 1246 1264 1318 ἇυόπαυσις,

162 1350 195 1411 ἐκ
217 1347 242 1411 δ’
266 1350 410 1416 ἀλουσίας
432 1352 518 1431 ὕδωρ,
544 1351 603 1412 Καὶ
623 1353 723 1415 τόλλα
742 1351 778 1428 δὴ
795 1349 914 1414 τοιαῦτ’·
938 1352 992 1413 ἐὰν
1013 1347 1039 1412 δ’
1063 1350 1096 1411 ἐκ
1115 1347 1266 1411 πλουσίου

161 1450 289 1531 Πτωχὸς
310 1448 442 1531 γένηται,
458 1452 613 1529 μεταβολὴ
631 1453 697 1530 μὲν,
714 1452 768 1530 ἡδὺ
783 1449 806 1514 δ’
822 1453 865 1515 οὔ.
905 1449 998 1514 'uos’
1013 1449 1082 1533 οὐχὶ
1103 1449 1225 1512 πόυταυ
1246 1448 1265 1527 ἡ

159 1551 315 1630 μεταβολὴ
336 1551 371 1630 δὴ
393 1553 496 1632 γλυκό.
542 1551 665 1615 Eodem
688 1551 814 1638 respicit
828 1550 1028 1638 Antiphanes
1049 1549 1136 1636 apud
1157 1548 1264 1613 Athe-

160 1673 265 1714 naeum
293 1672 342 1716 10.
368 1675 401 1738 p.
424 1654 500 1733 446.
524 1656 567 1716 A.
594 1655 716 1736 Στροφῆ
739 1656 841 1736 λόγου
866 1651 1039 1734 παρελθέτω
1064 1671 1117 1720 τις·
1140 1649 1194 1731 ἡδί
1219 1675 1266 1714 τοι

160 1754 265 1816 'Eo-riu
278 1754 433 1832 μεταβολὴ
448 1754 560 1821 παντὸς
575 1756 663 1837 ἔργου
677 1756 758 1834 πλὴν
773 1757 851 1822 ἑνός.
896 1756 1015 1819 Levem
1030 1775 1166 1818 errorem
1181 1774 1266 1817 oom-

161 1853 245 1917 misit
260 1854 308 1917 vir
323 1877 475 1931 summus,
491 1855 579 1942 quod
600 1856 701 1920 locum
722 1877 760 1920 ex
783 1856 923 1921 Hercule
944 1856 1078 1942 petitum
1100 1854 1142 1920 ed
1163 1854 1265 1918 incer-

161 1971 224 2020 tam
248 1956 387 2021 fabulam
411 1957 574 2022 rettulerit.
620 1961 685 2023 Pro
703 1960 797 2042 γλυκὺ
821 1959 913 2024 Harl.
936 1960 991 2038 ἡδὺ
1009 1980 1082 2022 cum
1102 1956 1266 2021 scholiaste

162 2059 373 2144 Hermogenis
392 2059 474 2123 inter
488 2059 567 2124 Aldi
590 2060 747 2127 Rhetorss
761 2061 823 2125 vol.
842 2082 870 2127 2.
893 2082 927 2147 p.
943 2062 1019 2145 376,
1036 2077 1087 2146 25.
1101 2074 1133 2122 et
1148 2060 1267 2122 Eusto-

161 2159 229 2225 thio
251 2185 282 2248 p.
301 2181 394 2246 1093,
417 2177 470 2245 51.
498 2181 591 2242 1404,
607 2182 662 2245 54.
691 2182 784 2246 1910,
803 2182 858 2247 30.
904 2161 995 2226 Idem
1018 2176 1122 2227 umen
1145 2160 1264 2224 Eusta-

162 2262 247 2325 thius
262 2286 292 2349 p.
308 2282 403 2347 1799,
417 2281 471 2346 30.
487 2279 571 2328 recte
585 2263 680 2327 habet
694 2262 798 2346 γλυκύ.
821 2263 925 2328 POR.

206 2382 244 2449 23
247 2383 277 2447 5.
293 2363 418 2448 ὑγιείας]
436 2365 540 2444 ὑγείας
553 2363 645 2427 codd.
660 2363 762 2426 multi.

206 2483 276 2550 237.
294 2464 329 2544 δή
344 2491 398 2528 υυυ
413 2464 592 2527 Burnesius.
617 2464 652 2542 δὴ
667 2468 720 2527 υῦυ
735 2462 814 2527 libri.

205 2569 277 2650 238.
294 2564 444 2651 Ἐρινύες]
463 2565 665 2628 scribebatur
678 2562 840 2645 Ἐριυυιίες.

205 2688 279 2748 242.
303 2669 445 2751 Ναυπλία
468 2668 506 2730 Β.
529 2685 561 2731 et
583 2682 700 2753 septem
722 2666 783 2729 alii.
825 2669 970 2752 Ναυπλίῳ
996 2665 1074 2730 Ald.
1117 2665 1209 2729 Infra
1232 2689 1263 2729 v.

120 2797 125 2804 ·
161 2786 235 2851 472.
252 2771 283 2836 ἐς
297 2771 468 2833 Ναυπλίαν.

205 2887 277 2955 25ι.
306 2868 344 2932 orl
369 2894 422 2932 υυυ
447 2871 611 2932 Canterus.
643 2869 682 2932 σὺ
705 2875 759 2932 υῦυ
784 2868 853 2932 libri
878 2883 910 2932 et
935 2869 1080 2933 Stoboeus
1103 2867 1172 2932 Ecl.
1199 2868 1264 2932 eth.

160 2997 192 3059 p.
211 2989 283 3056 197.
307 2973 355 3034 ed.
383 2973 476 3034 Cant.
500 2986 532 3034 et
556 2970 705 3035 Eustath.
727 2993 759 3057 p.
781 2987 858 3056 549,
877 2990 931 3055 39.
966 2969 1004 3034 σό
1029 2996 1075 3034 τοι
1098 2969 1264 3035 Plutarch.

161 3073 276 3139 Morsl.
294 3096 327 3160 p.
342 3073 382 3136 88
399 3074 438 3136 C.

204 3195 277 3260 254.
300 3174 377 3257 ταχὺ
398 3172 475 3237 Ald.
512 3174 604 3256 ταχὺς
626 3172 766 3259 plerique
789 3175 887 3238 MSS.
911 3172 1007 3259 Diog.
1031 3174 1072 3237 L.
1090 3187 1122 3253 7,
1140 3173 1213 3236 182.
1231 3188 1265 3236 et

159 3277 224 3340 Dio
238 3277 351 3361 Chrys.
371 3292 421 3356 74.
437 3298 468 3362 p.
481 3276 554 3361 638.
578 3276 681 3339 POR.

202 3382 269 3459 όρτι
283 3378 463 3460 σωφρονῶν]
481 3378 586 3457 ὀρτίως
601 3383 721 3458 φρουῶυ
737 3377 905 3462 Diogenes
943 3378 1042 3439 Recte
1056 3375 1198 3440 fortasse.

203 3498 276 3562 255.
302 3480 399 3540 Hunc
414 3492 445 3541 et
459 3477 525 3540 duo
539 3492 704 3561 sequentes
726 3476 780 3539 ubi
803 3476 877 3540 citat
897 3477 1064 3561 Longinus
1080 3497 1131 3561 15.
1154 3477 1265 3543 laudat

161 3580 309 3665 Toupius
323 3576 439 3640 Alexin
463 3576 613 3639 Athenaei
635 3578 664 3640 8.
688 3599 719 3662 p.
735 3596 809 3661 339.
826 3578 869 3641 D.
887 3575 932 3640 'u
952 3583 1054 3658 μῆτερ,
1079 3577 1199 3642 ίκετετία
1214 3604 1262 3653 σε,

159 3682 199 3761 μὴ
213 3678 322 3743 ’πίσειέ
340 3703 390 3757 μοι
404 3678 468 3741 Τὸυ
484 3680 658 3757 Μισγόλαν
683 3679 718 3740 οὐ
735 3681 794 3758 γὰρ
810 3678 968 3762 κιθαρῳδὸς
990 3677 1046 3756 είμ’
1062 3681 1133 3760 lys.
1156 3680 1264 3744 POR.

160 3780 301 3866 Hesych.
318 3779 370 3856 Μὴ
384 3775 493 3842 ’πίσειί
508 3801 576 3856 pot:
600 3779 640 3855 μὴ
655 3777 769 3840 ἐπίσειέ
783 3803 843 3856 μοι.

205 3883 278 3964 256.
302 3878 487 3957 αἱματωποὺς
511 3876 585 3939 nihil
607 3877 692 3940 aliud
715 3894 773 3955 est,
794 3878 851 3940 nisi
875 3902 948 3962 quae
972 3895 1044 3942 sunt
1063 3879 1131 3943 visu
1154 3882 1264 3959 atroci,

160 3981 262 4070 qualis
276 3995 322 4044 est
337 4001 456 4054 eorum,
472 3979 527 4063 qui
551 3979 622 4056 αίμα
644 3993 673 4041 et
697 3980 794 4058 φόνου
815 3978 977 4057 βλέπουσι.
1023 3981 1168 4066 Hesyeh.
1183 3982 1266 4047 indi-

159 4099 248 4150 estus
262 4105 281 4144 a
298 4083 386 4143 Pors.
401 4077 441 4141 ad
456 4102 486 4141 v.
503 4081 576 4161 605.
598 4081 792 4158 αἱματωποὺς,
808 4082 880 4159 uiuo
901 4079 1087 4159 βλεπούσας.
1111 4083 1199 4147 Flor.
1215 4104 1265 4148 ιο.

160 4179 379 4265 αἱματοποιοός.
395 4181 483 4265 Aug.
499 4177 531 4241 d.
551 4181 739 4257 αίρατόδους.
766 4182 851 4243 Sext.
868 4182 964 4267 Emp.
981 4183 1011 4254 8,
1025 4198 1079 4266 57.
1095 4182 1181 4246 hunc
1196 4208 1267 4249 ver-

160 4308 228 4353 sum
252 4283 352 4346 citans
372 4284 426 4346 τὸς
448 4281 619 4358 αἱματώδεις
644 4283 692 4343 καὶ
712 4284 921 4361 δρακοντώδεις
944 4285 1043 4364 κόρας.
1088 4287 1155 4350 Pro
1175 4289 1266 4367 κόρας

162 4393 248 4454 Pors.
265 4384 305 4449 ad
322 4408 350 4447 v.
367 4383 441 4465 605.
456 4394 621 4468 expectare
636 4403 668 4444 se
683 4379 759 4446 dicit
773 4379 873 4449 κτίσας.
896 4383 1091 4450 ΜΔΤΤΗ.

613 4532 831 4615 Δ.
