2864 4914
201 274 244 338 48
565 272 945 338 ANNOTATIONES

244 447 321 530 306.
336 443 634 532 τῷδε-κάμνουσιν]
650 443 959 531 τούτῳ-πάσχουσιν
970 441 1152 507 Eustratius
1162 442 1194 506 in
1209 443 1304 508 schol.

201 545 241 610 ad
257 546 390 610 Aristot.
407 545 484 610 Etb.
501 544 625 610 Nicom.
644 545 665 611 l.
684 566 712 611 1.
751 545 888 633 Vulgata
909 544 1061 633 scriptura
1082 559 1218 610 utuntur
1233 546 1308 610 Ari-

202 649 297 716 stides
310 648 374 714 vol.
388 669 421 734 3.
444 671 477 736 p.
494 666 567 731 704.
584 664 616 714 et
632 648 821 714 Tbeodulus
842 649 874 714 in
895 648 974 714 Maii
991 647 1182 714 Collectione
1196 650 1258 713 vol.
1274 669 1307 736 3.

201 774 236 838 p.
252 771 322 835 190.

242 873 319 939 312.
334 854 442 918 ἄπεστι
457 852 494 915 Β.
537 851 718 939 Legebatur
732 855 841 918 ὄλωλε.

244 970 319 1041 317.
336 958 469 1021 Comma
483 976 546 1018 non
568 968 641 1019 ante
664 953 728 1019 καθ’
743 955 865 1038 ἡμέραν,
881 955 934 1021 sed
959 970 1030 1044 post
1051 957 1119 1020 haec
1139 955 1234 1021 verba
1247 979 1304 1044 po-

200 1057 338 1122 nendum
354 1056 435 1121 utin
452 1056 610 1120 veteribus
624 1055 697 1120 edd.
711 1057 840 1122 factum.

243 1182 317 1247 319.
336 1162 438 1239 ἀξιοῦν
452 1159 594 1224 absolute
609 1159 745 1248 positum
762 1184 820 1248 pro
830 1162 995 1239 bonorare,
1008 1179 1044 1226 ut
1056 1159 1217 1224 Heraclid.
1228 1180 1301 1243 921.

202 1262 348 1349 Sophocl.
373 1263 428 1349 Aj.
451 1282 544 1344 1114.
566 1263 602 1327 orl
623 1265 681 1346 γὰρ
704 1263 786 1343 ἠξίου
810 1263 879 1332 τοὺς
896 1264 1032 1344 μηδένας.
1070 1263 1193 1327 Locum
1217 1262 1302 1328 hunc

200 1367 332 1433 laudans
354 1365 542 1431 Eustathius
563 1365 604 1430 ad
627 1367 725 1430 Hom.
748 1388 781 1453 p.
798 1368 872 1441 666,
887 1369 939 1447 46.
957 1367 1031 1444 801,
1046 1385 1099 1452 53.
1123 1364 1217 1430 habet
1233 1391 1302 1430 στε-

200 1472 401 1552 φανούμενον,
426 1481 546 1554 utpote,
568 1467 690 1555 opinor,
712 1468 797 1533 oetati
820 1492 885 1533 suae
908 1468 1102 1546 familiarius,
1120 1489 1301 1555 quanquam

200 1595 323 1638 sumere
336 1584 459 1660 poterat
474 1594 512 1635 cx
528 1571 587 1635 hac
601 1570 709 1636 fabula
723 1594 818 1659 supra
836 1590 874 1637 12
875 1588 906 1658 5.
930 1573 1044 1637 Glossa
1056 1571 1149 1636 etiam
1165 1570 1195 1634 in
1210 1573 1302 1635 Cant.

199 1677 375 1756 τιμώμενον,
399 1676 596 1755 στεφόμενον.
641 1672 764 1737 Locum
795 1672 861 1738 sinc
891 1674 1038 1739 varietate
1062 1674 1137 1740 citat
1160 1673 1303 1739 Thomas

202 1779 252 1842 M.
270 1800 301 1839 v.
317 1778 398 1855 ἀξιῶ.
420 1775 523 1838 POR.

242 1897 318 1965 322.
332 1878 445 1965 ἧσσον]
461 1876 551 1956 ἦττον
563 1877 610 1942 Η.

242 2001 318 2068 323.
334 1983 401 2066 ἡδὶ]
420 1984 540 2045 Rarum
555 1980 642 2067 apud
657 1980 791 2068 tragicos
804 1979 835 2044 in
852 1981 990 2046 senariis.
1013 1983 1111 2047 Herc.
1124 1983 1148 2047 f.
1158 2003 1210 2069 30.
1225 1982 1300 2066 Ἀμ-

200 2084 279 2166 φίον’
295 2087 348 2165 ἠδὲ
364 2088 473 2164 Ζῆθον,
490 2085 602 2166 ἐκγόνω
619 2084 702 2151 Διός.

242 2208 316 2274 332.
333 2190 412 2273 αἰαῖ]
430 2189 496 2252 οὐαὶ
511 2187 576 2252 duo
590 2185 683 2252 codd.
700 2185 817 2250 Stoboei
832 2184 939 2250 Flosil.
956 2187 1010 2266 62,
1026 2206 1077 2273 25.

242 2290 423 2379 πεφνκέναι]
449 2293 583 2378 Ineptus
604 2305 651 2355 est
671 2289 853 2368 infinitivus,
867 2290 960 2377 cujus
973 2290 1148 2379 explicandi
1171 2291 1303 2357 incredi-

200 2393 277 2458 biles
291 2392 443 2481 quasdam
459 2393 593 2459 rationes
608 2391 826 2478 excogitarunt
846 2391 1051 2478 grammatici,
1067 2415 1170 2480 neque
1191 2394 1303 2459 intelli-

198 2495 286 2585 gitur
299 2495 378 2584 quid
400 2496 552 2585 impedire
575 2493 711 2584 potuerit
732 2509 855 2581 poetam
871 2492 1040 2581 quominus
1061 2493 1153 2582 plane
1174 2508 1208 2561 et
1227 2497 1300 2561 sim·

199 2598 321 2686 pliciter
342 2613 374 2664 et
393 2598 625 2665 accommodate
646 2598 686 2664 ad
709 2598 853 2686 proxima
867 2597 963 2663 verba
982 2601 1079 2683 τολμᾷ
1100 2625 1133 2665 τε
1155 2600 1303 2666 scriberet

199 2699 306 2783 πέφυκ’
323 2703 380 2776 ἀεί,
395 2723 490 2788 quam
507 2701 668 2766 lectionem
683 2701 724 2766 ab
736 2700 899 2766 scholiasta
910 2717 1111 2767 memoratam
1123 2718 1155 2769 et
1165 2703 1196 2767 in
1208 2703 1302 2768 codd.

200 2803 285 2866 Flor.
302 2801 403 2867 tribus
424 2819 456 2868 et
473 2803 581 2867 Guelf.
600 2819 780 2870 annotatam
801 2804 964 2868 confirmat
988 2804 1140 2871 Stoboeus.
1188 2807 1227 2870 In
1250 2832 1302 2871 πε-

200 2905 335 2987 φυκέναι,
351 2904 408 2991 qui
423 2905 535 2970 veteris
549 2905 666 2970 librarii
680 2930 766 2972 error
780 2923 827 2973 est
842 2906 1077 2972 usitatissimum
1091 2907 1169 2973 illud
1187 2911 1226 2977 ὥς
1248 2936 1299 2974 κα-

162 3064 163 3068 ,
200 3007 339 3073 nircum
362 3008 517 3073 infinitivo
538 3008 569 3072 in
592 3026 696 3075 mente
717 3010 872 3089 habentis,
887 3010 1040 3076 consentit
1055 3012 1248 3077 Eumathius
1268 3012 1301 3076 8.

199 3133 230 3198 p.
246 3131 322 3198 301.
360 3111 471 3178 Minus
486 3111 647 3200 probabile
661 3126 709 3177 est
722 3112 839 3195 πέφυκέ
852 3138 890 3187 τι,
906 3113 992 3200 quod
1007 3113 1110 3201 ipsum
1125 3137 1254 3202 quoque
1269 3113 1303 3178 in

199 3214 323 3280 scholiis
337 3230 541 3292 memoratur,
552 3214 599 3280 vel
614 3215 731 3298 πέφυκέ
744 3241 815 3291 nos,
826 3215 912 3303 quod
928 3215 961 3280 in
976 3239 1076 3305 marg.
1090 3218 1196 3304 Mosq.
1209 3216 1304 3282 unius

198 3333 245 3384 eat
259 3318 463 3407 adscriptum.

241 3442 319 3508 333.
335 3425 510 3508 νικώμενον]
534 3420 740 3488 Scribendum
756 3425 956 3506 κρατούμενον
968 3445 1008 3489 ex
1025 3422 1151 3488 Stobaeo
1165 3435 1197 3487 et
1212 3420 1300 3487 Flor.

198 3525 335 3590 duobus.
374 3529 538 3592 Annotata
551 3525 620 3590 haec
634 3525 725 3591 lectio
739 3526 771 3590 in
787 3525 880 3592 Harl.
894 3528 988 3611 6300.

242 3647 317 3714 334.
333 3630 432 3717 οὑμοὶ]
449 3630 535 3710 οὑμοὶ
550 3631 692 3715 August.
703 3628 786 3694 duo:
809 3629 850 3696 de
860 3652 926 3717 qua
935 3628 1090 3695 scribendi
1104 3629 1223 3695 ratione
1234 3629 1301 3694 dixi

198 3729 238 3795 ad
254 3731 421 3820 Aristopb.
437 3733 524 3798 Nub.
541 3734 634 3819 1065.

241 3853 315 3921 335.
333 3837 492 3920 ῥιφθέντες
507 3836 593 3903 Flos.
608 3836 684 3902 duo.
722 3836 827 3926 Vulgo
839 3837 985 3921 ῥιφέντες.

241 3941 317 4025 338.
333 3943 425 4028 ῖεῖσα]
444 3945 560 4025 ἀφεῖσα
574 3941 659 4008 mor.
675 3964 768 4008 unus.
813 3943 854 4006 In
878 3943 959 4005 ἱεῖσα
977 3938 1131 4005 consentit
1152 3937 1302 4004 Eustath.

197 4064 229 4128 n·
248 4042 341 4129 ¹875.
355 4061 410 4130 45·

241 4165 315 4233 340·
331 4148 380 4236 tr]
396 4151 456 4231 γὰρ
471 4148 515 4212 Η.
532 4163 564 4214 et
579 4149 667 4213 Flor.
683 4160 846 4235 quattuor.

241 4268 315 4334 343.
339 4249 468 4329 ἔμπαλιν
482 4250 573 4316 codd.
590 4250 732 4339 plerique
746 4264 778 4314 et
793 4246 943 4313 Eustath.
964 4270 997 4335 p.
1019 4265 1092 4332 129,
1111 4267 1160 4328 14.
1198 4245 1304 4335 Vulgo

199 4354 375 4434 τοῦμπαλιν.

241 4459 317 4543 346.
338 4484 375 4541 γε
398 4458 485 4523 ΒΗ.
500 4470 533 4524 et
547 4458 632 4524 Flor.
646 4474 716 4523 tres.
755 4480 805 4521 σοι
820 4455 898 4521 Ald.
932 4457 1034 4540 σοίγε
1050 4456 1155 4543 Mosq.
1171 4477 1256 4520 unus
1271 4468 1303 4521 et
