2864 4914
483 308 551 379 ΑΙ)
575 306 914 381 HIPPOLYTUM.
1184 314 1244 384 291

147 477 311 566 βρῶσιμον,
330 488 376 551 Οὐ
397 488 531 571 χριστὸν,
549 491 616 552 οὔτε
637 488 754 561 πιστὸν,
772 491 853 551 ἀλλὰ
870 487 1034 570 φαρμάκων
1048 484 1141 572 Χρεία
1163 509 1247 552 κατε-

148 587 326 652 σκέλλοντο.
364 589 477 676 Eurip.
496 588 606 676 Suppl.
626 611 720 674 1119.
738 596 827 654 Μισῶ
850 588 873 654 δ’
893 591 960 654 ὅσοι
982 586 1141 675 χρῄζουσιν
1157 591 1247 654 ἐκτεί·

149 715 212 754 νειν
233 693 313 770 βίον,
341 697 485 773 Βρωτοῖσι
510 693 558 757 καὶ
579 699 698 758 ποτοῖσι
724 694 772 756 καὶ
793 694 962 776 μαγεύμασι
988 692 1248 775 Πορεκτρέποιπες

146 793 267 876 ὀχετὸν,
291 795 369 860 ὥστε
394 796 434 875 μὴ
458 800 572 859 θανεῖν.
617 796 667 859 De
691 794 820 859 diversis
844 795 1008 877 φαρμάκιον
1029 795 1196 882 generibus
1221 817 1250 858 v.

150 894 326 960 Blomfield.
342 897 373 960 in
391 897 551 962 Glossario
565 897 606 962 ad
622 897 724 963 locum
741 897 895 985 AEschyli.
920 895 1069 964 MONK.

192 1018 268 1083 525.
285 999 315 1083 ὃ]
334 999 367 1067 ὃς
383 1002 456 1064 Par.
474 993 561 1064 AF..
579 1000 685 1065 Havn.
702 999 788 1065 Flor.
805 1002 848 1064 Α.
866 1018 896 1063 2.
915 1021 965 1066 10.
982 1001 1075 1064 Losc.
1091 1013 1122 1064 et
1138 1001 1253 1063 Eusto-

151 1100 236 1165 thius
251 1126 281 1188 p.
296 1122 374 1188 432,
391 1104 421 1167 6.
446 1101 637 1168 MATTH.
684 1100 845 1168 Homerici
863 1103 882 1166 d
897 1125 956 1190 pro
970 1102 1109 1190 depositi
1126 1101 1253 1166 unicum

151 1202 210 1269 hoc
225 1219 272 1269 est
285 1229 303 1269 e
318 1205 443 1292 tragicis
455 1205 645 1294 exemplum.

195 1307 348 1393 ὀμμάτων]
373 1310 424 1373 De
445 1329 551 1374 amore
572 1332 629 1396 per
643 1307 750 1374 oculos
770 1309 802 1373 in
823 1309 941 1374 viscera
957 1324 1140 1396 penetrante
1162 1305 1252 1372 multi

152 1411 252 1476 multa
267 1426 415 1476 notarunt
429 1411 479 1476 hic
495 1435 556 1476 non
572 1412 788 1478 retractando:
813 1413 934 1501 prteivit
950 1413 1027 1478 etin
1044 1412 1092 1476 liis
1107 1406 1255 1498 Euripidi

154 1515 328 1603 AEschylus
351 1513 466 1603 Agnrn.
493 1541 519 1580 v.
542 1529 616 1602 750.
649 1517 761 1604 Suppl.
784 1533 875 1600 1017.
910 1516 1073 1604 Sophoclis
1095 1538 1202 1579 versus
1225 1527 1256 1577 et

151 1617 213 1682 alia
226 1618 281 1682 dat
296 1619 473 1683 Athenaeus
491 1639 541 1704 13.
556 1643 589 1706 p.
603 1621 678 1705 564.
700 1639 824 1685 σουςοοι
847 1619 943 1685 tradit
960 1618 1122 1684 Plutarch.
1140 1613 1255 1682 Morol.

152 1743 185 1808 p.
198 1721 270 1785 281.
287 1723 371 1785 Α.Β.
396 1719 567 1787 VALCK.

193 1839 273 1909 527.
294 1826 422 1909 ψυχαῖς]
449 1826 521 1888 Par.
545 1826 630 1890 B.D.
648 1818 734 1889 Flor.
756 1845 805 1890 10.
822 1828 870 1890 H.
910 1821 1000 1890 Libri
1024 1823 1134 1911 reliqui
1158 1830 1255 1910 ψυχᾷ,

151 1927 240 2013 quod
255 1926 478 1991 revocandum.

196 2029 242 2097 οῖς
256 2030 328 2093 Par.
346 2030 434 2092 B.D.
458 2029 505 2096 αῖς
520 2030 567 2092 Η.
594 2028 698 2116 Vulgo
713 2031 773 2104 οὓς,
789 2029 878 2116 quod
893 2029 1113 2094 revocandum.

197 2151 273 2216 530.
291 2132 392 2214 Πυρὸς
405 2131 500 2211 βέλος
512 2145 558 2195 est
573 2133 795 2219 visstammcffl
819 2154 876 2219 per
898 2133 1015 2212 ἄστρον
1033 2131 1127 2211 βέλος
1135 2128 1258 2215 fulmi-

154 2237 208 2299 τοῖς
229 2237 323 2299 telum
341 2234 389 2298 vel
398 2236 534 2320 fulmen
554 2233 705 2321 intelligo,
730 2258 813 2321 saepe
832 2234 936 2314 βέλος,
953 2248 984 2297 et
1005 2233 1099 2314 βέλος
1117 2237 1258 2316 κεραυνοῦ

157 2336 304 2425 Sophocli
327 2337 457 2410 dictum,
481 2334 679 2417 πυρπάλαμον
700 2336 796 2416 βέλος
814 2337 888 2403 Διὸς
909 2335 1050 2401 Pindaro
1065 2335 1117 2401 Ol.
1137 2357 1187 2414 10,
1204 2337 1255 2420 96.

158 2442 215 2504 VA
223 2442 329 2506 LCK.

199 2564 273 2630 531.
300 2543 587 2631 ὑπέρτερον-οῖον]
611 2543 757 2631 vulgaris
782 2568 883 2610 sermo
904 2544 1088 2633 postularet,
1107 2547 1174 2609 οὔτε
1200 2546 1258 2626 γὰρ

157 2647 250 2728 πυρὸς
265 2673 291 2711 ο.
307 2649 336 2710 ἄ.
350 2645 512 2729 ὑπέρτερον
527 2646 625 2727 βέλος
647 2648 711 2710 ἐστὶ
733 2654 785 2712 τοῦ
807 2654 858 2716 τιῖς
878 2647 1058 2731 Ἀφροδίτας
1073 2646 1225 2733 (βέλους),
1241 2646 1258 2711 ὃ

154 2749 252 2831 Ἕριος
277 2751 350 2829 ἵησι,
376 2747 429 2812 sed
459 2770 559 2834 quum
590 2748 650 2812 dici
679 2763 782 2836 posset
807 2766 839 2815 et
866 2750 1029 2834 ὑπέρτερον
1053 2750 1146 2831 βέλος
1176 2750 1259 2814 ἐστὶν

157 2855 282 2925 ἐκείνου,
303 2853 329 2924 ὅ,
346 2865 378 2915 et
400 2855 533 2915 τοιοῦτον
554 2851 650 2930 βέλος
671 2852 765 2927 έστῖν,
786 2853 860 2928 οῖον,
884 2867 976 2941 poeta
996 2867 1167 2939 utrumque
1187 2874 1259 2916 con·

152 2953 272 3041 junxit.
298 2953 487 3017 MATTH.
524 2953 672 3019 Similiter
687 2953 847 3020 Theocrit.
864 2977 896 3042 9,
910 2957 1019 3041 35111)
1035 2957 1076 3021 L.
1093 2955 1259 3020 Dindorfio

158 3071 367 3144 comparatus,
380 3059 448 3122 οὔτε
464 3061 522 3140 γὰρ
533 3059 624 3124 ίπνος
635 3057 694 3122 οὔτ’
707 3059 760 3140 ἔαρ
775 3061 915 3137 ἐξαπίνας
928 3062 1150 3142 γλυκερώτερον
1164 3061 1259 3123 ὅσσον

159 3162 226 3241 ἑμῖν
242 3166 353 3224 Μῶσαι
368 3162 466 3242 φίλαι.

202 3282 278 3347 533.
293 3259 405 3348 χερῶν]
422 3266 531 3344 χειρῶν
545 3284 618 3348 pars
631 3261 784 3327 codicum.

202 3383 277 3451 534.
292 3369 309 3429 ὁ
326 3367 398 3432 Διὸς
412 3367 495 3450 παῖς]
512 3366 714 3452 Jovicfiliuo
727 3365 785 3430 etsi
800 3365 831 3430 in
848 3365 1032 3429 Groecorum
1047 3363 1135 3429 libris
1149 3385 1258 3452 super·

161 3468 285 3534 stitibus
300 3491 361 3532 non
377 3467 556 3532 nominatur
569 3467 707 3554 Cupido,
718 3467 791 3554 quis
801 3482 904 3532 tomen
919 3482 1067 3554 praesture
1081 3467 1172 3546 ausit,
1186 3490 1259 3532 eum

161 3596 217 3638 nec
232 3573 263 3637 in
279 3570 449 3660 deperditis
463 3573 546 3635 Jove
563 3586 669 3636 natum
690 3586 895 3637 memoratum
914 3595 990 3636 esse.
1035 3571 1164 3636 Groecos
1178 3585 1261 3636 certe

161 3691 302 3741 auctores
328 3674 425 3740 secuti
449 3689 523 3738 sunt
542 3666 628 3760 Virg.
654 3673 718 3738 Cir.
743 3694 811 3760 134.
851 3675 996 3739 Lactant.
1022 3674 1126 3739 Instit.
1156 3694 1184 3754 1,
1210 3690 1261 3758 17.

163 3778 263 3865 Apul.
287 3780 370 3842 Met.
393 3779 432 3850 6;
456 3799 529 3863 quae
552 3774 619 3839 loco
633 3774 740 3839 citavit
763 3777 928 3862 Musgrav.
959 3775 1067 3842 Valck.
1081 3777 1261 3864 conjecture

163 3884 266 3965 ὀλίγος
276 3887 345 3948 παῖς
356 3880 537 3969 agravitate
549 3878 638 3967 lyrici
649 3878 793 3944 carminis
806 3879 937 3944 nimium
947 3881 1050 3946 dietat.
1068 3881 1260 3944 MATTH.

206 4000 281 4068 535.
298 3985 400 4050 ἄλλοις
414 3983 528 4071 ἄλλος]
545 3982 625 4051 ἅλως
639 3982 719 4050 ἅλιος
734 3983 779 4046 Η.

205 4085 344 4174 Ἀλφεῷ]
361 4084 494 4170 Ἀλφειῷ
507 4086 580 4150 Por.
597 4087 688 4150 AB.

206 4191 279 4274 536.
298 4189 360 4272 ἐπὶ]
380 4190 413 4252 ἐν
428 4188 514 4252 Flor.
531 4207 560 4252 2.
576 4203 607 4252 et
624 4189 716 4252 Losc.

206 4288 377 4377 τεράμνοις]
396 4289 601 4354 Scribendum
617 4289 768 4371 τερέμνοις
781 4313 852 4355 cum
871 4290 1013 4355 Monltio.

207 4410 281 4479 537.
298 4391 338 4457 αἶ’
353 4390 497 4456 additum
512 4391 553 4455 ab
568 4392 754 4456 Hermanno
768 4392 807 4456 de
823 4407 910 4457 metr.
927 4416 959 4479 p.
975 4412 1051 4476 445.

208 4496 289 4575 ἀέξει
302 4495 424 4562 codices
436 4509 468 4561 et
483 4496 575 4561 Laoc.
596 4493 679 4574 ἀέξει
693 4493 729 4573 δή
744 4494 821 4559 Ald.

683 4618 707 4664 11
724 4616 743 4667 2
