2864 4914
551 281 619 348 An
642 283 892 350 HECUBAM.
1231 287 1275 353 39

171 459 321 522 δύστανον
346 458 463 538 ὄνειρον
491 455 617 537 πέμπεις
645 458 678 536 ἐξ
707 457 841 540 ἀφανοῦς
862 455 949 520 Ἀίδα
975 458 1142 540 πρόπολον,
1169 459 1274 539 ψνχάν

171 561 294 643 ἀψνχον
310 560 429 644 ἔχοντα,
446 559 563 627 Νυκτὸς
576 564 668 625 satta
684 563 838 641 μελαίνας,
854 563 984 644 φρικώδη
1003 564 1104 626 δεινάν
1119 562 1205 643 ὄψιν,
1220 586 1273 641 με·

170 665 433 743 λανονεκνείμανα.

215 781 267 851 75.
282 767 467 845 Πολοξείνης
481 764 569 828 Flor.
585 765 659 829 duo.
705 765 834 854 Reliqui
850 765 919 830 libri
935 766 1117 847 Πολυξένης.

214 869 338 949 ὀνείρων
357 867 511 954 φοβερὰν]
532 868 713 955 Legebatur
734 871 858 952 ὀνείρων
880 869 970 934 εἶδαν.
994 869 1074 933 εἶδον
1095 872 1153 950 γάρ
1175 874 1271 947 φαβε-

170 969 238 1049 ράν.
284 969 379 1034 Prius
400 970 478 1034 illud
503 971 583 1035 εἶδον
603 994 664 1035 om.
682 974 729 1035 H.
749 987 780 1036 et
802 972 854 1036 alii
876 987 1038 1059 quattuor.
1084 974 1184 1036 Recte
1199 994 1273 1035 vero

171 1095 234 1136 non
249 1072 349 1137 solum
365 1073 435 1152 hoc,
451 1073 613 1139 sedetiam
629 1074 710 1139 εἶδον
724 1078 793 1158 γὰρ,
808 1075 895 1161 quod
911 1096 950 1138 ex
966 1097 997 1139 v.
1011 1095 1065 1158 90.
1078 1071 1125 1139 e'st
1139 1074 1273 1150 illatum,

170 1174 286 1239 omittit
301 1177 340 1241 B.

216 1296 266 1362 79.
293 1280 425 1366 χθόνιοι]
450 1279 523 1344 Νοα
545 1281 656 1365 uffart,
680 1279 745 1358 sed,
770 1295 805 1345 ut
827 1295 910 1346 recte
933 1303 1014 1345 unus
1040 1279 1273 1345 scholiastarum

170 1380 317 1467 explicat,
332 1384 361 1446 οί
376 1384 525 1466 ἐγχώριοι,
541 1384 570 1446 ol
585 1384 726 1447 ἐντόπιοι.

216 1485 267 1547 80.
289 1483 323 1551 ἀς
344 1486 446 1565 μόνος,
466 1489 555 1550 οἴκων
570 1484 683 1567 ἄγκυρά
700 1484 723 1549 τ’
741 1486 834 1568 ἐμῶν]
851 1488 965 1572 Inepta
986 1501 1033 1550 est
1054 1511 1088 1550 τε
1109 1483 1271 1571 particula.

173 1587 378 1651 Scribendnm
394 1612 433 1652 ex
448 1588 517 1653 cod.
534 1588 626 1654 Harl.
644 1591 739 1674 6300.
756 1589 789 1658 ἀς
802 1591 893 1669 μόνος
907 1592 996 1653 νίκων
1010 1587 1111 1671 ἀγκυρί
1128 1586 1168 1651 ἐτ’
1184 1589 1271 1666 ἐμῶν.

171 1692 274 1772 ἄγοιμ’
297 1689 359 1755 ἐστ’
383 1694 462 1771 ἐμῶν
483 1706 515 1755 et
537 1715 568 1755 v.
592 1715 655 1777 seq.
680 1691 814 1775 κατέχων
839 1714 897 1777 pro
922 1691 1041 1774 κατέχει
1064 1689 1150 1754 Flor.
1180 1711 1269 1753 unus.

172 1793 287 1858 Helen.
309 1795 382 1875 284.
405 1796 519 1877 ἀγκυρα
540 1792 565 1858 δ’
583 1795 603 1874 ἥ
623 1820 680 1874 μου
702 1797 755 1860 τάς
776 1795 867 1877 τύχας
888 1794 960 1877 ὤχει
980 1794 1068 1874 μόνη,
1091 1793 1181 1856 πόσιν
1202 1791 1271 1855 ποθ’

170 1897 252 1976 ἥξειν
281 1900 330 1962 καί
356 1896 384 1978 μ’
415 1896 603 1976 ἀπαλλάξειν
633 1902 740 1974 κακῶν,
770 1897 854 1962 οὗτος
881 1895 1031 1974 τέθνηκεν,
1063 1896 1147 1962 οὗτος
1177 1889 1270 1957 οὐκέτ’

171 2001 236 2064 ἔστι
250 2001 296 2080 δή.

215 2106 266 2189 83.
292 2105 378 2170 ἔσται
396 2131 425 2169 τι
444 2105 527 2190 νέον]
549 2103 676 2191 Syllaba
698 2125 811 2189 anceps
833 2116 905 2166 ante
926 2098 1219 2186 interpunctionem,
1236 2112 1272 2160 nt

170 2205 201 2268 in
219 2206 352 2294 Hippol.
370 2223 461 2292 1377.
477 2207 526 2272 διά
540 2205 564 2271 τ’
582 2207 707 2271 εάνᾶσαι
721 2204 775 2268 τὸν
790 2206 862 2285 ἐμὸν
876 2204 992 2283 βίοτον.
1012 2204 1019 2284 Ι
1037 2200 1061 2265 ὦ
1075 2201 1185 2282 πατρὸς
1200 2203 1272 2281 ἐμοῦ

169 2309 317 2376 δύστανος
338 2310 404 2391 ἀρά
433 2311 504 2373 lon.
525 2311 593 2392 167.
616 2309 724 2387 λίμνας
746 2308 839 2386 ἐπίβα
854 2311 904 2386 τῆς
924 2305 1083 2386 Δηλιάδος.
1104 2303 1110 2391 Ι
1130 2303 1270 2383 αἱμάξεις,

170 2414 198 2476 εί
210 2412 251 2492 μὴ
265 2414 372 2477 πείσει.
417 2413 511 2478 Conf.
526 2412 567 2477 ud
584 2409 682 2497 Soph.
698 2411 737 2474 0.
752 2411 791 2473 C.
807 2429 875 2493 139.

215 2515 264 2599 85.
283 2514 317 2578 si
331 2515 372 2579 ad
389 2516 517 2580 verbum
533 2516 657 2594 reddas,
671 2515 885 2603 interpretatio
895 2514 971 2579 erit:
996 2515 1173 2600 Nunquam
1184 2533 1271 2575 meru

169 2637 238 2680 ntea
248 2618 326 2681 odeo
339 2618 552 2682 indesinenter
565 2619 683 2695 horret,
698 2619 844 2705 trepidat.
861 2617 882 2680 i.
896 2641 926 2681 e.
942 2639 1003 2680 non
1017 2615 1094 2680 solet
1106 2637 1192 2678 mens
1204 2635 1272 2677 mea

168 2719 248 2783 adeo
263 2720 471 2785 indesinenter
485 2720 660 2785 horrescere
674 2733 706 2784 et
722 2719 887 2806 trepidare.
933 2721 1002 2783 Vox
1019 2720 1162 2786 ἀλίαστος
1175 2717 1272 2782 ducta

168 2836 217 2885 est
231 2845 269 2886 ex
286 2846 375 2888 versu
396 2824 566 2888 Homerico
582 2824 621 2889 Il.
638 2821 682 2886 ω’.
700 2847 729 2886 v.
744 2843 818 2908 549.

298 2925 363 3007 μήθ’
379 2928 526 2991 ἀλίαστον
539 2930 643 3011 άδιίρεο
658 2928 716 2992 σὸν
731 2931 806 2992 κατὰ
820 2928 923 3006 θύμον.
951 2926 1098 2989 MUSG.

214 3026 265 3108 87.
283 3029 382 3117 θείαν]
400 3029 560 3107 Divinam,
576 3029 651 3117 quia
666 3045 751 3094 vates
766 3045 823 3094 est.
853 3031 959 3112 Ψυχάν
974 3045 1078 3092 autem
1094 3026 1180 3104 dicit,
1195 3026 1271 3112 quia

169 3144 312 3193 mortuus
333 3149 400 3195 erat
422 3131 576 3211 Helenus,
597 3146 633 3196 nt
655 3156 694 3196 ex
717 3156 745 3196 v.
764 3136 814 3196 80.
830 3132 940 3218 liquet,
961 3130 1015 3193 ubi
1038 3129 1121 3193 solus
1142 3129 1182 3193 de
1199 3128 1269 3192 filiis

168 3255 329 3318 superesse
343 3232 468 3311 dicitur,
484 3257 522 3297 ex
541 3236 684 3300 Hecubae
698 3236 825 3322 quidem
842 3233 999 3321 opinione,
1016 3231 1202 3320 Polydorus.

213 3336 263 3399 88.
292 3335 488 3423 Κασάνδραν]
514 3336 604 3401 Libri
633 3340 773 3426 plerique
795 3360 903 3402 omnes
925 3334 1100 3417 κασάνδρας,
1122 3334 1208 3421 quod
1232 3335 1268 3398 li-

168 3434 264 3499 brarii
278 3434 411 3523 alicujus
424 3438 581 3502 sedulitati
596 3440 730 3524 debetur
749 3439 992 3528 praecedentium
1007 3437 1172 3502 verborum
1192 3460 1267 3501 con·

168 3538 369 3603 structionem
386 3540 513 3604 moleste
527 3542 745 3609 continuantis.
771 3546 869 3608 Recte
884 3542 1047 3608 scholiasta
1060 3555 1093 3606 et
1103 3557 1166 3604 tres
1175 3540 1266 3605 codd.

167 3639 352 3705 recentiores
369 3641 557 3725 Κασάνδραν.

212 3745 263 3826 89.
280 3745 433 3829 κρίνωσιν]
450 3748 568 3829 κρίνωσ’
584 3748 659 3813 Ald.
676 3762 708 3812 et
722 3748 814 3814 codd.
831 3747 931 3812 multi.

211 3865 265 3929 90.
280 3847 394 3930 αίμονι]
413 3847 452 3911 Id
467 3863 515 3912 est
528 3852 685 3933 αίματηρᾷ.

211 3966 263 4032 92.
281 3947 419 4014 Molesta
432 3950 472 4014 ad
489 3952 714 4038 praecedentem
731 3954 947 4017 hexametrum
964 3954 1121 4040 appendix
1142 3972 1188 4022 est
1208 3960 1267 4022 οἰκ-

165 4055 250 4131 τρῶς,
273 4050 360 4136 quod
383 4075 420 4115 ex
445 4054 587 4122 ἀνοίκτως
607 4055 646 4118 ad
671 4055 786 4140 ἀνάγκᾳ
805 4055 962 4142 adscripto
983 4072 1086 4120 ortum
1105 4059 1267 4123 videbatur

166 4154 318 4218 Porsono.
363 4156 436 4230 Quo
449 4156 559 4241 ejecto,
575 4157 708 4243 proximi
725 4181 832 4221 versus
852 4158 894 4221 sic
913 4173 1005 4222 erunt
1027 4159 1199 4246 digerendi,
1220 4164 1267 4226 καὶ

163 4255 234 4318 τόδε
251 4255 339 4334 όεῖμά
351 4280 411 4335 μοι·
436 4256 503 4335 ἦλθ’
518 4261 591 4340 ὑπὲρ
606 4260 697 4340 ἀκρας
715 4259 721 4346 Ι
740 4262 852 4341 τύμβου
867 4266 997 4343 κορυφᾶς
1016 4262 1166 4344 φάντασμ’
1182 4265 1264 4344 Ἀχι-

163 4355 253 4422 λέος.
284 4355 341 4420 nisi
358 4357 506 4444 jejunum
528 4383 656 4447 quoque
674 4361 760 4426 istud
775 4364 823 4426 καὶ
837 4367 905 4427 τόδε
919 4364 1004 4443 δεῖμά
1017 4389 1067 4444 μοι
1082 4364 1266 4443 ἦλθ’-ηοω

695 4483 752 4543 ⁰4
