2864 4914
213 281 278 349 462
575 280 956 349 ANNOTATIONES

212 452 446 540 dungsrmanni
458 451 612 539 scriptum
623 454 859 534 τροτιλάζεσάοι,
873 464 907 518 et
919 451 1028 540 mullo
1038 451 1177 519 ἱιιίοτίυο
1197 452 1335 536 προυτέ-

211 562 297 632 λιζαν
309 577 368 641 pno
380 554 574 637 τρουτάλονν.

254 675 332 743 435.
348 655 453 722 τοῖσιδ’
471 656 620 741 (debehat
633 654 755 742 τοισίδ’)
772 658 939 723 Canterus.
971 654 1091 723 τοῖσιδ’
1107 654 1190 723 Ald.
1224 661 1336 723 τοῖσιν

213 759 300 825 Flor.
319 779 350 824 1.
366 777 396 825 α.

254 863 331 947 436.
353 861 402 925 καὶ
423 861 648 943 ου-ἀμένοιον
663 861 827 948 εὐτρέπιζε]
851 863 980 929 Honun
999 860 1170 927 verborum
1193 884 1333 929 sensum

211 962 310 1042 hunc,
327 979 363 1028 ut
379 961 513 1043 videtur,
529 987 594 1030 esse
610 963 720 1043 voluit,
735 965 784 1029 Et
801 974 847 1043 tu,
865 964 1022 1042 Μοιιοάαο,
1029 965 1182 1051 fictam
1196 964 1333 1052 αιῂαοα

211 1067 248 1130 ιιι
269 1068 393 1155 nuptiis
411 1067 581 1154 parandis,
596 1090 658 1156 quo
678 1069 810 1133 οοὶοτὶιιι
831 1088 882 1132 τοι
897 1069 1061 1157 procem.
1107 1066 1193 1131 Nam
1217 1089 1329 1153 quum

213 1169 381 1257 Iphigenia
390 1170 457 1256 jam
472 1168 644 1248 advenerit,
659 1168 805 1234 festinato
819 1192 900 1257 opus
912 1192 978 1235 esse
991 1168 1128 1234 videtur.

253 1291 331 1353 441.
355 1273 458 1353 ἰούσης
476 1276 529 1352 τῆς
548 1273 654 1356 τύχης]
677 1274 838 1359 Apertum
859 1286 906 1337 est
928 1271 1043 1337 borum
1060 1271 1233 1337 amborum
1259 1294 1330 1341 uon

211 1371 305 1438 aliam
319 1396 384 1439 csse
396 1397 487 1462 posse
501 1374 683 1441 sententiam
700 1396 795 1462 quam
801 1375 1102 1462 fhvmfirtunc.
1146 1375 1332 1453 Quomodo

212 1474 368 1540 nentinem
382 1489 525 1543 veterum
539 1499 607 1542 esse
624 1475 767 1542 locutum
788 1489 872 1542 recte
886 1492 992 1543 monet
1008 1477 1051 1541 L.
1065 1474 1263 1543 Dindorfius
1283 1479 1330 1545 ad

212 1599 242 1641 v.
257 1597 334 1660 414

254 1698 330 1760 442.
346 1681 484 1765 ἀρέομαι]
505 1680 712 1746 Sctibendum
726 1681 857 1763 ἄρξομαι
871 1702 943 1746 cum
959 1681 1003 1746 G.
1016 1679 1181 1766 Burgesio.

255 1783 351 1847 τόθεν
365 1781 508 1846 Gtutiua.
544 1781 636 1846 Libri
651 1782 753 1847 σέθεν.

254 1901 328 1968 443.
345 1883 390 1967 ἐς]
410 1883 510 1948 Recte
524 1885 566 1951 ela
579 1881 658 1948 Ald.

255 1982 312 2070 αἶ’]
326 1984 376 2049 old
389 1983 416 2068 γ’
433 1983 519 2051 Flor.
539 2005 567 2051 1.
584 2003 613 2050 2.

254 2102 331 2170 447.
354 2088 455 2152 Hunc
472 2085 578 2153 locum
599 2086 739 2153 imitatus
758 2102 805 2152 est
822 2088 948 2154 Ennius
969 2087 1056 2175 apud
1079 2088 1329 2180 Hieronymum

211 2188 243 2253 in
260 2189 370 2276 Epith.
387 2189 556 2277 Nepotiani
569 2188 611 2254 ab
625 2191 662 2253 J.
679 2190 721 2255 G.
739 2188 847 2255 Vuasio
860 2206 1069 2278 comparatus,

386 2292 499 2357 Plebcs
511 2292 543 2357 in
560 2291 619 2356 hoc
634 2290 699 2376 regi
714 2304 848 2355 antestat
862 2291 939 2370 loco,
955 2291 1026 2357 licet

385 2393 558 2460 lacrumane
571 2393 666 2482 plebi,
683 2392 749 2480 regi
764 2392 894 2459 honeste
908 2416 970 2459 non
986 2393 1066 2459 licet.

254 2499 331 2579 448.
349 2495 646 2581 &solda—dnum]
663 2497 790 2561 Horum
806 2495 1030 2561 vocabulorum
1043 2496 1147 2563 sedem
1163 2521 1235 2564 csse
1252 2524 1331 2589 per·

213 2600 396 2665 mutandam
412 2615 496 2665 recte
508 2599 633 2686 judicat
648 2598 861 2685 Musgraviua

253 2723 329 2787 449.
344 2702 395 2788 γε]
415 2701 619 2768 Sctibendum
636 2703 669 2766 tt
683 2724 723 2766 ex
740 2701 824 2768 Plut.
850 2703 886 2766 V.
904 2701 1004 2767 Niciae
1018 2726 1046 2767 c.
1060 2723 1091 2787 5.
1109 2726 1143 2790 p.
1155 2707 1225 2788 526
1242 2709 1289 2773 C.

254 2822 330 2890 450.
346 2803 452 2890 ὄγκον]
469 2804 669 2869 Plutarchus.
706 2804 889 2890 Legebatur
904 2808 1004 2883 δῆμον.

254 2923 328 2992 452.
345 2909 429 2974 αὖθις
443 2909 578 2987 αἰδοῦμαι
590 2906 698 2990 τάλας]
716 2907 904 2992 Suspectum
918 2921 965 2973 est
980 2911 1123 2988 αἰδοῦμαι

254 3026 295 3094 45
298 3025 329 3093 5.
345 3010 439 3096 ὄμμα]
457 3010 552 3088 ὄνομα
567 3008 641 3071 Par.
658 3009 696 3071 Β.

255 3112 417 3195 συμβαλῶ]
435 3111 583 3190 συμβάλω
599 3109 686 3175 Flor.
705 3129 731 3174 1.
750 3128 779 3176 2.

254 3217 328 3299 456.
352 3215 446 3296 τάρος
460 3213 589 3278 codices.
612 3213 693 3294 adpo
707 3212 786 3278 Ald.
801 3235 840 3276 ex
855 3213 1034 3299 conjectura
1048 3213 1176 3299 quidem
1193 3238 1325 3284 corice.

212 3316 299 3395 totis,
315 3315 369 3380 sed
384 3339 457 3402 quae
472 3338 546 3380 veta
559 3314 692 3380 videtur.

253 3418 328 3503 458.
345 3419 560 3500 νυμφεύσουσα
575 3415 794 3481 Marklandus.
840 3416 930 3481 Libri
946 3418 1149 3499 νυμφεύουσα.

252 3522 329 3600 462.
346 3519 509 3605 ἱκετεῦσαι]
526 3519 731 3584 scribendum
749 3521 911 3584 ἱκετεύσειν
925 3542 999 3584 cum
1014 3518 1217 3585 Marklando.

253 3623 330 3704 466.
361 3624 396 3686 οὗ
422 3626 533 3687 συνετά
556 3621 701 3707 συνετῶς]
734 3621 894 3687 Emendat
926 3621 1137 3687 Marklandus
1165 3633 1323 3705 ουνετοῖς,

210 3724 296 3811 quod
312 3722 444 3810 intelligi
458 3723 585 3811 quidem
601 3735 714 3811 potest,
731 3725 785 3789 sed
801 3725 902 3810 gratia
916 3738 948 3790 et
963 3724 1106 3789 acumine
1128 3725 1271 3811 penitus,
1288 3729 1324 3792 ni

210 3824 312 3904 fallor,
323 3826 508 3891 destitutum
524 3842 581 3891 est.
606 3828 680 3891 Non
692 3826 868 3914 displiceret
884 3825 1014 3892 «ἀσύνετ’
1026 3828 1188 3894 ἀσυνέτως.
1213 3829 1324 3896 Recte

211 3927 254 3992 sic
268 3928 409 4010 procedit
423 3929 616 3994 ratiocinium
629 3955 637 4009 3
654 3930 804 3997 ἀσυνέτως
819 3929 1031 4009 ἀναβοήσεται·
1049 3929 1152 4009 νήπιος
1165 3928 1225 4010 γάρ
1236 3933 1321 3997 ἔστι.

212 4032 260 4094 At
282 4029 432 4095 ridiculus
453 4031 559 4108 luerit,
574 4032 629 4120 qui
652 4031 806 4096 contrario
819 4031 914 4095 modo
929 4031 1063 4103 diceret;
1088 4037 1219 4100 συνετῶς
1238 4036 1322 4101 ἀνα-

210 4132 365 4212 βοήσεται·
388 4133 489 4212 νήτιος
510 4138 568 4216 γάρ
591 4135 668 4199 ἐστί.
693 4135 837 4199 MUSG.
884 4136 1017 4199 Frustra
1035 4132 1177 4198 laborant
1200 4136 1325 4203 Mark-

210 4234 323 4300 landus
337 4250 367 4300 et
384 4236 600 4323 Musgravius,
615 4260 695 4324 quos
716 4236 836 4301 mireris
857 4259 920 4301 non
939 4237 1193 4303 animadvertisse
1208 4253 1322 4309 totum

211 4361 335 4404 versum
351 4361 417 4403 esse
430 4338 625 4426 ejiciendum.
665 4340 768 4404 Verba
783 4341 828 4404 ἔτι
842 4339 900 4421 γάρ
916 4343 981 4404 ἐστι
1001 4340 1102 4419 νήπιος
1124 4352 1323 4426 repetuntur

209 4440 292 4509 intra
306 4441 339 4507 in
353 4455 444 4528 parte
456 4440 573 4507 fabulae
587 4443 695 4530 spuria
709 4466 739 4506 v.
756 4444 830 4511 622.
