2864 4914
165 274 232 344 366
531 278 909 344 ANNOTATIONES

165 457 198 512 λ.
243 447 393 514 Similiter
415 451 490 515 Par.
511 452 557 514 A.
574 452 681 516 Havn.
703 454 737 517 τί
753 455 847 516 ταῦτα
868 453 917 516 καὶ
941 457 1003 520 mis
1021 449 1047 516 r'
1070 453 1103 516 ἔκ
1129 451 1216 520 τίνος
1242 458 1279 516 λ.

167 552 280 618 Herm.
298 553 345 617 vel
361 551 512 618 Aldinam
529 552 690 619 lectionem
706 555 901 634 servandam,
917 554 966 618 vel
981 553 1149 641 legendum
1164 570 1280 620 censet

164 656 197 720 τί
208 661 300 720 ταῦτα
313 684 321 729 ς
344 663 452 724 usitare
466 658 520 721 κὰκ
535 658 615 725 τίνος
625 694 688 722 -.
703 658 847 722 ΜΑΤΤ
850 659 896 721 Η.
942 657 1060 745 Reoepi
1073 657 1276 723 emendatio·

166 779 237 821 nem
254 758 442 823 Hermanni.

207 876 285 946 549.
300 863 404 944 ἄκριτα
416 864 641 952 μηχανόμενοι]
659 864 787 928 Iadicto
800 885 915 927 caussa
927 863 1089 951 supplicia
1098 873 1276 930 ramenta.

167 964 374 1029 PFLUGK.

209 1088 284 1154 551.
297 1069 463 1133 Commata
473 1083 586 1133 anteat
600 1084 669 1155 post
681 1071 720 1138 ὥς
731 1068 809 1134 ἔοικέ
819 1093 870 1149 μοι
882 1068 984 1156 posita
999 1083 1084 1133 recto
1095 1067 1214 1133 absunt
1228 1068 1275 1134 ab

164 1169 239 1237 edd.
266 1170 442 1237 veteribuss
476 1194 546 1236 nam
572 1199 624 1253 μοι
649 1194 710 1236 non
736 1195 808 1239 oum
832 1173 911 1237 ἔοικε
931 1169 1190 1249 construendum,
1213 1170 1273 1236 aed

165 1296 236 1339 cum
260 1278 377 1358 σχολῆς·
396 1275 457 1340 τόδ’
478 1275 578 1358 ἔργον.
625 1276 676 1339 Sic
692 1274 869 1339 Menander
886 1272 972 1362 apud
988 1272 1082 1339 schol.
1100 1272 1271 1361 Aristoplr.

166 1376 298 1442 Thesm.
312 1396 387 1463 425.
405 1378 560 1457 Λακωνικὴ
575 1384 658 1445 κλεῖς
672 1380 757 1443 ἐστιν
772 1379 811 1446 ὥς
825 1377 904 1442 ἔοικέ
916 1404 968 1458 μοι
981 1375 1161 1459 περιοιστέα.
1192 1375 1271 1441 Vid.

167 1481 208 1544 L.
221 1480 369 1544 Dindorf.
383 1479 415 1543 in
431 1479 598 1544 Thesauro
613 1480 763 1568 Stephani
780 1480 840 1544 vol.
855 1499 887 1566 3.
902 1503 933 1568 p.
952 1499 1007 1564 23¹
1030 1481 1067 1543 C.

207 1599 281 1669 553.
297 1581 327 1664 μ’
342 1582 468 1648 accessit
482 1604 521 1646 ex
538 1584 610 1647 Par.
629 1585 722 1647 A.H.

207 1705 284 1770 554.
297 1689 354 1767 μὶν
367 1687 433 1770 οὖν]
451 1710 488 1767 γε
501 1688 558 1765 μὲν
573 1684 649 1749 Ald.
663 1689 721 1767 μὶν
737 1684 821 1750 Flor.
839 1704 869 1748 2.
887 1688 951 1751 Gu.

207 1807 228 1871 5
230 1789 284 1872 56.
306 1786 450 1874 aravos]
468 1785 509 1851 Id
529 1802 576 1852 est
593 1790 722 1869 ὕπαρνος
736 1791 791 1866 δικ,
806 1811 902 1875 quam
916 1789 1084 1871 ὑπόρρηνον
1097 1787 1178 1853 dixit
1193 1789 1269 1853 Ho-

166 1913 278 1955 merus
301 1894 427 1973 ὕπαρνοι
447 1891 534 1980 apud
556 1891 781 1957 Callimachum
806 1893 836 1956 in
853 1891 962 1980 Apoll.
977 1910 1032 1978 53.
1053 1894 1170 1973 ὕπαρνα
1191 1893 1268 1974 πρό-

164 2001 247 2075 βατα
274 1994 388 2059 Suidas
415 2017 440 2059 s.
467 1993 617 2075 μέτασσαι
645 2010 676 2060 et
703 1997 866 2060 Constant.
899 1994 1055 2083 Porphyr.
1085 1993 1202 2059 Cerim.
1233 2016 1269 2080 p.

167 2099 229 2163 268
245 2100 288 2162 A.

206 2205 282 2289 568.
300 2205 368 2269 οὔτε
383 2203 580 2291 Lentingius.
624 2202 714 2267 Libri
730 2203 808 2267 οὐδέ.

207 2307 275 2374 τοὺς
289 2308 432 2392 ἀπόντας]
451 2307 703 2394 Neoptolemum.

206 2427 247 2494 57
257 2430 283 2473 ι.
300 2416 414 2474 κτενεῖν
429 2408 505 2473 Ald.
522 2415 640 2473 κτανεῖν
654 2408 775 2473 codices
788 2423 820 2472 et
835 2408 926 2472 Lasc.

207 2528 283 2598 573.
299 2513 455 2596 πίτνουσα]
473 2516 619 2576 πιτνοῢσα
634 2509 715 2574 libri.

206 2616 282 2699 581.
298 2614 389 2698 ἁμὸν]
408 2613 482 2693 ἐμὸν
495 2615 569 2678 Par.
586 2614 624 2677 Β.
642 2614 729 2678 Flor.
748 2618 793 2677 A.
808 2632 854 2676 10.
869 2633 918 2698 15.
935 2614 981 2677 H.
999 2613 1100 2676 Taur.
1117 2614 1184 2676 Gu.

206 2720 282 2802 584.
307 2716 509 2795 οὑμὸς-παῖς
530 2715 648 2803 παιδὸς]
672 2721 741 2782 παῖς
765 2715 872 2782 παιδὸς
897 2738 954 2802 pro
981 2738 1044 2779 una
1069 2715 1194 2778 notione
1218 2729 1268 2779 est

163 2820 284 2885 υἱωνόςι
309 2817 352 2880 ita
368 2816 405 2880 fit
429 2831 464 2880 ut
486 2829 569 2880 recte
591 2816 714 2880 dicatur
736 2817 752 2879 ὁ
776 2815 857 2897 ἐμὸς,
873 2838 972 2903 quum
995 2831 1189 2904 exspectares
1211 2819 1268 2879 τοῦ

163 2923 243 3000 ἐμοῦ.
261 2920 464 2983 PFLUGK.

202 3023 277 3108 585.
292 3020 413 3108 οὔκουν]
429 3023 536 3087 οὐκοῦν
551 3021 630 3086 Ald.
645 3022 711 3088 siue
725 3023 974 3109 interrogatione.

204 3125 278 3210 586.
302 3124 481 3189 Delendum
506 3127 565 3205 ναί,
580 3127 666 3213 quod
687 3125 806 3190 illatum
827 3142 872 3188 est
888 3124 928 3188 ab
944 3123 1116 3188 editoribus
1129 3147 1167 3187 ex
1186 3125 1262 3189 Par.

163 3227 247 3290 A.B.
265 3226 351 3291 Flor.
370 3229 410 3292 A.
428 3247 456 3292 2.
475 3228 540 3309 (bic
555 3252 574 3292 a
588 3251 636 3316 pr.
652 3232 762 3311 manu)
778 3246 825 3290 ιο.
840 3247 889 3312 15.
907 3229 952 3292 H.
972 3227 1071 3290 Taur.
1089 3228 1155 3291 Gu.
1200 3229 1264 3293 Est

162 3327 409 3395 additamentum
427 3331 604 3417 interpretis
620 3347 654 3393 ut
670 3353 764 3416 supra
779 3353 807 3393 v.
825 3349 898 3410 242.

204 3434 291 3518 δρᾶν]
310 3434 486 3498 Probabilis
503 3433 657 3519 lentingii
672 3437 849 3515 conjectura
864 3449 911 3499 est
925 3439 998 3517 δρᾶν
1012 3433 1051 3517 γ’.

203 3537 279 3620 588.
296 3536 432 3621 σκήπτρῳ
448 3540 480 3600 δὲ
495 3541 568 3621 τῷδε
583 3536 640 3600 σὸν
656 3537 822 3617 καθαιμάξω
838 3539 927 3623 κάρα]
946 3538 1063 3602 Iisdem
1078 3537 1144 3602 fere
1158 3537 1264 3603 verbis

162 3637 267 3725 lphig.
285 3640 329 3702 A.
345 3658 420 3724 311.
438 3639 574 3724 σκήπτρῳ
589 3638 655 3722 τάχ’
671 3641 729 3721 ἆρα
744 3641 802 3705 σὸν
817 3643 983 3722 καθαιμάξω
1000 3642 1086 3724 κάρα.

202 3742 278 3826 589.
301 3740 345 3826 γ’]
370 3740 394 3805 δ’
418 3742 493 3806 Par.
516 3744 556 3806 E.
578 3741 664 3805 Flor.
683 3761 711 3807 2.
733 3744 825 3809 Lasc.
844 3744 869 3808 θ’
886 3746 958 3809 Par.
975 3746 1020 3808 A.
1037 3760 1203 3823 correctus,
1221 3747 1260 3810 B.

161 3841 246 3906 Flor.
263 3844 306 3907 A.
323 3861 437 3926 10.15.
455 3844 555 3907 Taur.
573 3844 638 3908 Gu.

202 3964 277 4030 590.
294 3946 361 4029 κὰκ]
380 3952 439 4009 τῶν
456 3947 502 4008 Η.

202 4064 277 4132 592.
294 4048 418 4132 λέχους]
435 4047 528 4131 λέχος
544 4050 615 4112 Par.
632 4051 719 4114 AB.
737 4048 821 4114 Flor.
836 4071 883 4114 10.
901 4052 947 4113 H.

200 4168 273 4235 593.
291 4148 431 4236 ἄκλῃστῚ
449 4150 578 4214 ἅκλειστ’
597 4153 642 4215 H.
660 4154 725 4217 Gu.

201 4253 322 4331 ἄκλῃστ’
337 4254 463 4337 travia]
491 4254 530 4316 In
554 4253 680 4318 duobus
702 4253 750 4316 his
768 4254 870 4317 verbis
892 4254 967 4318 nihil
991 4255 1075 4320 aliud
1099 4256 1177 4321 inest
1200 4256 1258 4321 nisi

158 4353 262 4419 nimiae
284 4355 456 4419 securitatis
478 4372 509 4418 et
534 4356 655 4443 supinae
679 4354 875 4443 negligentias
901 4358 1036 4422 Menelai
1064 4359 1258 4445 significatio,

159 4457 331 4523 securitatis
352 4473 456 4523 autem
481 4458 603 4545 signum
627 4475 887 4524 commemoratur
908 4459 1096 4547 negligentia
1118 4463 1148 4526 in
1171 4461 1258 4527 clau·
