2864 4914
470 311 537 374 ΑΙ)
562 310 900 375 HIPPOLYTUM.
1172 309 1236 372 285

179 497 253 564 325.
271 482 447 564 ἐξηρτημένη
464 485 510 548 Η.
526 497 557 548 et
569 485 596 546 F
599 484 655 549 lor.
670 504 683 548 1
687 501 720 569 5.
743 482 927 569 Legebatur
940 480 1137 563 ἐξαρτωμένη,
1148 479 1235 568 quod

136 585 358 650 revocandum.

180 691 255 772 326.
272 696 335 754 σῶν
349 691 400 778 γε]
416 695 508 755 τῶνδε
525 692 598 754 Par.
615 690 698 754 B.D.
722 695 795 764 σῶν,
811 686 925 753 omisso
938 713 984 770 γε,
1000 689 1072 751 Par.
1088 688 1183 751 ΑΗ.

180 809 254 875 329.
272 794 341 856 ὀλεῖ
352 792 466 858 nutrici
481 792 695 871 tribuendum,
710 808 742 857 et
758 791 904 857 Pboedrae
914 789 1084 855 orationem
1100 813 1119 854 a
1134 791 1237 856 verbis

136 892 171 956 τδ
199 893 301 975 μέντοι
329 895 438 979 πρᾶγμ’
467 895 675 982 incipiendam
705 895 827 959 censuit
856 892 966 959 Valck.
1012 893 1147 959 Firmari
1176 894 1236 960 hoc

137 1009 259 1081 poterat
273 1022 291 1061 e
306 998 477 1063 scholiastae
492 998 604 1075 verbis,
619 997 637 1076 ἢ
653 1000 752 1065 οὕτως·
776 1001 830 1062 ἐδν
845 997 886 1079 μή
905 1023 956 1078 μοι
979 999 1070 1076 εἴπης,
1087 999 1235 1080 ἀποθανῇ.

139 1098 200 1164 Sed
216 1115 299 1165 recte
313 1102 436 1167 monuit
451 1103 564 1165 Monk.
581 1102 613 1165 in
628 1100 809 1188 hujusmodi
825 1100 956 1188 dialogis
977 1123 1040 1164 non
1059 1100 1156 1166 solere
1170 1125 1237 1166 ver-

137 1225 206 1267 sum
222 1202 303 1267 inter
317 1204 395 1268 duas
410 1228 557 1292 personas
571 1204 680 1270 dividi.
706 1205 832 1292 Musgr.
847 1205 929 1292 conj.
945 1207 1036 1279 ὀλεῖς,
1052 1204 1138 1291 quod
1154 1228 1238 1269 com-

137 1322 227 1392 parat
248 1330 320 1371 cum
352 1310 434 1372 Hor.
460 1308 643 1394 Epod.14.
670 1309 788 1372 occides
810 1329 891 1395 παρα
917 1308 1071 1394 rogando.
1117 1307 1238 1394 Aptius

137 1409 314 1496 exemplum
329 1411 462 1476 excitare
477 1424 600 1498 poterat
614 1435 631 1475 e
648 1410 745 1497 Soph.
762 1409 815 1474 ΕΙ.
828 1410 902 1495 831.
919 1409 985 1488 ubi,
995 1430 1094 1497 quum
1112 1410 1237 1475 Chorus

138 1511 241 1575 verbis
262 1512 285 1576 ὦ
307 1520 372 1591 ποῖ,
387 1516 418 1578 τί
437 1516 570 1596 δακρύεις
591 1528 622 1579 et
640 1516 733 1594 μηδὲν
754 1511 819 1596 μέγ’
835 1511 929 1601 ἀΰσῃς
950 1513 1151 1600 significasset
1172 1536 1236 1579 uon

138 1615 229 1680 nimis
251 1616 424 1704 lugendum
444 1642 510 1683 esse
534 1617 681 1696 Electrae,
706 1617 772 1682 haec
790 1612 968 1704 respondet,
994 1620 1126 1693 ἀπολεῖς,
1149 1619 1246 1706 quod

138 1719 206 1808 ipsa
220 1720 333 1784 deinde
346 1721 492 1786 disertius
505 1722 639 1808 explicat
655 1720 767 1799 verbis,
786 1723 814 1786 εέ
834 1726 893 1785 τῶν
914 1726 1051 1803 φανερῶς
1072 1721 1238 1805 οἰχομένων

140 1825 181 1890 εἰς
193 1820 298 1887 Ἀΐδαν
313 1824 406 1888 ἐλπίδ’
422 1827 564 1898 ὑποίσεις,
582 1823 641 1889 κατ’
659 1827 730 1903 ἐμοῦ
745 1823 908 1903 τακομένας
924 1828 1044 1903 μᾶλλον
1060 1825 1237 1907 ἐπεμβάσει.

140 1925 191 1989 Sic
212 1925 243 1990 h.
270 1925 291 1987 l·
314 1926 449 1990 Phaedra
474 1926 589 1991 nutrici
612 1926 704 1990 enixe
721 1925 832 2005 oranti,
854 1941 889 1991 ut
910 1925 968 1990 sibi
993 1949 1117 1991 causam
1136 1929 1238 1992 morbi

138 2027 268 2113 aperiat,
283 2031 375 2105 ὀλεῖς,
390 2027 503 2115 inquit,
518 2050 582 2113 qno
596 2027 723 2105 indicat,
746 2027 963 2113 gravissimum
986 2028 1043 2092 sibi
1063 2052 1129 2094 esse
1150 2030 1236 2117 quod

139 2128 191 2192 illa
206 2129 306 2193 facere
320 2154 352 2192 se
368 2130 452 2194 velit.
491 2133 593 2195 Orest.
614 2151 624 2192 τ
630 2150 682 2215 55.
703 2131 785 2197 ὀλεῖς
807 2152 867 2194 non
890 2145 936 2194 est
955 2131 1069 2218 perdes
1084 2134 1236 2208 Orestem,

139 2231 192 2296 sed
211 2235 444 2319 gravissimum
465 2233 543 2296 milti
551 2234 685 2318 feceris.
732 2232 784 2295 Ita
805 2231 921 2319 cepisse
942 2232 1068 2297 videtur
1093 2257 1175 2299 unus
1196 2257 1236 2298 ex

138 2332 186 2410 iis,
201 2335 256 2421 qui
279 2335 394 2399 scholia
408 2336 448 2400 ad
471 2336 504 2399 h.
519 2335 541 2399 l.
557 2334 823 2422 conscripserunt:
849 2333 921 2408 εἶτα,
938 2336 1042 2417 φησὶν,
1060 2337 1236 2416 ἀπολοῦμαι.

139 2437 173 2500 τὸ
189 2440 222 2501 δέ
237 2438 407 2504 ἀπολέσθαί
425 2465 463 2518 με
485 2438 571 2518 τιμήν
591 2463 642 2518 μοι
664 2437 758 2519 φέρει.
805 2437 887 2500 Haec
908 2436 989 2500 enim
1011 2436 1051 2501 ad
1074 2437 1235 2503 lectionem

138 2543 230 2615 ὀλεῖς,
253 2542 422 2627 superiora,
445 2545 500 2606 ἐὰν
520 2541 560 2622 μή
581 2567 631 2621 μοι
655 2542 747 2619 εἴπῃς,
772 2539 916 2627 ἀποθανῇ,
941 2537 982 2602 ad
1008 2541 1078 2604 ὀλεῖ
1097 2554 1237 2626 spectare

139 2643 296 2707 videntur.
343 2644 406 2708 Sed
428 2647 497 2709 ὀλεῖ
515 2644 607 2708 etiam
631 2643 803 2728 habetque
825 2665 858 2706 se
880 2657 1016 2707 tueatur.
1063 2644 1136 2708 Hoc
1155 2645 1236 2709 enirn

140 2745 195 2809 nbi
218 2746 355 2810 Pbaedra
378 2747 463 2824 dicit,
485 2747 665 2811 continuare
687 2744 822 2822 videtur,
838 2745 925 2831 quod
947 2768 976 2810 v.
996 2749 1073 2831 326.
1096 2746 1236 2812 dixerat:

141 2847 213 2922 κάκ’,
230 2847 253 2912 ὦ
268 2849 405 2922 τάλαινα,
422 2852 471 2914 σοὶ
486 2848 558 2923 τάδ’,
576 2852 603 2914 εἰ
616 2851 730 2922 πεύσει,
748 2848 831 2912 rard·
854 2850 929 2913 ὀλεῖ.
969 2849 1053 2927 Quid
1069 2849 1126 2913 sibi
1142 2849 1237 2915 velint

140 2951 193 3016 illa
214 2951 245 3015 in
268 2952 401 3030 scholiis,
416 2959 468 3017 τοῦ
484 2955 517 3016 δέ
532 2953 713 3034 στερηθῆναί
724 2977 781 3016 σου
794 2956 894 3030 μεῖζον
909 2953 962 3017 οῦκ
984 2954 1048 3018 ἐστι
1065 2979 1115 3034 μοι
1137 2957 1249 3019 κακόν.

141 3055 213 3128 εἶτα,
230 3056 333 3136 φησὶν,
352 3056 529 3135 ἀπολοῦμαι,
545 3077 608 3118 non
627 3053 776 3141 intelligo·
822 3056 970 3120 Ceterum
994 3059 1102 3123 Havn.
1117 3064 1239 3142 πρᾶγμα

141 3158 227 3238 τιμὴν
241 3159 314 3237 ἐμοί
340 3159 532 3222 ΜΑΤΤΗ.

183 3278 257 3344 330.
274 3260 360 3343 ἐμοῦ]
378 3260 444 3338 ἐμοὶ
458 3261 532 3323 Par.
548 3261 591 3322 A.
607 3258 693 3323 Flor.
714 3279 763 3323 10.

182 3381 259 3446 331.
275 3362 367 3424 Lasc.
380 3360 456 3424 Ald.
474 3362 506 3425 ἐκ
520 3367 580 3425 τῶν
592 3363 651 3443 χάρ
663 3362 782 3425 ἐσθλῶν
795 3364 908 3444 αἰσχρά
917 3365 1125 3447 μηχανώμεθα.
1150 3365 1234 3430 Flor.

144 3481 192 3549 15.
216 3467 330 3528 ἐκτῶν
353 3466 410 3544 γδρ
433 3465 566 3527 αἰσθλῶν
583 3462 655 3547 (sic)
675 3466 787 3548 αἰσχρδ
808 3491 879 3548 μηχ.
904 3465 1036 3531 Fluxa.
1056 3487 1103 3531 10.
1127 3483 1159 3533 et
1181 3492 1240 3556 pro

140 3590 170 3630 v.
188 3566 210 3631 l.
228 3568 300 3630 Par.
318 3567 355 3629 B.
372 3568 405 3630 ἐκ
420 3571 479 3629 τῶν
493 3568 552 3648 γὰρ
567 3567 700 3648 αἰσχρῶν
714 3567 811 3630 ἐσθλδ
823 3591 897 3650 μηχ.
933 3569 1112 3656 Utramque
1131 3571 1238 3636 lectio·

141 3691 212 3732 nem
227 3680 378 3733 memorat
393 3667 489 3732 schol.
515 3668 589 3752 Ego
603 3665 763 3732 lectionem
780 3667 870 3733 codd.
886 3670 1023 3756 praetuli.
1054 3675 1134 3751 Quae
1148 3688 1241 3740 antea

141 3771 263 3835 dixerat
279 3770 414 3835 Phaedra
429 3771 463 3834 τὸ
477 3770 579 3851 μέντοι
600 3769 708 3853 πρᾶγμ’
725 3772 791 3850 ἐμοὶ
812 3770 898 3851 τιμὴν
920 3772 1015 3855 φέρει,
1032 3797 1116 3841 nunc
1137 3776 1241 3842 dicere

142 3895 204 3936 non
230 3888 352 3960 poterat
375 3876 487 3957 αἰσχρὰ
509 3875 722 3956 μηχανώμεθα,
745 3872 798 3936 sed
823 3874 929 3954 ἐσθλδ,
958 3877 990 3940 ἐκ
1013 3883 1073 3942 τῶν
1096 3882 1240 3964 αἰσχρῶν,

141 3998 238 4064 quiem
253 3985 375 4061 turpem
390 3997 526 4039 amorem
541 3978 693 4062 effugero.
717 3976 909 4044 MATTH.

184 4098 259 4164 333.
276 4077 374 4155 δεξιάν
388 4075 412 4139 τ’
430 4078 502 4156 ἐμὴν
517 4077 644 4141 codices.
670 4075 768 4156 δεξιᾶς
782 4077 806 4143 τ’
823 4081 893 4160 ἐμῆς
909 4082 999 4147 Lasc.
1016 4084 1096 4148 Ald.

183 4202 257 4267 337.
274 4181 297 4245 ὦ
311 4184 411 4262 μῆτερ,
427 4181 491 4244 οἷον
504 4185 617 4261 τλῆμον
632 4180 677 4244 Η.

184 4286 260 4371 338.
283 4284 319 4349 δν
342 4284 416 4366 ἔσχε
438 4282 561 4364 ταύρου]
583 4284 637 4346 Ex
659 4281 709 4346 his
728 4296 760 4348 et
779 4286 982 4372 sequentibus
1004 4304 1131 4377 sumpta
1153 4305 1241 4355 erant

142 4410 214 4472 quac
229 4386 336 4452 Ovidii
351 4383 487 4450 Pbaedra
502 4382 593 4462 dixit,
609 4383 713 4471 Epist.
728 4387 860 4453 Heroid.
872 4408 903 4471 4.
919 4410 973 4477 53.
990 4393 1144 4457 Forsitan
1157 4391 1243 4456 hunc
