2864 4914
190 279 233 347 60
552 277 930 346 ANNOTA'PIONES

191 465 337 519 revocato
355 449 410 537 qui
431 450 463 513 in
483 449 570 514 libris
584 465 630 515 est
645 450 755 515 ordine
770 449 949 527 verborum,
964 449 1124 528 ἔκβλητον,
1139 445 1157 526 ἢ
1173 448 1293 528 πέσημα

190 556 309 636 φοινίου
324 554 421 636 δορὸς,
440 552 447 639 Ι
467 556 500 618 ἓν
514 552 645 640 ψαμάθῳ
660 562 771 637 λευρᾷ;

234 675 308 737 700.
324 658 445 738 φοινίου
461 655 637 721 Barnesius.
673 657 763 721 Libri
778 658 894 738 φονίου.

234 760 338 842 δορόςκ
363 763 420 825 Θε.
444 761 478 824 ἔν
504 756 636 845 ψαμάθῳ
659 763 752 842 λευρᾷ
778 756 1034 823 ndvron-libri.
1079 757 1178 819 Recte
1206 755 1290 818 Her-

190 882 324 926 mannus
338 861 436 943 δορὸς,
457 861 463 949 Ι
483 864 517 926 ἔν
529 859 660 947 ψαμάθῳ
675 862 787 945 λευρᾷς
814 867 869 925 Θε.
887 861 998 925 πόντου
1006 896 1060 922 -.

236 980 308 1046 702.
333 966 482 1043 ἐνύπνιον,
504 962 657 1051 ὀμμάτων]
682 961 887 1027 Scribendum
913 963 1041 1026 ἔνυπνον
1062 958 1201 1041 ὀμμάτων
1220 983 1290 1024 cum

192 1066 389 1135 Hermanno.

191 1211 193 1215 ,
235 1167 373 1249 ὀμμάτων
388 1167 520 1232 codices.
555 1165 694 1248 ὀμμάτων
708 1168 734 1231 τ’
749 1166 826 1232 Ald.
842 1165 874 1229 in
888 1188 953 1252 qua
968 1188 1075 1230 versus
1088 1164 1131 1229 sic
1146 1164 1292 1250 descripti

191 1270 284 1349 ὦμοι
298 1269 341 1347 σί,
357 1270 399 1348 αἴ,
420 1270 425 1356 Ι
445 1269 604 1350 ἔμαθον-
621 1268 627 1358 Ι
647 1272 769 1354 ὀψιν-
786 1268 793 1355 Ι
811 1271 1082 1352 μελονόπτερον-
1100 1269 1107 1354 Ι
1125 1265 1274 1353 ἀμφί-Ι

191 1370 392 1455 ὅντα-φάει.

236 1492 310 1557 704.
327 1474 361 1539 οὔ
375 1498 412 1554 με
426 1473 548 1556 πορέβο
562 1471 725 1556 φάντασμα
736 1472 893 1539 Matthiae.
916 1476 951 1538 ού
961 1500 999 1553 με
1012 1473 1133 1554 πορέβο
1146 1476 1293 1554 (παρῆλθε

193 1578 255 1660 Η.)
273 1574 381 1659 φάσμα
395 1575 477 1640 libri.
516 1577 721 1642 Scribendum
743 1600 816 1643 cum
839 1578 1024 1642 Hermanno
1039 1578 1108 1641 οὐδὲ
1122 1576 1242 1658 παρέβο
1254 1602 1292 1655 με

192 1677 308 1762 Φάσμα

192 1851 194 1855 ,
236 1796 309 1867 705.
333 1783 370 1845 δν
385 1783 503 1846 ἔσεῖδον
527 1781 632 1863 (codd.
648 1781 790 1846 nonnulli
813 1785 954 1866 εἰσεῖδον)
972 1783 1052 1864 ἀμφί
1072 1780 1116 1866 α’]
1143 1781 1291 1868 Ineptum

192 1896 292 1947 metro
307 1880 558 1969 supplementum
574 1883 779 1970 grammatici.
816 1883 946 1950 Excidit
959 1883 1123 1949 dochmius
1137 1905 1227 1947 unue.

238 2003 310 2070 709.
327 1986 429 2072 τίς-]
447 1986 546 2049 Hunc
561 2008 683 2051 versum
700 1985 770 2050 libri
785 1986 914 2073 quidam
929 1987 1057 2052 famulae
1072 1987 1228 2052 tribuunt.

237 2086 349 2172 ἔκταν’]
368 2086 472 2152 ἔκτειν’
489 2090 535 2154 Η.
548 2088 663 2175 aliique
677 2089 824 2176 plurimi:
849 2090 937 2176 quod
952 2090 1188 2155 restituendum.

236 2192 422 2273 ὀνειρόφρων
437 2192 566 2256 codices
593 2194 771 2274 ὀνειρόφμον
786 2192 863 2256 Ald.

237 2308 311 2377 710.
327 2293 475 2359 Alterum
493 2295 572 2374 ἔμός,
588 2293 731 2358 additum
747 2318 785 2358 ex
800 2294 971 2374 codicibus,
986 2318 1049 2360 om.
1065 2294 1141 2359 Ald.

238 2413 310 2480 712.
328 2399 384 2484 ἔχῃ
397 2398 528 2462 codices.
551 2398 617 2481 ἔχοι
631 2396 707 2462 Ald.

239 2516 310 2585 715.
327 2499 384 2564 ὅσι’
400 2500 520 2564 codices
538 2500 699 2588 plerique;
724 2499 815 2587 pauci
837 2498 909 2563 ὅσιά
929 2497 971 2581 γ’.
1008 2500 1047 2563 111
1071 2499 1149 2566 Ald.
1166 2499 1237 2566 ὅσιά
1258 2499 1292 2564 τ’.

194 2603 275 2680 Quae
290 2602 487 2666 metricorum
504 2603 682 2688 conjectura
697 2618 743 2666 est
759 2602 933 2666 trimetrum
950 2601 1140 2667 facientium.
1179 2605 1294 2668 Versus

194 2728 234 2770 ex
256 2705 401 2770 dochmio
416 2718 448 2769 et
463 2704 597 2791 tripodia
618 2704 751 2769 iambica
772 2719 818 2770 est
839 2704 1040 2791 compositus.
1088 2707 1218 2770 Inverso
1236 2707 1292 2770 ho-

194 2831 265 2872 rum
288 2807 497 2872 membrorum
520 2807 629 2871 ordine
651 2831 681 2872 v.
701 2810 792 2887 1084.
809 2807 920 2872 τέκνων
935 2809 1014 2887 ἐμῶν
1035 2812 1135 2891 φύλαξ
1156 2810 1295 2891 ὀλέθρων

195 2913 304 2975 κοίταν.

238 3016 313 3095 716.
329 3010 352 3077 ὦ
368 3012 558 3077 Brunckius.
595 3013 686 3076 Libri
701 3015 745 3078 ld.

238 3134 310 3197 720.
325 3113 453 3201 ψκτισας
470 3117 509 3179 Β.
528 3130 559 3179 et
574 3129 636 3179 tres
650 3114 712 3178 olii.
739 3114 853 3202 ῳκτίσω
870 3115 947 3180 Ald.

241 3237 310 3304 734.
326 3217 485 3303 Ἀργείων]
505 3219 603 3282 Pauci
618 3218 710 3282 codd.
727 3222 847 3302 ὀργεῖον
862 3219 910 3283 vel
926 3222 1050 3302 ὀργεῖοι.

239 3324 311 3408 736.
335 3322 433 3387 Hunc
455 3345 577 3386 versum
599 3322 693 3386 habet
719 3322 849 3403 Χριστὸς
869 3322 997 3405 πάσχων
1017 3324 1071 3386 60.
1093 3323 1240 3387 Eustath.
1260 3346 1292 3411 p.

198 3425 290 3509 1584.
314 3442 368 3509 53.
393 3426 443 3489 κοί
466 3451 527 3493 πως
550 3428 625 3489 κατὰ
650 3425 704 3503 τὴν
731 3428 781 3505 τῆς
806 3426 968 3509 τραγῳδίας
989 3423 1126 3504 Ἑκάβην
1151 3428 1295 3489 εἰποῦσαν

195 3526 323 3605 δύστην’,
341 3526 469 3606 ἔμουιὴν
483 3531 541 3609 γὰρ
556 3525 647 3609 λέγω,
663 3525 798 3609 λέγουσθ
810 3552 856 3602 σε,
874 3531 969 3591 εἰπεῖν
984 3527 1047 3610 ἔχει
1070 3526 1118 3588 καὶ
1136 3529 1153 3588 d
1175 3527 1295 3605 ποιητὴς

195 3629 269 3712 πρὸς
284 3632 399 3694 ἔαυτόν·
424 3634 486 3693 θεῖε
501 3631 592 3703 dorbi,
610 3629 738 3710 ἐμαυτὸν
750 3633 809 3711 γὰρ
823 3629 904 3713 λέγω
920 3632 954 3694 ἐν
968 3631 1012 3696 οἶς
1025 3632 1226 3713 χοροκτηρίζω
1240 3629 1296 3695 τὸν

196 3735 380 3813 Δημόδοκον.
419 3731 518 3795 Cicer.
536 3751 651 3817 or.31.
671 3752 739 3797 110.
765 3734 847 3797 Cum
869 3733 937 3796 dieo
958 3753 1016 3810 me,
1032 3743 1071 3808 te,
1087 3733 1201 3811 Brute,
1215 3733 1292 3796 dico.

197 3837 390 3900 MATTH.
438 3836 550 3920 Inepte
574 3834 768 3921 grammatici
791 3835 918 3921 quidum
946 3835 986 3898 nb
1010 3835 1104 3898 schol.
1133 3834 1295 3899 memorati

196 3941 321 4017 δύστηνε
343 3938 381 4002 nd
406 3936 601 4022 Polydorum
622 3936 740 4000 dictum
764 3953 969 4025 acceperunt:
993 3955 1074 4002 recte
1095 3938 1146 4002 alii
1168 3940 1296 4018 δύστηνε

194 4041 311 4122 Ἑκάβη
324 4042 564 4127 conjunxerunt.

242 4162 314 4227 740.
338 4145 430 4227 δύρει]
448 4145 519 4224 δύρη
542 4141 628 4206 Flor.
643 4164 735 4219 unus,
751 4143 909 4230 adscripto
923 4169 969 4225 γρ.
985 4145 1084 4230 ὀδύρῃ,
1099 4143 1185 4230 quod
1200 4156 1248 4208 est
1261 4143 1294 4207 in

196 4246 354 4314 codicibus
368 4244 476 4309 ceteris
489 4258 520 4308 et
535 4242 613 4307 Ald.
628 4259 759 4333 excepto
775 4244 958 4309 Florentino
972 4244 1043 4323 olio,
1059 4245 1089 4309 in
1106 4270 1171 4333 quo
1185 4249 1293 4329 ὀδύρει.

242 4368 315 4433 742.
332 4349 369 4412 ἂν
383 4347 597 4429 προσθείμεθο]
615 4346 653 4410 δυ
667 4345 855 4428 προσθείμεθ
872 4349 910 4412 ἄν
926 4349 1091 4414 duodecim
1107 4348 1197 4413 codd.
1213 4349 1295 4414 inter

197 4455 327 4544 quooB.
355 4453 393 4515 In
411 4451 458 4514 H.
472 4472 491 4513 a
505 4471 554 4536 pr.
570 4470 610 4511 m.
626 4447 687 4514 suit
702 4448 740 4514 δυ
753 4449 945 4531 προσθοίμεθ
957 4453 1005 4526 ἄν,
1021 4475 1086 4538 quo
1101 4451 1133 4516 in
1148 4453 1186 4518 δν
1200 4478 1294 4533 πρασ-
