2864 4914
198 289 262 355 470
560 287 938 356 ANNO'I'ATIONES

198 457 365 524 verborum
380 460 476 525 ordo:
499 459 616 526 Τέκνον
636 459 810 544 Ἰφιγένεια,
830 465 916 543 δεῦρο
936 460 1011 542 πρὸς
1031 457 1154 541 μητέρα,
1171 459 1320 523 καθίσται-

200 562 266 641 έξῆε
279 563 370 630 ποδός
382 589 439 643 μου
457 562 512 647 (sic
533 562 793 626 constructionem
814 561 939 626 ordinat
953 559 1086 643 Marici.)
1126 561 1215 624 Tum
1229 560 1313 647 quis

198 685 339 750 unquam
354 663 436 728 dixit
449 665 595 747 μακάριόν
605 690 674 729 τινα
687 667 823 729 torvas?
847 665 934 728 Tota
947 685 1022 728 vero
1031 661 1184 728 sententia
1194 660 1309 748 irrepta

197 778 263 829 est:
287 764 414 831 hoccine
424 781 578 855 apparatu
589 789 670 854 opus
680 780 758 844 erat,
771 779 808 829 ut
821 764 1011 830 Chalcidicos
1022 765 1167 829 mulieres
1177 785 1249 828 eam
1261 763 1309 828 ob

197 866 271 931 fiiiae
282 867 415 933 formam
427 885 558 934 matrem
568 870 691 934 beatam
706 867 934 954 praedicarent?
958 869 1010 931 Ita
1020 890 1084 931 non
1098 866 1211 932 dubito
1220 866 1321 954 quin·

199 967 230 1032 hi
246 992 354 1034 versus
375 972 417 1036 ab
429 971 547 1036 insulso
560 971 668 1058 aliquo
683 969 818 1047 homine,
835 968 1135 1055 Pseudo-Gregorio
1148 966 1306 1055 quodam,

198 1072 297 1137 additi
313 1074 402 1138 sint.”
428 1077 544 1140 Versus
558 1073 693 1161 proximi
707 1087 859 1161 quattuor
873 1069 896 1137 ὦ
912 1071 1221 1154 σέβας-προσβαλῶ
1235 1093 1321 1157 quo-

198 1175 307 1239 ordine
328 1175 360 1239 in
386 1176 473 1241 libris
495 1176 641 1264 legantur
666 1176 803 1240 indicunt
830 1173 950 1238 numeri
975 1173 1007 1238 in
1034 1173 1174 1260 margine
1194 1173 1307 1260 positi.

199 1278 410 1366 Transposuit
437 1282 597 1344 Porsonus
624 1279 797 1343 mutatione
825 1275 939 1355 inutili,
963 1297 1063 1363 quum
1086 1275 1152 1340 duo
1175 1288 1309 1339 tantum

198 1402 306 1444 versus
327 1380 372 1444 iiii
395 1383 470 1467 633.
487 1383 560 1467 634.
583 1378 607 1445 ὦ
627 1379 947 1461 σέβας-ἀπιστοῦσαι
968 1378 1060 1443 σέθεν
1079 1378 1121 1442 ab
1140 1375 1309 1464 Euripide

198 1481 315 1569 scripti,
331 1482 441 1569 reliqui
457 1499 563 1548 autem
578 1482 644 1547 duo
660 1484 749 1568 (631.
765 1483 855 1568 632.)
871 1479 969 1567 spurii
983 1480 1044 1544 sint
1060 1494 1092 1545 et
1106 1478 1247 1544 delendi.

214 1634 216 1638 ι
242 1587 316 1670 632.
330 1593 496 1668 προσβαλῶ
512 1589 680 1652 Porsonus.
704 1589 860 1667 περιβαλό
873 1583 955 1649 libri.

241 1689 423 1774 635—637.
446 1691 518 1753 Hos
538 1712 647 1754 versus
667 1686 816 1752 delendos
838 1709 904 1752 esse
925 1687 1046 1774 primus
1069 1686 1192 1751 monuit
1219 1687 1309 1752 Por·

198 1812 302 1854 sonus.

242 1892 316 1976 636.
331 1893 536 1980 προσβαλεῖν]
554 1892 760 1959 scribendum
776 1898 955 1974 περιβαλεῖν
968 1912 1041 1956 cum
1057 1892 1208 1955 Portuno.

243 1994 316 2079 638.
332 1996 405 2079 639.
422 1995 539 2059 Versus
552 1996 674 2083 spurios
689 2019 754 2059 esse
771 1993 956 2082 supradixi.

242 2097 316 2182 638.
342 2103 405 2181 χρῶ
427 2098 505 2163 Ald.
530 2098 615 2186 quod
638 2120 701 2162 non
727 2095 875 2184 intelligo.
914 2094 1157 2161 Restituendum
1180 2094 1244 2178 χρή
1265 2119 1308 2161 ex

198 2198 365 2264 codicibus.
412 2200 565 2288 Intelligit
579 2206 756 2283 περιβαλεῖν
770 2197 882 2281 στέρνα
894 2199 1015 2280 πατρός.

241 2304 423 2386 640-696.
445 2304 485 2366 ln
506 2303 564 2368 hac
578 2326 706 2390 quoque
721 2324 812 2366 scena
825 2299 976 2365 nonnulla
988 2299 1175 2386 interpolata
1189 2298 1308 2364 viden-

199 2419 262 2470 tur.
308 2406 451 2494 Suspecti
476 2405 552 2470 mihi
575 2418 650 2469 sunt
675 2428 706 2467 v.
727 2405 910 2490 652-655.
933 2406 1008 2484 664.
1033 2405 1107 2488 665.
1130 2403 1205 2467 668.
1227 2405 1308 2490 669.

198 2505 400 2594 dubitarique
414 2507 505 2572 etiarn
523 2507 562 2571 de
578 2531 608 2570 ν.
626 2507 698 2588 647.
715 2505 789 2585 648.
805 2519 918 2592 potest.

242 2610 317 2690 644.
332 2610 459 2688 βλέπεις
472 2609 602 2673 codices.
624 2607 750 2688 βλέπεις
764 2605 793 2686 μ’
809 2606 887 2670 Ald.

243 2713 382 2796 εὕκηλον]
414 2712 617 2775 Scribendum
643 2711 750 2788 ἕκηλον
772 2730 844 2772 cum
869 2709 1057 2774 Blomiieldo
1081 2708 1113 2773 in
1139 2709 1235 2796 gloss.
1263 2711 1308 2775 ud

200 2814 309 2878 AEsch.
328 2816 415 2900 Sept.
433 2833 505 2894 224.

242 2917 317 2997 646.
332 2916 400 2998 παρ’
418 2920 482 2998 ἐμοὶ
497 2916 627 2980 codices.
650 2915 723 2996 πρὸς
738 2917 810 2995 ἐμοῦ
826 2912 902 2978 Aid.

241 3019 281 3099 μὴ
297 3020 477 3083 Barncsius.
517 3019 607 3082 Libri
624 3019 671 3082 καὶ
685 3017 733 3098 μή.

242 3123 317 3204 647.
334 3121 418 3209 κούκ]
435 3122 487 3186 οὐκ
503 3123 587 3185 Flor.
605 3141 630 3183 1.

242 3224 317 3305 648.
342 3227 421 3304 ὄμμα
447 3223 470 3287 τ’
498 3224 630 3288 ἔκτεινον
654 3222 761 3305 φίλον]
789 3221 932 3308 Porrige,
959 3221 979 3288 i.
997 3244 1027 3285 e.
1050 3243 1168 3285 serena.
1215 3224 1309 3290 Mire

199 3326 319 3390 dictum
342 3328 484 3391 ἐκτείνειν
505 3329 593 3406 ὄμμα,
616 3324 707 3411 cujus
728 3322 893 3387 locutionis
911 3322 1055 3410 exempla
1074 3322 1147 3388 aiibi
1169 3346 1233 3388 non
1260 3328 1321 3390 vi.

199 3430 312 3495 dimus.

243 3535 318 3616 649.
333 3531 448 3614 γέγηθά
463 3531 490 3594 σ’
503 3533 542 3597 ὡς
555 3527 657 3612 γέγηθ’
670 3530 746 3610 ὁρῶν
762 3527 977 3615 Musgravius.
1000 3524 1103 3610 γέγηθ’
1116 3527 1170 3596 ἕως
1184 3527 1308 3611 γέγηθά

198 3636 229 3697 σ’
244 3637 322 3714 ὁρῶν
335 3632 418 3697 libri.

243 3733 316 3820 651.
332 3733 484 3817 ἡ’πιοθσ’]
502 3731 695 3817 ἡ’πιτνχοθσ’
712 3734 785 3796 Par.
801 3735 845 3797 A.

244 3841 318 3924 652.
334 3835 350 3899 θ
366 3835 423 3917 φῂς
438 3835 587 3899 Matthiae
601 3834 698 3900 editio
711 3858 749 3899 cx
765 3836 944 3922 conjectura
959 3835 1100 3901 Heathii.
1134 3835 1226 3899 Libri
1243 3838 1263 3899 ὅ
1276 3863 1310 3904 τι

200 3940 268 4024 φῄς.
314 3937 555 4023 Relinquendus
576 3938 673 4025 hujus
688 3960 797 4001 versus
819 3938 960 4026 scriptori
976 3938 1101 4003 videtur
1118 3953 1150 4002 et
1164 3937 1216 4002 hic
1230 3962 1321 4004 ana-⁷

199 4059 318 4133 paestus
333 4065 389 4106 nec
404 4041 522 4123 φίλτατ’
539 4039 670 4122 ὦπάτερ
686 4040 883 4105 scribendum
898 4064 969 4106 cum
987 4039 1189 4105 Marklaudo.

244 4148 319 4232 654.
336 4146 404 4229 νυν]
422 4148 474 4208 νῦν
488 4141 618 4206 codices.
641 4142 697 4222 μέν
711 4141 738 4225 γ’
755 4142 834 4207 Ald.

244 4252 317 4334 659.
332 4244 439 4330 πρόσθ’
455 4248 511 4326 ἁμὲ
528 4247 696 4309 Porsonus.
735 4245 824 4309 Libri
840 4249 972 4328 πρόσθεν
988 4247 1069 4325 duc.

244 4354 317 4415 662.
333 4349 457 4437 ᾠκίσθαι
473 4350 642 4413 Pursonus.
679 4346 769 4410 Libri
785 4347 927 4433 ᾥκῆσθοι.

243 4455 317 4533 664.
341 4453 369 4534 γ’
391 4450 517 4516 accessit
543 4473 582 4515 ex
604 4449 770 4516 codicibus.
819 4450 858 4514 in
887 4449 948 4514 tine
979 4450 1074 4537 hujus
1099 4470 1208 4515 versus
1238 4471 1310 4519 uon
