2864 4914
197 291 240 357 66
559 291 936 357 ANNOTATIONES

240 466 314 530 868.
329 465 436 549 πλέον]
454 469 561 528 πλεῖον
574 462 665 528 codd.
682 464 782 528 multi.

241 567 314 650 878.
337 569 394 632 τίνι
409 566 455 650 (id
471 582 518 631 est
536 568 594 630 τίνι
611 568 706 649 ἄλλῃ)
723 565 900 631 Barnesiua.
933 567 993 629 τινί
1013 562 1092 628 Ald.
1113 579 1146 628 et
1166 564 1297 629 fortasse

196 669 327 736 codices.

240 773 315 837 881.
328 771 487 852 Ἑλλήνων
500 771 630 837 οοάὶοεο.
653 768 814 835 Ἑλλάνων
829 767 906 833 Ald.

240 875 313 940 882.
337 874 447 958 φονέα]
469 873 620 938 Ultimum
643 874 739 960 hujus
754 871 849 950 vocis,
863 893 937 958 quae
956 895 995 936 ex
1012 871 1296 936 Grammaticorum

194 976 314 1041 monito
327 976 458 1064 produci
479 974 627 1056 debebat,
642 991 689 1040 ter
707 975 835 1063 corripit
857 973 1037 1062 Euripides,
1052 973 1103 1038 bic
1124 988 1156 1037 et
1178 972 1296 1037 Electr.

194 1093 270 1164 599.
287 1081 360 1164 763.
375 1077 492 1166 quibus
513 1078 602 1143 addit
617 1079 785 1143 Piersonus
802 1076 843 1142 ad
867 1079 995 1142 Moerin.
1018 1101 1051 1164 p.
1072 1095 1143 1161 192.
1160 1075 1296 1163 Eupho·

194 1180 312 1245 rionem
328 1182 415 1269 apud
430 1181 623 1247 Athenaeum
642 1202 691 1246 11.
714 1205 748 1270 p.
763 1201 838 1267 503.
854 1182 899 1244 A.
939 1180 1036 1245 Addo
1050 1178 1116 1266 ipae
1136 1176 1295 1243 Philemo·

196 1305 267 1348 nem
282 1283 357 1349 ibid.
372 1301 401 1368 7.
418 1309 449 1373 p.
461 1302 536 1372 307.
548 1287 588 1349 E.
605 1285 659 1351 ubi
676 1283 788 1367 κεστρέ’
800 1285 895 1349 όττδν
908 1283 1061 1357 occurrit3
1086 1280 1200 1347 vocalis
1213 1281 1294 1346 enim

193 1383 267 1449 elidi
284 1409 345 1451 non
361 1403 476 1474 posset,
492 1389 550 1454 nisi
565 1390 782 1477 corriperetur.
805 1389 911 1453 POR.

240 1488 313 1554 886.
329 1493 480 1576 γυναῖκες]
498 1493 549 1556 Ι)ο
564 1492 612 1556 bis
626 1492 698 1556 vide
712 1490 867 1579 copiosam
883 1488 1088 1554 narrationem
1105 1487 1287 1553 scholiastae.

240 1590 313 1655 888.
328 1592 463 1675 γενέσθω
479 1594 565 1658 RH.
581 1607 614 1657 et
629 1593 713 1657 Flor.
729 1592 803 1656 duo.
841 1590 946 1657 Ceteri
961 1613 1034 1656 cum
1049 1590 1125 1655 Ald.
1142 1591 1295 1674 γενέσθαι.

194 1692 316 1758 Eadem
333 1695 469 1759 formula
483 1695 556 1783 lph.
577 1697 618 1759 T.
635 1697 709 1781 603.
728 1696 785 1758 Tr.
803 1711 874 1777 721.

237 1799 323 1862 τόνδε
336 1801 393 1878 μὲν
408 1800 449 1862 Β.
466 1797 589 1885 aliique.
613 1796 690 1862 τόνδ’
707 1798 772 1878 ἐμοὶ
786 1794 863 1860 Ald.
890 1797 976 1860 τόνδε
989 1823 1040 1878 μοι
1055 1797 1100 1860 Η.

238 1900 310 1984 890.
326 1906 478 1965 πλαθεῖσα
494 1900 683 1965 Brunckius.
705 1903 879 1964 πλασθεῖσο
893 1897 976 1963 libri.

238 2001 310 2086 897.
329 2005 418 2085 δισσῆ
431 2005 559 2087 μέριμνα
571 2003 664 2069 codd.
681 2001 832 2090 plerique.
858 2003 948 2082 δισαῆ
962 2004 1088 2088 μερίμνιρ
1102 2002 1179 2067 Ald.
1205 2007 1295 2091 δισσῇ

192 2107 316 2187 μερίμνῃ
332 2108 376 2171 Η.
393 2122 425 2172 et
440 2109 526 2172 Flor.
542 2108 616 2172 duo.

237 2229 309 2292 900.
334 2210 449 2292 οὐρίσας
470 2211 509 2273 B.
530 2225 563 2274 et
585 2209 692 2295 Mosq.
717 2231 806 2273 unus.
846 2206 1029 2294 Legebatur
1054 2207 1164 2289 οὐρίας.
1202 2209 1295 2289 οὔριοι

192 2313 285 2377 πνοαί
296 2326 343 2376 est
357 2312 388 2375 in
405 2314 463 2376 Tr.
481 2312 554 2377 882.

236 2433 311 2496 901.
327 2416 472 2504 δρῶντας]
489 2418 604 2497 δρῶντα
619 2416 705 2479 Flor.
723 2438 816 2481 unus.
839 2416 880 2479 In
896 2416 942 2479 H.
957 2414 1052 2479 fuisse
1066 2414 1191 2479 videtur
1205 2416 1295 2496 ὁρῶν-

192 2541 248 2584 τες.
288 2518 327 2580 In
343 2517 451 2582 eodem
467 2518 511 2606 gl.
530 2533 577 2584 eat
590 2519 736 2599 μένοντας
750 2520 831 2599 ἡμᾶς.
872 2519 922 2582 De
939 2515 1096 2581 locutione
1109 2521 1207 2580 πλοῦν
1220 2517 1293 2596 ἥσυ-

192 2644 250 2701 χον
263 2620 381 2684 t'rustra
396 2620 522 2685 dubitat
535 2620 705 2686 Elmsleius
719 2621 760 2684 ad
776 2618 937 2686 Heraclid.
955 2634 984 2703 7.

237 2738 309 2805 907.
326 2729 409 2787 τοῖον
424 2723 509 2787 Flor.
525 2738 685 2810 quattuor.
723 2721 826 2788 Ceteri
841 2721 963 2787 codices
976 2736 1008 2787 et
1024 2722 1103 2787 Ald.
1114 2723 1231 2788 τοιόνδ’.

237 2825 355 2905 κρόπτει
372 2826 412 2889 Β.
427 2823 542 2912 aliique
557 2825 708 2890 nonnulli.
747 2825 815 2889 Alii
830 2838 860 2889 et
875 2824 954 2890 Ald.
971 2827 1121 2890 καλθπτει.

236 2944 310 3007 910.
336 2927 484 2992 Eustatb.
509 2952 541 3016 p.
564 2929 636 3013 189,
660 2948 710 2991 11.
735 2931 868 3009 κεφαλῆς
891 2926 956 3006 ἤτοι
978 2928 1103 3010 καρήνου
1128 2931 1238 3009 κόσμος
1260 2930 1294 2994 τδ

194 3026 366 3109 κρήδεμνον,
382 3029 399 3093 δ
415 3031 462 3094 καὶ
479 3032 638 3113 ἐπίκρανον
653 3035 785 3113 κεφαλῆς
801 3031 820 3110 ῆ
833 3033 982 3116 τραγῳδία
1000 3033 1104 3112 φησὶν,
1119 3031 1157 3110 ῆν
1173 3033 1295 3112 ζηλοῦσι

192 3133 222 3195 ol
244 3132 291 3195 καὶ
313 3133 411 3201 κίονος
433 3135 592 3215 ἐπίκρανον
606 3131 743 3216 φάμενοι.
768 3135 795 3197 εί
808 3131 833 3199 δ’
849 3135 924 3198 οὕτω
946 3132 1025 3197 ταῦτ’
1041 3133 1117 3212 ἔστι,
1132 3140 1295 3217 προσφυῶς

193 3234 351 3315 Εὐριπίδης
364 3237 431 3318 περὶ
445 3237 556 3318 Τροίας
575 3238 651 3319 φησὶ
664 3237 699 3300 τδ
714 3237 773 3302 άπδ
788 3241 821 3301 δὲ
836 3234 992 3319 στεφόναν
1007 3237 1148 3319 κέκορσαι
1161 3240 1292 3320 πύργων.

193 3338 232 3403 ὡς
247 3339 304 3419 γὰρ
318 3337 480 3419 κρήδεμνον
496 3342 639 3422 κεφαλῆς,
655 3342 730 3404 οὕτω
749 3342 798 3405 καὶ
811 3341 845 3405 τδ
860 3344 1084 3423 στεφανοῦσθαι
1099 3341 1187 3420 antis
1205 3344 1293 3418 ίδιον,

191 3439 246 3519 ἤδη
268 3438 302 3502 δέ
323 3466 395 3504 ποτε
418 3442 466 3504 καὶ
481 3442 514 3505 τδ
531 3444 691 3525 κείρεσθαι.
729 3443 775 3507 διδ
794 3444 843 3506 οἶα
858 3444 1026 3526 ουστοίχως
1045 3442 1156 3525 έχοντα
1176 3441 1294 3528 χρηστά

193 3542 277 3604 ἐστιν
292 3543 333 3608 εἰς
346 3544 418 3620 μίαν
432 3543 553 3625 τροπήν.

235 3661 308 3725 911.
324 3644 621 3731 κατδ-κέχρωσαι]
642 3648 671 3710 Ι.
688 3671 716 3711 e.
732 3646 967 3731 κατακέχροσαι.

235 3743 376 3830 αἰθάλου]
395 3746 509 3833 αἰθάλῳ
533 3749 581 3812 Η.
596 3762 628 3812 et
643 3752 749 3836 Mosq.
766 3773 859 3814 unus.
897 3750 990 3829 Quod
1007 3749 1084 3814 Ald.
1098 3763 1132 3813 et
1151 3749 1292 3838 plerique

192 3845 285 3910 codd.
301 3847 425 3913 addunt
438 3857 560 3930 καπνοῦ,
576 3864 658 3914 recte
672 3851 823 3916 omittunt
836 3851 901 3916 duo
915 3851 1007 3917 oodd.
1023 3866 1169 3916 recentes.
1216 3854 1293 3918 Fuit

192 3948 272 4012 enirn
289 3951 330 4014 ab
345 3951 473 4017 librario
487 3953 679 4041 adscriptum
695 3953 751 4039 qui
766 3952 891 4018 αἰθάλου
905 3977 964 4042 pro
977 3954 1132 4042 adjectivo
1146 3955 1267 4021 habuit.

235 4072 311 4136 912.
327 4053 518 4137 οίκτροτάτον
533 4058 574 4122 Β.
589 4071 621 4121 et
636 4079 689 4121 sex
704 4055 768 4120 alii.
791 4055 962 4142 οἰκτροτάτᾳ
977 4057 1053 4121 Ald.

237 4175 310 4239 914.
339 4160 544 4243 μεσονύκτιος]
578 4159 628 4223 De
654 4159 755 4246 Troja
783 4159 885 4224 media
913 4177 1004 4226 nocte
1031 4178 1123 4248 capta
1150 4177 1292 4226 veterum

192 4257 376 4344 scriptorum
393 4259 568 4324 testimonia
582 4262 727 4348 quadam
743 4262 918 4328 attulerunt
932 4263 1113 4329 scholiastae.

235 4362 308 4445 916.
331 4369 498 4445 χοροποιῶν
513 4366 632 4450 θυσιᾶν]
658 4364 829 4431 Librorum
844 4365 1008 4431 varietates
1030 4381 1104 4431 cunt
1122 4375 1293 4451 χοροποιῶν

190 4463 354 4546 χοροποιὸν
367 4480 399 4529 et
414 4470 525 4530 θυσιῶν
539 4469 655 4534 θυσίαν.
