2864 4914
199 282 263 345 112
567 283 944 347 ANNOTATIONES

197 452 256 533 αἷμ’
273 455 344 537 ἔχω·
368 455 401 515 σὲ
419 451 443 516 δ’
460 455 503 519 οὐ.
551 456 623 518 1100
645 454 742 540 igitur
765 454 985 519 revocandum.
1031 457 1077 519 Et
1098 454 1141 520 sic
1159 459 1303 521 Porsono

196 579 323 644 quoque
346 555 522 635 videbatur,
545 558 637 644 cujus
659 557 726 621 haec
748 573 795 622 est
816 557 977 622 annotatio
999 564 1021 595 “
1037 558 1106 637 αῖμ’·
1133 560 1193 640 ἐγὼ
1215 560 1249 624 δέ
1271 561 1302 623 α’

197 658 292 746 aliqui
311 660 408 724 MSS.
425 659 511 745 quod
532 659 664 747 speciem
688 659 815 746 quidem
836 682 903 746 prae
925 683 958 723 se
979 659 1049 724 fert.
1095 660 1157 725 Sed
1180 685 1301 727 merum

198 785 264 826 esse
286 784 421 826 errorem
444 760 518 825 iadc
540 762 649 848 liquet,
670 762 755 849 quod
779 764 854 825 MS.
870 763 909 825 C.
923 764 960 826 C.
974 763 1012 825 C.
1026 762 1065 825 L.
1085 763 1213 842 habent,
1229 763 1300 845 οἶμ’·

199 865 258 946 ἑγὼ
274 866 311 927 σὲ
327 863 361 928 δ’.
408 864 532 927 Variam
554 881 655 930 tamen
679 865 841 929 lectionem
863 865 1047 929 confirmare
1068 866 1302 950 quodammodo

198 966 323 1030 videtur
340 966 412 1053 Iph.
431 969 473 1030 T.
490 987 580 1048 1014.
597 967 651 1032 ubi
666 967 748 1031 idem
764 970 891 1031 Orestes
904 968 1055 1053 loquitur,
1070 969 1134 1033 Οὐκ
1149 968 1187 1033 ἂν
1201 972 1300 1051 γενοί-

197 1095 257 1149 μην
279 1075 336 1134 σοιῖ
356 1096 390 1134 τε
412 1072 460 1133 καὶ
480 1069 591 1151 μητρός
612 1072 731 1152 φονεύς·
752 1069 843 1137 Ἀλις
863 1071 898 1133 τὸ
919 1071 1014 1149 κείνης
1028 1071 1108 1150 αἷμα.
1156 1073 1217 1136 Sed
1234 1070 1304 1136 vul-

197 1187 302 1258 gatam
318 1171 460 1236 defendit
476 1173 631 1258 Magister
647 1197 675 1238 v.
694 1172 783 1256 ἑχο.”

244 1276 348 1357 κτενῶ]
367 1280 461 1338 κτανῶ
475 1275 568 1340 001111.
585 1273 685 1339 multi.

245 1397 340 1458 1040.
355 1377 520 1467 αὐτόχειρι]
537 1379 626 1444 Male
641 1380 802 1463 αὐτοχειρὶ,
818 1393 855 1442 111
872 1377 1055 1443 adverbium
1079 1394 1170 1456 esset,
1191 1401 1211 1442 a
1231 1380 1303 1465 qui-

198 1482 330 1545 busdam
347 1481 507 1567 scriptum.
553 1483 652 1547 Recte
668 1484 828 1546 Por-sonus
843 1490 864 1521 “
881 1480 1029 1565 αὐτόχειρι
1042 1504 1113 1546 011111
1130 1480 1218 1545 Α1110
1236 1504 1300 1545 ser-

199 1582 281 1660 vavi,
307 1598 337 1647 et
363 1584 589 1649 distinctionem
614 1585 733 1649 addidi.
778 1586 818 1648 Ia
846 1583 1007 1670 Sophoclis
1032 1608 1159 1670 quoque
1181 1584 1300 1649 Electr.

202 1704 297 1768 1019.
312 1684 500 1772 adjectivum
516 1700 573 1762 est,
589 1709 651 1750 non
667 1686 862 1762 adverbium,
879 1685 1038 1768 αὐτόχειρι.
1072 1687 1199 1751 Dicitur
1214 1685 1301 1751 αὐτό-

199 1813 277 1870 χειρι
298 1786 405 1873 τρόπῳ,
423 1802 459 1852 111
478 1791 602 1874 ἑκουσίῳ
622 1786 720 1874 τρόπῳ
743 1787 836 1852 Med.
855 1804 925 1871 749.
944 1789 1047 1872 (756.)
1071 1794 1181 1875 ποιητῷ
1204 1789 1301 1876 τρόπῳ

201 1891 275 1954 Hel.
294 1891 404 1974 1567.''
447 1889 509 1969 Qui
532 1891 627 1955 verba
649 1889 754 1974 θνῆσχ’
774 1892 832 1975 ότῳ
853 1892 961 1970 βούλει
982 1891 1143 1956 commatis
1163 1892 1300 1969 inclusit,

198 1992 316 2078 quibus
329 2016 410 2079 opus
425 2015 487 2056 uon
503 2008 558 2058 est.

246 2110 339 2178 1047.
355 2101 464 2179 χειρῶν
479 2110 596 2182 septem
612 2095 817 2180 001111.χερ1ῖιν
834 2096 911 2159 Α111.

245 2218 339 2283 1051.
362 2199 589 2281 προσφθέγματ’
606 2200 696 2284 ἀμφὶ]
713 2197 940 2281 προσφθέγμαθ
955 2200 1025 2279 ἡμῖν
1039 2199 1137 2263 codex
1154 2199 1299 2264 Harleia-

200 2325 259 2366 nus
272 2319 368 2388 5725.
383 2326 455 2389 quae
471 2303 632 2367 manifeste
647 2302 826 2388 conjectura
839 2301 1033 2387 grammatici
1048 2317 1103 2366 est.
1151 2303 1302 2367 Probabi-

198 2403 258 2468 lior
273 2404 423 2469 Lobeckii
445 2407 625 2492 conjectura
646 2420 692 2469 est
712 2404 752 2468 ad
770 2404 867 2490 Soph.
883 2404 940 2490 Α]
956 2405 1028 2467 611.
1044 2428 1077 2491 p.
1095 2424 1168 2489 312.
1185 2405 1236 2469 ed.
1252 2430 1299 2493 pr.

199 2507 425 2591 προσφθέγματ’
453 2511 567 2590 ἀμφοῖν
594 2515 658 2572 τοῖν
687 2508 888 2587 ταλαιπώροιν
916 2506 1007 2587 πόρα.
1053 2507 1153 2570 “Sed
1181 2507 1213 2571 id
1243 2509 1301 2572 etsi

198 2611 340 2698 proxime
361 2633 380 2673 a
400 2610 537 2696 vulgatae
558 2609 706 2673 ductibus
728 2610 826 2686 abest,
850 2624 952 2673 tamen
977 2632 1060 2672 nunc
1082 2632 1143 2673 nou
1166 2611 1302 2698 amplius

198 2712 320 2800 placet;
345 2712 430 2777 nulla
452 2713 535 2776 enim
557 2711 604 2774 vis
626 2735 691 2774 esse
713 2726 815 2797 potest
836 2711 867 2773 in
891 2735 939 2787 eo,
954 2711 1041 2797 quod
1057 2711 1122 2775 duo
1138 2729 1221 2789 suat,
1238 2736 1300 2778 non

199 2837 281 2878 unus
297 2816 346 2877 vel
362 2815 475 2900 plures,
491 2814 561 2878 τόδε
575 2814 814 2896 προσφθέγματα
828 2813 972 2894 πάρεστιν
986 2815 1062 2895 ἀμφὶ
1077 2822 1139 2881 τοῖς
1150 2819 1299 2881 ταλαιπώ-

197 2942 260 2999 ροις
269 2916 382 2980 dixisse
392 2916 516 2980 videtur
525 2939 582 3004 pro
591 2917 716 2999 πάρεστι
725 2923 786 2982 τοῖς
797 2924 918 2979 ταλαιπ.
928 2914 1002 3002 quia
1012 2938 1164 2980 summam
1175 2918 1300 2983 calami-

198 3034 293 3085 tatem
309 3019 482 3106 significare
497 3019 631 3095 volebat,
648 3041 720 3104 quae
735 3016 907 3081 circumdat
921 3016 1090 3106 hominem.
1107 3021 1300 3084 MATTH.

243 3143 337 3209 1059.
354 3123 531 3210 ηὐλαβεῖτο]
549 3122 708 3202 εὐλαβεῖτο
726 3123 771 3185 H.
788 3136 820 3184 et
835 3144 888 3184 sex
904 3120 954 3183 alii
970 3120 1062 3184 codd.

245 3231 335 3308 1064.
351 3227 533 3311 τολμήμασι]
553 3225 687 3311 Aliquot
701 3223 790 3288 codd.
805 3226 993 3304 βουλεύμασι
1010 3223 1057 3287 vel
1072 3226 1256 3306 βουλήμασι.

243 3333 334 3393 1066.
351 3331 576 3413 κατθανόντοιν]
595 3328 802 3392 κατθανόντων
815 3324 937 3389 codices
952 3325 1051 3389 multi.

244 3450 336 3514 1072.
354 3435 495 3516 ἑταιρίας]
516 3433 659 3513 ἑταιρείας
674 3444 705 3493 et
720 3449 809 3512 1079.
828 3429 974 3508 ἑταιρείαν
988 3428 1109 3515 aliquot
1120 3430 1212 3494 codd.

244 3553 336 3621 1073.
351 3535 424 3621 σὴν]
440 3536 494 3613 τὴν
510 3534 595 3598 Flor.
615 3556 704 3596 unus.
728 3557 774 3612 γρ.
792 3531 830 3594 σὺ
846 3532 933 3616 Aug.
951 3551 1043 3594 unus.

243 3654 335 3720 1074.
351 3638 443 3702 ταύτὰ
458 3659 511 3700 sex
527 3635 619 3700 codd.
634 3639 726 3697 ταῦτα
740 3632 846 3719 vulgo,
863 3632 1112 3718 interpunctione
1127 3651 1200 3700 ante
1216 3639 1299 3724 κοινῇ

197 3738 305 3827 posita.

242 3856 333 3923 1077.
351 3842 399 3905 καὶ
414 3841 503 3920 λιμὴν
517 3842 648 3904 πλούτου
661 3840 771 3924 μέγας]
791 3838 841 3903 Sic
858 3839 966 3902 AEsclr.
984 3842 1072 3903 Pers.
1090 3856 1162 3926 255.
1179 3839 1203 3904 ὦ
1218 3847 1299 3924 Περ-

196 3947 245 4012 σὶς
260 3944 311 4007 αἶα
326 3946 373 4008 καῖ
387 3944 481 4010 πολὺς
494 3946 624 4007 πλούτου
638 3942 738 4022 λιμήν.
756 3942 949 4006 ΜΑΤΤΗ.

243 4046 333 4128 1078.
350 4046 453 4128 γόμου
467 4044 598 4109 codices.
621 4044 717 4126 γόμου
734 4043 810 4107 Α111.

243 4150 333 4213 1082.
349 4147 430 4227 ὄνομ’
447 4147 575 4211 codices.
600 4146 666 4227 ὄμμ’
686 4146 761 4209 ΑΙ11.

243 4250 334 4329 1084.
358 4252 513 4334 θανόντες]
532 4256 691 4316 θανοῦυτες
712 4264 828 4336 septem
845 4249 937 4315 codd.
957 4250 1155 4315 Soloecismus
1170 4272 1208 4312 ex
1225 4273 1299 4314 con-

190 4355 315 4440 jectura
335 4352 495 4437 profectus
518 4352 647 4433 librarii,
662 4353 711 4417 cui
727 4353 837 4417 futuro
851 4376 931 4439 opus
950 4377 1015 4416 esse
1031 4352 1209 4431 videbatur,
1225 4352 1301 4439 quia

197 4454 338 4520 morituri
357 4454 423 4518 haec
439 4456 534 4520 verba
549 4474 630 4520 sunt.
