<?xml version="1.0" encoding="UTF-8"?>
<!DOCTYPE html PUBLIC "-//W3C//DTD XHTML 1.0 Transitional//EN"
    "http://www.w3.org/TR/xhtml1/DTD/xhtml1-transitional.dtd">
<html xmlns="http://www.w3.org/1999/xhtml" xml:lang="en" lang="en">
 <head>
  <title>
</title>
<meta http-equiv="Content-Type" content="text/html;charset=utf-8" />
  <meta name='ocr-system' content='tesseract 3.04.00' />
  <meta name='ocr-capabilities' content='ocr_page ocr_carea ocr_par ocr_line ocrx_word'/>
</head>
<body>
  <div class='ocr_page' id='page_1' title='image "./tragoediaesuper01eurigoog_0095.png"; bbox 0 0 2864 4914; ppageno 0'>
   <div class='ocr_carea' id='block_1_1' title="bbox 195 237 937 535">
    <p class='ocr_par' dir='ltr' id='par_1_1' title="bbox 195 237 937 535">
     <span class='ocr_line' id='line_1_1' title="bbox 195 237 937 342; baseline 0 -3"><span class='ocrx_word' id='word_1_1' title='bbox 195 273 240 339; x_wconf 81' lang='lat' dir='ltr'><strong>aa</strong></span> <span class='ocrx_word' id='word_1_2' title='bbox 375 237 392 257; x_wconf 62' lang='grc'><strong>“</strong></span> <span class='ocrx_word' id='word_1_3' title='bbox 558 277 937 342; x_wconf 74' lang='grc' dir='ltr'>ΑΝΝοΤΑΤιοΝΕο</span> 
     </span>
     <span class='ocr_line' id='line_1_2' title="bbox 239 446 895 535; baseline -0.002 -26"><span class='ocrx_word' id='word_1_4' title='bbox 239 446 551 535; x_wconf 76' lang='grc' dir='ltr'>ἀπόφονον-φόνον]</span> <span class='ocrx_word' id='word_1_5' title='bbox 570 448 694 512; x_wconf 82' lang='lat' dir='ltr'><strong>Caedem</strong></span> <span class='ocrx_word' id='word_1_6' title='bbox 707 448 895 532; x_wconf 63' lang='lat' dir='ltr'><strong>infimatum.</strong></span> 
     </span>
    </p>
   </div>
   <div class='ocr_carea' id='block_1_2' title="bbox 188 543 1300 4278">
    <p class='ocr_par' dir='ltr' id='par_1_2' title="bbox 242 543 1076 632">
     <span class='ocr_line' id='line_1_3' title="bbox 242 543 1076 632; baseline -0.005 -22"><span class='ocrx_word' id='word_1_7' title='bbox 242 548 314 630; x_wconf 90' lang='lat'>169.</span> <span class='ocrx_word' id='word_1_8' title='bbox 329 548 383 611; x_wconf 76' lang='grc' dir='ltr'>οὖν</span> <span class='ocrx_word' id='word_1_9' title='bbox 397 572 444 610; x_wconf 91' lang='grc' dir='ltr'><strong>νιν</strong></span> <span class='ocrx_word' id='word_1_10' title='bbox 458 546 538 611; x_wconf 86' lang='lat' dir='ltr'><strong>Ald.</strong></span> <span class='ocrx_word' id='word_1_11' title='bbox 563 573 610 612; x_wconf 93' lang='grc' dir='ltr'><strong>νιν</strong></span> <span class='ocrx_word' id='word_1_12' title='bbox 623 570 687 610; x_wconf 92' lang='lat' dir='ltr'><strong>om.</strong></span> <span class='ocrx_word' id='word_1_13' title='bbox 705 549 752 610; x_wconf 87' lang='lat' dir='ltr'><strong>H.</strong></span> <span class='ocrx_word' id='word_1_14' title='bbox 767 547 883 632; x_wconf 87' lang='lat' dir='ltr'><strong>aliique</strong></span> <span class='ocrx_word' id='word_1_15' title='bbox 897 568 959 609; x_wconf 90' lang='lat' dir='ltr'><strong>non</strong></span> <span class='ocrx_word' id='word_1_16' title='bbox 975 543 1076 631; x_wconf 87' lang='lat' dir='ltr'><strong>pauci.</strong></span> 
     </span>
    </p>

    <p class='ocr_par' dir='ltr' id='par_1_3' title="bbox 191 644 1300 1038">
     <span class='ocr_line' id='line_1_4' title="bbox 242 644 1300 730; baseline -0.003 -19"><span class='ocrx_word' id='word_1_17' title='bbox 242 664 314 730; x_wconf 90' lang='lat'>171.</span> <span class='ocrx_word' id='word_1_18' title='bbox 344 647 551 712; x_wconf 81' lang='lat' dir='ltr'><strong>Scribendum</strong></span> <span class='ocrx_word' id='word_1_19' title='bbox 579 671 644 713; x_wconf 91' lang='lat' dir='ltr'><strong>uno</strong></span> <span class='ocrx_word' id='word_1_20' title='bbox 667 670 757 712; x_wconf 89' lang='lat' dir='ltr'><strong>versu</strong></span> <span class='ocrx_word' id='word_1_21' title='bbox 787 647 880 713; x_wconf 88' lang='grc' dir='ltr'>πόλιν</span> <span class='ocrx_word' id='word_1_22' title='bbox 904 650 964 712; x_wconf 77' lang='grc' dir='ltr'>ἀνὰ</span> <span class='ocrx_word' id='word_1_23' title='bbox 988 650 1068 711; x_wconf 99' lang='grc' dir='ltr'>πόδα</span> <span class='ocrx_word' id='word_1_24' title='bbox 1091 645 1149 710; x_wconf 87' lang='grc' dir='ltr'>σδν</span> <span class='ocrx_word' id='word_1_25' title='bbox 1179 644 1300 721; x_wconf 72' lang='grc' dir='ltr'><strong>εἱλίξεις</strong></span> 
     </span>
     <span class='ocr_line' id='line_1_5' title="bbox 193 744 1300 836; baseline -0.005 -24"><span class='ocrx_word' id='word_1_26' title='bbox 193 749 344 828; x_wconf 79' lang='grc' dir='ltr'>μεθεμένα</span> <span class='ocrx_word' id='word_1_27' title='bbox 358 751 476 822; x_wconf 84' lang='grc' dir='ltr'>κτύπου,</span> <span class='ocrx_word' id='word_1_28' title='bbox 492 749 672 836; x_wconf 84' lang='lat' dir='ltr'><strong>pmiterque</strong></span> <span class='ocrx_word' id='word_1_29' title='bbox 686 749 718 812; x_wconf 91' lang='lat' dir='ltr'><strong>in</strong></span> <span class='ocrx_word' id='word_1_30' title='bbox 732 748 940 834; x_wconf 85' lang='lat' dir='ltr'><strong>antistropho.</strong></span> <span class='ocrx_word' id='word_1_31' title='bbox 974 750 1091 812; x_wconf 87' lang='lat' dir='ltr'><strong>Versus</strong></span> <span class='ocrx_word' id='word_1_32' title='bbox 1104 761 1151 811; x_wconf 81' lang='lat' dir='ltr'><strong>est</strong></span> <span class='ocrx_word' id='word_1_33' title='bbox 1163 744 1300 809; x_wconf 84' lang='lat' dir='ltr'><strong>dimeter</strong></span> 
     </span>
     <span class='ocr_line' id='line_1_6' title="bbox 193 847 1298 936; baseline -0.007 -22"><span class='ocrx_word' id='word_1_34' title='bbox 193 850 404 927; x_wconf 67' lang='lat' dir='ltr'><strong>dommianus,</strong></span> <span class='ocrx_word' id='word_1_35' title='bbox 434 849 602 936; x_wconf 79' lang='lat' dir='ltr'><strong>praemissis</strong></span> <span class='ocrx_word' id='word_1_36' title='bbox 629 847 780 935; x_wconf 86' lang='lat' dir='ltr'><strong>quattuor</strong></span> <span class='ocrx_word' id='word_1_37' title='bbox 812 849 939 936; x_wconf 82' lang='lat' dir='ltr'>syllabis</span> <span class='ocrx_word' id='word_1_38' title='bbox 972 848 1131 927; x_wconf 83' lang='lat' dir='ltr'><strong>brevibus,</strong></span> <span class='ocrx_word' id='word_1_39' title='bbox 1159 865 1298 934; x_wconf 86' lang='lat' dir='ltr'><strong>quarum</strong></span> 
     </span>
     <span class='ocr_line' id='line_1_7' title="bbox 191 952 590 1038; baseline 0 -24"><span class='ocrx_word' id='word_1_40' title='bbox 191 952 296 1038; x_wconf 84' lang='lat' dir='ltr'><strong>prima</strong></span> <span class='ocrx_word' id='word_1_41' title='bbox 309 953 480 1018; x_wconf 86' lang='lat' dir='ltr'><strong>sub&#39;ictum</strong></span> <span class='ocrx_word' id='word_1_42' title='bbox 496 953 590 1017; x_wconf 81' lang='lat' dir='ltr'><strong>cadit.</strong></span> 
     </span>
    </p>

    <p class='ocr_par' dir='ltr' id='par_1_4' title="bbox 240 1053 1056 1138">
     <span class='ocr_line' id='line_1_8' title="bbox 240 1053 1056 1138; baseline -0.001 -22"><span class='ocrx_word' id='word_1_43' title='bbox 240 1070 312 1138; x_wconf 85' lang='lat'>173.</span> <span class='ocrx_word' id='word_1_44' title='bbox 327 1056 495 1138; x_wconf 76' lang='grc' dir='ltr'>ὑπνώσσει]</span> <span class='ocrx_word' id='word_1_45' title='bbox 512 1056 645 1119; x_wconf 80' lang='grc' dir='ltr'>ὑπνιόσει</span> <span class='ocrx_word' id='word_1_46' title='bbox 659 1053 738 1118; x_wconf 82' lang='grc' dir='ltr'>ΑΙά.</span> <span class='ocrx_word' id='word_1_47' title='bbox 751 1069 781 1116; x_wconf 93' lang='lat' dir='ltr'><strong>et</strong></span> <span class='ocrx_word' id='word_1_48' title='bbox 796 1053 890 1117; x_wconf 90' lang='lat' dir='ltr'><strong>codd.</strong></span> <span class='ocrx_word' id='word_1_49' title='bbox 904 1053 1056 1118; x_wconf 82' lang='lat' dir='ltr'><strong>nonnulli.</strong></span> 
     </span>
    </p>

    <p class='ocr_par' dir='ltr' id='par_1_5' title="bbox 192 1155 1298 1344">
     <span class='ocr_line' id='line_1_9' title="bbox 240 1155 1298 1239; baseline -0.002 -22"><span class='ocrx_word' id='word_1_50' title='bbox 240 1169 399 1239; x_wconf 70' lang='lat'>174175.</span> <span class='ocrx_word' id='word_1_51' title='bbox 424 1155 631 1220; x_wconf 85' lang='lat' dir='ltr'><strong>Scribendum</strong></span> <span class='ocrx_word' id='word_1_52' title='bbox 655 1178 719 1218; x_wconf 92' lang='lat' dir='ltr'><strong>uno</strong></span> <span class='ocrx_word' id='word_1_53' title='bbox 737 1178 828 1219; x_wconf 85' lang='lat' dir='ltr'><strong>versu</strong></span> <span class='ocrx_word' id='word_1_54' title='bbox 851 1157 958 1219; x_wconf 91' lang='grc' dir='ltr'>πότνια</span> <span class='ocrx_word' id='word_1_55' title='bbox 978 1156 1249 1234; x_wconf 74' lang='grc' dir='ltr'>πότνια-βροτῶν</span> <span class='ocrx_word' id='word_1_56' title='bbox 1265 1167 1298 1215; x_wconf 91' lang='lat' dir='ltr'><strong>et</strong></span> 
     </span>
     <span class='ocr_line' id='line_1_10' title="bbox 192 1255 928 1344; baseline 0.001 -26"><span class='ocrx_word' id='word_1_57' title='bbox 192 1255 224 1318; x_wconf 92' lang='lat' dir='ltr'><strong>in</strong></span> <span class='ocrx_word' id='word_1_58' title='bbox 239 1256 435 1344; x_wconf 83' lang='lat' dir='ltr'><strong>antistropbo</strong></span> <span class='ocrx_word' id='word_1_59' title='bbox 449 1275 519 1342; x_wconf 86' lang='lat'>195.</span> <span class='ocrx_word' id='word_1_60' title='bbox 537 1259 641 1324; x_wconf 79' lang='grc' dir='ltr'>ἔθανες</span> <span class='ocrx_word' id='word_1_61' title='bbox 656 1258 928 1324; x_wconf 78' lang='grc' dir='ltr'>ἔθανες-ὤλεσας.</span> 
     </span>
    </p>

    <p class='ocr_par' dir='ltr' id='par_1_6' title="bbox 192 1348 1298 1648">
     <span class='ocr_line' id='line_1_11' title="bbox 240 1348 1295 1445; baseline -0.002 -25"><span class='ocrx_word' id='word_1_62' title='bbox 240 1375 311 1443; x_wconf 85' lang='grc'>179.</span> <span class='ocrx_word' id='word_1_63' title='bbox 333 1357 587 1444; x_wconf 83' lang='grc' dir='ltr'>Ἀγαμεμνόνιον]</span> <span class='ocrx_word' id='word_1_64' title='bbox 611 1358 702 1424; x_wconf 86' lang='lat' dir='ltr'>Libri</span> <span class='ocrx_word' id='word_1_65' title='bbox 719 1348 985 1440; x_wconf 71' lang='grc' dir='ltr'>Ἀγαμεμνόνειόν,</span> <span class='ocrx_word' id='word_1_66' title='bbox 1006 1358 1065 1424; x_wconf 88' lang='lat' dir='ltr'><strong>nisi</strong></span> <span class='ocrx_word' id='word_1_67' title='bbox 1086 1358 1174 1445; x_wconf 89' lang='lat' dir='ltr'><strong>quod</strong></span> <span class='ocrx_word' id='word_1_68' title='bbox 1196 1358 1230 1422; x_wconf 89' lang='lat' dir='ltr'><strong>iu</strong></span> <span class='ocrx_word' id='word_1_69' title='bbox 1255 1356 1295 1419; x_wconf 92' lang='lat' dir='ltr'><strong>B.</strong></span> 
     </span>
     <span class='ocr_line' id='line_1_12' title="bbox 192 1458 1298 1547; baseline 0.001 -24"><span class='ocrx_word' id='word_1_70' title='bbox 192 1461 403 1547; x_wconf 83' lang='lat' dir='ltr'><strong>superscripta</strong></span> <span class='ocrx_word' id='word_1_71' title='bbox 417 1476 464 1525; x_wconf 87' lang='lat' dir='ltr'><strong>est</strong></span> <span class='ocrx_word' id='word_1_72' title='bbox 478 1460 567 1525; x_wconf 83' lang='lat' dir='ltr'><strong>litera</strong></span> <span class='ocrx_word' id='word_1_73' title='bbox 581 1487 600 1524; x_wconf 88' lang='grc' dir='ltr'><strong>ι.</strong></span> <span class='ocrx_word' id='word_1_74' title='bbox 647 1461 762 1524; x_wconf 82' lang='lat' dir='ltr'>Versus</span> <span class='ocrx_word' id='word_1_75' title='bbox 775 1474 820 1524; x_wconf 86' lang='lat' dir='ltr'><strong>est</strong></span> <span class='ocrx_word' id='word_1_76' title='bbox 836 1459 1047 1540; x_wconf 86' lang='lat' dir='ltr'><strong>dochmiacus,</strong></span> <span class='ocrx_word' id='word_1_77' title='bbox 1061 1458 1230 1546; x_wconf 79' lang='lat' dir='ltr'><strong>praemissis</strong></span> <span class='ocrx_word' id='word_1_78' title='bbox 1244 1458 1298 1524; x_wconf 83' lang='lat' dir='ltr'><strong>tri-</strong></span> 
     </span>
     <span class='ocr_line' id='line_1_13' title="bbox 192 1559 1129 1648; baseline 0.001 -24"><span class='ocrx_word' id='word_1_79' title='bbox 192 1560 252 1626; x_wconf 92' lang='lat' dir='ltr'><strong>bus</strong></span> <span class='ocrx_word' id='word_1_80' title='bbox 266 1561 393 1648; x_wconf 81' lang='lat' dir='ltr'><strong>syllabis</strong></span> <span class='ocrx_word' id='word_1_81' title='bbox 405 1562 566 1641; x_wconf 85' lang='lat' dir='ltr'><strong>brevibus,</strong></span> <span class='ocrx_word' id='word_1_82' title='bbox 582 1583 716 1647; x_wconf 86' lang='lat' dir='ltr'><strong>quarum</strong></span> <span class='ocrx_word' id='word_1_83' title='bbox 732 1560 834 1647; x_wconf 82' lang='lat' dir='ltr'><strong>prima</strong></span> <span class='ocrx_word' id='word_1_84' title='bbox 848 1559 907 1624; x_wconf 90' lang='lat' dir='ltr'><strong>sub</strong></span> <span class='ocrx_word' id='word_1_85' title='bbox 921 1560 1018 1626; x_wconf 88' lang='lat' dir='ltr'><strong>ictum</strong></span> <span class='ocrx_word' id='word_1_86' title='bbox 1033 1561 1129 1626; x_wconf 82' lang='lat' dir='ltr'><strong>cadit.</strong></span> 
     </span>
    </p>

    <p class='ocr_par' dir='ltr' id='par_1_7' title="bbox 235 1665 712 1748">
     <span class='ocr_line' id='line_1_14' title="bbox 235 1665 712 1748; baseline -0.004 -21"><span class='ocrx_word' id='word_1_87' title='bbox 235 1666 327 1742; x_wconf 84' lang='grc' dir='ltr'>δόμον</span> <span class='ocrx_word' id='word_1_88' title='bbox 341 1690 389 1745; x_wconf 87' lang='grc' dir='ltr'><strong>γρ.</strong></span> <span class='ocrx_word' id='word_1_89' title='bbox 381 1665 497 1746; x_wconf 92' lang='grc' dir='ltr'>.γόνον</span> <span class='ocrx_word' id='word_1_90' title='bbox 512 1665 602 1748; x_wconf 86' lang='lat' dir='ltr'>Aug.</span> <span class='ocrx_word' id='word_1_91' title='bbox 619 1684 712 1726; x_wconf 87' lang='lat' dir='ltr'><strong>unus.</strong></span> 
     </span>
    </p>

    <p class='ocr_par' dir='ltr' id='par_1_8' title="bbox 190 1764 1298 1951">
     <span class='ocr_line' id='line_1_15' title="bbox 236 1764 1298 1907; baseline 0.005 -81"><span class='ocrx_word' id='word_1_92' title='bbox 236 1765 309 1827; x_wconf 91' lang='lat'>181.</span> <span class='ocrx_word' id='word_1_93' title='bbox 325 1764 484 1847; x_wconf 79' lang='grc' dir='ltr'>διοιχόμεθ</span> <span class='ocrx_word' id='word_1_94' title='bbox 501 1765 658 1847; x_wconf 80' lang='grc' dir='ltr'>οἰχόμεθα]</span> <span class='ocrx_word' id='word_1_95' title='bbox 677 1765 871 1846; x_wconf 86' lang='grc' dir='ltr'>διοιχόμεσθα</span> <span class='ocrx_word' id='word_1_96' title='bbox 885 1767 1080 1907; x_wconf 84' lang='grc' dir='ltr'>διοιχόμεσθα</span> <span class='ocrx_word' id='word_1_97' title='bbox 1093 1765 1171 1830; x_wconf 89' lang='lat' dir='ltr'><strong>Ald.</strong></span> <span class='ocrx_word' id='word_1_98' title='bbox 1219 1767 1298 1831; x_wconf 84' lang='lat' dir='ltr'><strong>Cor-</strong></span> 
     </span>
     <span class='ocr_line' id='line_1_16' title="bbox 190 1864 607 1951; baseline -0.002 -22"><span class='ocrx_word' id='word_1_99' title='bbox 190 1879 309 1929; x_wconf 85' lang='lat' dir='ltr'><strong>rectum</strong></span> <span class='ocrx_word' id='word_1_100' title='bbox 325 1888 364 1929; x_wconf 85' lang='lat' dir='ltr'><strong>ex</strong></span> <span class='ocrx_word' id='word_1_101' title='bbox 379 1865 499 1951; x_wconf 81' lang='lat' dir='ltr'><strong>aliquot</strong></span> <span class='ocrx_word' id='word_1_102' title='bbox 513 1864 607 1928; x_wconf 88' lang='lat' dir='ltr'>codd</span> 
     </span>
    </p>

    <p class='ocr_par' dir='ltr' id='par_1_9' title="bbox 189 1965 1300 2657">
     <span class='ocr_line' id='line_1_17' title="bbox 236 1965 1299 2052; baseline 0.002 -22"><span class='ocrx_word' id='word_1_103' title='bbox 236 1968 309 2032; x_wconf 83' lang='lat'>182.</span> <span class='ocrx_word' id='word_1_104' title='bbox 333 1970 443 2031; x_wconf 81' lang='grc' dir='ltr'>κτύπον</span> <span class='ocrx_word' id='word_1_105' title='bbox 462 1965 582 2049; x_wconf 87' lang='grc' dir='ltr'>ἠγάγετ’</span> <span class='ocrx_word' id='word_1_106' title='bbox 605 1966 669 2048; x_wconf 88' lang='lat' dir='ltr'><strong>(vel</strong></span> <span class='ocrx_word' id='word_1_107' title='bbox 691 1968 834 2052; x_wconf 77' lang='grc' dir='ltr'>ἠγάγετε)</span> <span class='ocrx_word' id='word_1_108' title='bbox 858 1967 1006 2043; x_wconf 81' lang='lat' dir='ltr'><strong>Electrae,</strong></span> <span class='ocrx_word' id='word_1_109' title='bbox 1028 1968 1100 2050; x_wconf 78' lang='grc' dir='ltr'>ονἰχί</span> <span class='ocrx_word' id='word_1_110' title='bbox 1117 1968 1299 2050; x_wconf 84' lang='lat' dir='ltr'><strong>choro‚se-</strong></span> 
     </span>
     <span class='ocr_line' id='line_1_18' title="bbox 189 2064 1299 2151; baseline 0.003 -23"><span class='ocrx_word' id='word_1_111' title='bbox 189 2065 319 2151; x_wconf 82' lang='lat' dir='ltr'><strong>quentia</strong></span> <span class='ocrx_word' id='word_1_112' title='bbox 347 2064 484 2129; x_wconf 85' lang='lat' dir='ltr'><strong>Electrae</strong></span> <span class='ocrx_word' id='word_1_113' title='bbox 512 2065 657 2130; x_wconf 87' lang='lat' dir='ltr'><strong>tribuunt</strong></span> <span class='ocrx_word' id='word_1_114' title='bbox 685 2065 767 2131; x_wconf 83' lang='lat' dir='ltr'>libri.</span> <span class='ocrx_word' id='word_1_115' title='bbox 813 2068 996 2130; x_wconf 79' lang='lat' dir='ltr'><strong>Comectum</strong></span> <span class='ocrx_word' id='word_1_116' title='bbox 1027 2087 1067 2129; x_wconf 87' lang='lat' dir='ltr'><strong>ex</strong></span> <span class='ocrx_word' id='word_1_117' title='bbox 1096 2066 1299 2131; x_wconf 78' lang='lat' dir='ltr'><strong>annotatione</strong></span> 
     </span>
     <span class='ocr_line' id='line_1_19' title="bbox 189 2164 1281 2253; baseline 0.004 -25"><span class='ocrx_word' id='word_1_118' title='bbox 189 2164 374 2229; x_wconf 88' lang='lat' dir='ltr'><strong>scholiastae.</strong></span> <span class='ocrx_word' id='word_1_119' title='bbox 420 2168 536 2229; x_wconf 80' lang='lat' dir='ltr'><strong>Versus</strong></span> <span class='ocrx_word' id='word_1_120' title='bbox 549 2164 580 2229; x_wconf 91' lang='lat' dir='ltr'><strong>in</strong></span> <span class='ocrx_word' id='word_1_121' title='bbox 597 2166 678 2230; x_wconf 88' lang='lat' dir='ltr'><strong>Ald.</strong></span> <span class='ocrx_word' id='word_1_122' title='bbox 694 2166 736 2230; x_wconf 89' lang='lat' dir='ltr'><strong>sic</strong></span> <span class='ocrx_word' id='word_1_123' title='bbox 752 2166 841 2231; x_wconf 88' lang='lat' dir='ltr'><strong>divisi</strong></span> <span class='ocrx_word' id='word_1_124' title='bbox 858 2168 1091 2250; x_wconf 76' lang='grc' dir='ltr'>κτύπον-οὐχί.</span> <span class='ocrx_word' id='word_1_125' title='bbox 1108 2166 1117 2250; x_wconf 84' lang='grc' dir='ltr'>Ι</span> <span class='ocrx_word' id='word_1_126' title='bbox 1136 2170 1256 2249; x_wconf 88' lang='grc' dir='ltr'>σίγα-</span> <span class='ocrx_word' id='word_1_127' title='bbox 1271 2169 1281 2253; x_wconf 86' lang='grc' dir='ltr'>Ι</span> 
     </span>
     <span class='ocr_line' id='line_1_20' title="bbox 189 2266 1299 2354; baseline 0.004 -24"><span class='ocrx_word' id='word_1_128' title='bbox 189 2266 421 2331; x_wconf 82' lang='grc' dir='ltr'>άνακέλαδον-</span> <span class='ocrx_word' id='word_1_129' title='bbox 440 2266 445 2354; x_wconf 89' lang='grc' dir='ltr'>Ι</span> <span class='ocrx_word' id='word_1_130' title='bbox 464 2269 711 2350; x_wconf 78' lang='grc' dir='ltr'>ἥσυχον-φίλα.</span> <span class='ocrx_word' id='word_1_131' title='bbox 757 2269 797 2330; x_wconf 91' lang='lat' dir='ltr'><strong>In</strong></span> <span class='ocrx_word' id='word_1_132' title='bbox 816 2290 916 2332; x_wconf 91' lang='lat' dir='ltr'><strong>unum</strong></span> <span class='ocrx_word' id='word_1_133' title='bbox 932 2290 1055 2332; x_wconf 86' lang='lat' dir='ltr'><strong>versum</strong></span> <span class='ocrx_word' id='word_1_134' title='bbox 1074 2268 1299 2354; x_wconf 84' lang='lat' dir='ltr'><strong>conjungenda</strong></span> 
     </span>
     <span class='ocr_line' id='line_1_21' title="bbox 189 2367 1300 2454; baseline 0.004 -22"><span class='ocrx_word' id='word_1_135' title='bbox 189 2384 264 2432; x_wconf 81' lang='lat' dir='ltr'><strong>sunt</strong></span> <span class='ocrx_word' id='word_1_136' title='bbox 278 2369 374 2433; x_wconf 81' lang='lat' dir='ltr'><strong>verba</strong></span> <span class='ocrx_word' id='word_1_137' title='bbox 396 2367 555 2451; x_wconf 86' lang='grc' dir='ltr'>διοιχόμεθ’</span> <span class='ocrx_word' id='word_1_138' title='bbox 576 2371 730 2451; x_wconf 77' lang='grc' dir='ltr'>οἰχόμεθα.</span> <span class='ocrx_word' id='word_1_139' title='bbox 753 2367 825 2433; x_wconf 89' lang='grc' dir='ltr'><strong>Ἠλ.</strong></span> <span class='ocrx_word' id='word_1_140' title='bbox 848 2372 959 2434; x_wconf 74' lang='grc' dir='ltr'>κτύπον</span> <span class='ocrx_word' id='word_1_141' title='bbox 976 2370 1109 2452; x_wconf 85' lang='grc' dir='ltr'>ἠγάγετ’·</span> <span class='ocrx_word' id='word_1_142' title='bbox 1131 2372 1201 2454; x_wconf 81' lang='grc' dir='ltr'>οὖχὶ</span> <span class='ocrx_word' id='word_1_143' title='bbox 1224 2379 1300 2454; x_wconf 79' lang='grc' dir='ltr'>σῖγα</span> 
     </span>
     <span class='ocr_line' id='line_1_22' title="bbox 190 2470 1298 2557; baseline 0.005 -25"><span class='ocrx_word' id='word_1_144' title='bbox 190 2475 264 2550; x_wconf 83' lang='grc' dir='ltr'>σῖγα</span> <span class='ocrx_word' id='word_1_145' title='bbox 286 2471 518 2551; x_wconf 76' lang='grc' dir='ltr'>φυλασσομένα.</span> <span class='ocrx_word' id='word_1_146' title='bbox 541 2486 573 2533; x_wconf 90' lang='lat' dir='ltr'><strong>et</strong></span> <span class='ocrx_word' id='word_1_147' title='bbox 594 2471 625 2533; x_wconf 88' lang='lat' dir='ltr'><strong>in</strong></span> <span class='ocrx_word' id='word_1_148' title='bbox 648 2470 843 2557; x_wconf 86' lang='lat' dir='ltr'><strong>antistropbo</strong></span> <span class='ocrx_word' id='word_1_149' title='bbox 865 2493 896 2533; x_wconf 87' lang='lat' dir='ltr'><strong>v.</strong></span> <span class='ocrx_word' id='word_1_150' title='bbox 920 2489 995 2556; x_wconf 86' lang='lat'>203.</span> <span class='ocrx_word' id='word_1_151' title='bbox 1021 2475 1298 2556; x_wconf 74' lang='grc' dir='ltr'>βίον-ἐννυχίοις.</span> 
     </span>
     <span class='ocr_line' id='line_1_23' title="bbox 190 2571 1278 2657; baseline 0.004 -22"><span class='ocrx_word' id='word_1_152' title='bbox 190 2571 284 2650; x_wconf 83' lang='lat' dir='ltr'><strong>Quod</strong></span> <span class='ocrx_word' id='word_1_153' title='bbox 301 2571 420 2636; x_wconf 82' lang='lat' dir='ltr'><strong>Aldina</strong></span> <span class='ocrx_word' id='word_1_154' title='bbox 436 2572 530 2636; x_wconf 85' lang='lat' dir='ltr'><strong>habet</strong></span> <span class='ocrx_word' id='word_1_155' title='bbox 544 2575 618 2652; x_wconf 90' lang='grc' dir='ltr'>σίγα</span> <span class='ocrx_word' id='word_1_156' title='bbox 634 2572 716 2652; x_wconf 88' lang='grc' dir='ltr'>σίγα,</span> <span class='ocrx_word' id='word_1_157' title='bbox 732 2595 771 2634; x_wconf 87' lang='lat' dir='ltr'><strong>ex</strong></span> <span class='ocrx_word' id='word_1_158' title='bbox 786 2571 906 2657; x_wconf 82' lang='lat' dir='ltr'><strong>aliquot</strong></span> <span class='ocrx_word' id='word_1_159' title='bbox 919 2572 1010 2637; x_wconf 92' lang='lat' dir='ltr'><strong>codd.</strong></span> <span class='ocrx_word' id='word_1_160' title='bbox 1027 2588 1201 2638; x_wconf 85' lang='lat' dir='ltr'><strong>correctum</strong></span> <span class='ocrx_word' id='word_1_161' title='bbox 1218 2589 1278 2639; x_wconf 82' lang='lat' dir='ltr'><strong>est.</strong></span> 
     </span>
    </p>

    <p class='ocr_par' dir='ltr' id='par_1_10' title="bbox 189 2673 1300 2861">
     <span class='ocr_line' id='line_1_24' title="bbox 235 2673 1300 2759; baseline 0.006 -23"><span class='ocrx_word' id='word_1_162' title='bbox 235 2674 307 2757; x_wconf 88' lang='lat'>185.</span> <span class='ocrx_word' id='word_1_163' title='bbox 330 2677 477 2752; x_wconf 75' lang='grc' dir='ltr'>πόματος</span> <span class='ocrx_word' id='word_1_164' title='bbox 498 2673 684 2737; x_wconf 78' lang='grc' dir='ltr'>άνακέλαδον</span> <span class='ocrx_word' id='word_1_165' title='bbox 706 2675 765 2737; x_wconf 84' lang='grc' dir='ltr'><strong>άπο</strong></span> <span class='ocrx_word' id='word_1_166' title='bbox 781 2673 904 2757; x_wconf 79' lang='grc' dir='ltr'>λέχεος]</span> <span class='ocrx_word' id='word_1_167' title='bbox 923 2674 1108 2754; x_wconf 86' lang='lat' dir='ltr'><strong>Dochmius,</strong></span> <span class='ocrx_word' id='word_1_168' title='bbox 1129 2676 1300 2759; x_wconf 81' lang='lat' dir='ltr'><strong>proemissis</strong></span> 
     </span>
     <span class='ocr_line' id='line_1_25' title="bbox 189 2773 1209 2861; baseline 0.005 -24"><span class='ocrx_word' id='word_1_169' title='bbox 189 2774 330 2860; x_wconf 91' lang='lat' dir='ltr'><strong>quinque</strong></span> <span class='ocrx_word' id='word_1_170' title='bbox 345 2774 473 2860; x_wconf 82' lang='lat' dir='ltr'><strong>syllabis</strong></span> <span class='ocrx_word' id='word_1_171' title='bbox 487 2773 645 2849; x_wconf 85' lang='lat' dir='ltr'><strong>brevibus,</strong></span> <span class='ocrx_word' id='word_1_172' title='bbox 660 2796 794 2859; x_wconf 86' lang='lat' dir='ltr'><strong>quarum</strong></span> <span class='ocrx_word' id='word_1_173' title='bbox 810 2774 911 2861; x_wconf 83' lang='lat' dir='ltr'><strong>prima</strong></span> <span class='ocrx_word' id='word_1_174' title='bbox 925 2775 985 2838; x_wconf 91' lang='lat' dir='ltr'><strong>sub</strong></span> <span class='ocrx_word' id='word_1_175' title='bbox 998 2775 1096 2840; x_wconf 91' lang='lat' dir='ltr'><strong>ictum</strong></span> <span class='ocrx_word' id='word_1_176' title='bbox 1112 2776 1209 2842; x_wconf 84' lang='lat' dir='ltr'><strong>cudit.</strong></span> 
     </span>
    </p>

    <p class='ocr_par' dir='ltr' id='par_1_11' title="bbox 189 2875 1298 3039">
     <span class='ocr_line' id='line_1_26' title="bbox 235 2875 1298 2964; baseline 0.007 -27"><span class='ocrx_word' id='word_1_177' title='bbox 235 2876 308 2939; x_wconf 91' lang='lat'>186.</span> <span class='ocrx_word' id='word_1_178' title='bbox 331 2877 448 2957; x_wconf 86' lang='grc' dir='ltr'>ἥσυχον</span> <span class='ocrx_word' id='word_1_179' title='bbox 461 2878 554 2940; x_wconf 83' lang='grc' dir='ltr'>ὕπνου</span> <span class='ocrx_word' id='word_1_180' title='bbox 568 2875 658 2957; x_wconf 82' lang='grc' dir='ltr'>χάριν</span> <span class='ocrx_word' id='word_1_181' title='bbox 672 2875 818 2956; x_wconf 72' lang='grc' dir='ltr'>παρέξεις,</span> <span class='ocrx_word' id='word_1_182' title='bbox 834 2878 924 2960; x_wconf 89' lang='grc' dir='ltr'>φίλα]</span> <span class='ocrx_word' id='word_1_183' title='bbox 943 2877 1098 2964; x_wconf 82' lang='lat' dir='ltr'><strong>Tripodia</strong></span> <span class='ocrx_word' id='word_1_184' title='bbox 1112 2879 1249 2945; x_wconf 81' lang='lat' dir='ltr'><strong>iambica</strong></span> <span class='ocrx_word' id='word_1_185' title='bbox 1265 2895 1298 2944; x_wconf 85' lang='lat' dir='ltr'><strong>et</strong></span> 
     </span>
     <span class='ocr_line' id='line_1_27' title="bbox 189 2975 937 3039; baseline 0.005 -1"><span class='ocrx_word' id='word_1_186' title='bbox 189 2975 364 3039; x_wconf 86' lang='lat' dir='ltr'><strong>dochmius.</strong></span> <span class='ocrx_word' id='word_1_187' title='bbox 934 3017 937 3024; x_wconf 91' lang='lat'>·</span> 
     </span>
    </p>

    <p class='ocr_par' dir='ltr' id='par_1_12' title="bbox 193 3076 1297 3262">
     <span class='ocr_line' id='line_1_28' title="bbox 231 3076 1297 3160; baseline 0.005 -19"><span class='ocrx_word' id='word_1_188' title='bbox 231 3076 320 3160; x_wconf 87' lang='grc' dir='ltr'>χάριν</span> <span class='ocrx_word' id='word_1_189' title='bbox 343 3077 519 3142; x_wconf 86' lang='lat' dir='ltr'><strong>scholiasta.</strong></span> <span class='ocrx_word' id='word_1_190' title='bbox 565 3076 655 3142; x_wconf 82' lang='lat' dir='ltr'><strong>Libri</strong></span> <span class='ocrx_word' id='word_1_191' title='bbox 677 3077 784 3160; x_wconf 87' lang='grc' dir='ltr'>χαράν.</span> <span class='ocrx_word' id='word_1_192' title='bbox 831 3078 921 3141; x_wconf 87' lang='lat' dir='ltr'><strong>Idem</strong></span> <span class='ocrx_word' id='word_1_193' title='bbox 937 3077 1048 3142; x_wconf 89' lang='lat' dir='ltr'><strong>vitium</strong></span> <span class='ocrx_word' id='word_1_194' title='bbox 1069 3081 1250 3147; x_wconf 84' lang='lat' dir='ltr'><strong>notavimus</strong></span> <span class='ocrx_word' id='word_1_195' title='bbox 1266 3106 1297 3146; x_wconf 89' lang='lat' dir='ltr'><strong>v.</strong></span> 
     </span>
     <span class='ocr_line' id='line_1_29' title="bbox 193 3198 264 3262; baseline 0 -21"><span class='ocrx_word' id='word_1_196' title='bbox 193 3198 264 3262; x_wconf 86' lang='lat'>159.</span> 
     </span>
    </p>

    <p class='ocr_par' dir='ltr' id='par_1_13' title="bbox 232 3278 1106 3365">
     <span class='ocr_line' id='line_1_30' title="bbox 232 3278 1106 3365; baseline 0 -20"><span class='ocrx_word' id='word_1_197' title='bbox 232 3285 311 3361; x_wconf 86' lang='grc' dir='ltr'>φίλα</span> <span class='ocrx_word' id='word_1_198' title='bbox 324 3278 444 3365; x_wconf 87' lang='lat' dir='ltr'><strong>aliquot</strong></span> <span class='ocrx_word' id='word_1_199' title='bbox 458 3279 590 3343; x_wconf 85' lang='lat' dir='ltr'><strong>codices.</strong></span> <span class='ocrx_word' id='word_1_200' title='bbox 635 3278 784 3365; x_wconf 86' lang='lat' dir='ltr'><strong>Plerique</strong></span> <span class='ocrx_word' id='word_1_201' title='bbox 799 3302 869 3343; x_wconf 89' lang='lat' dir='ltr'><strong>cum</strong></span> <span class='ocrx_word' id='word_1_202' title='bbox 885 3279 961 3344; x_wconf 87' lang='lat' dir='ltr'><strong>Ald.</strong></span> <span class='ocrx_word' id='word_1_203' title='bbox 977 3279 1001 3344; x_wconf 76' lang='grc' dir='ltr'><em>ὦ</em></span> <span class='ocrx_word' id='word_1_204' title='bbox 1016 3283 1106 3363; x_wconf 89' lang='grc' dir='ltr'>φίλα.</span> 
     </span>
    </p>

    <p class='ocr_par' dir='ltr' id='par_1_14' title="bbox 190 3379 1297 3567">
     <span class='ocr_line' id='line_1_31' title="bbox 235 3379 1297 3471; baseline 0.008 -28"><span class='ocrx_word' id='word_1_205' title='bbox 235 3382 305 3443; x_wconf 90' lang='grc'>188.</span> <span class='ocrx_word' id='word_1_206' title='bbox 322 3380 469 3444; x_wconf 85' lang='lat' dir='ltr'><strong>Alterum</strong></span> <span class='ocrx_word' id='word_1_207' title='bbox 494 3386 596 3444; x_wconf 82' lang='grc' dir='ltr'>θανεῖν</span> <span class='ocrx_word' id='word_1_208' title='bbox 613 3379 736 3444; x_wconf 81' lang='lat' dir='ltr'><strong>addidit</strong></span> <span class='ocrx_word' id='word_1_209' title='bbox 752 3379 976 3444; x_wconf 88' lang='lat' dir='ltr'><strong>Lachmannus</strong></span> <span class='ocrx_word' id='word_1_210' title='bbox 996 3382 1038 3446; x_wconf 89' lang='lat' dir='ltr'><strong>de</strong></span> <span class='ocrx_word' id='word_1_211' title='bbox 1060 3404 1190 3471; x_wconf 79' lang='lat' dir='ltr'><strong>system.</strong></span> <span class='ocrx_word' id='word_1_212' title='bbox 1208 3385 1297 3451; x_wconf 84' lang='lat' dir='ltr'><strong>ebor.</strong></span> 
     </span>
     <span class='ocr_line' id='line_1_32' title="bbox 190 3500 312 3567; baseline -0.041 0"><span class='ocrx_word' id='word_1_213' title='bbox 190 3500 312 3567; x_wconf 58' lang='lat'><strong>12247·</strong></span> 
     </span>
    </p>

    <p class='ocr_par' dir='ltr' id='par_1_15' title="bbox 188 3578 1297 3869">
     <span class='ocr_line' id='line_1_33' title="bbox 236 3578 1297 3670; baseline 0.008 -26"><span class='ocrx_word' id='word_1_214' title='bbox 236 3584 315 3645; x_wconf 87' lang='grc' dir='ltr'>άλλο</span> <span class='ocrx_word' id='word_1_215' title='bbox 330 3581 496 3644; x_wconf 87' lang='lat' dir='ltr'><strong>duodecim</strong></span> <span class='ocrx_word' id='word_1_216' title='bbox 508 3579 611 3656; x_wconf 85' lang='lat' dir='ltr'><strong>codd,</strong></span> <span class='ocrx_word' id='word_1_217' title='bbox 624 3578 782 3664; x_wconf 87' lang='lat' dir='ltr'><strong>adscripto</strong></span> <span class='ocrx_word' id='word_1_218' title='bbox 791 3580 820 3642; x_wconf 91' lang='lat' dir='ltr'><strong>in</strong></span> <span class='ocrx_word' id='word_1_219' title='bbox 838 3603 900 3644; x_wconf 91' lang='lat' dir='ltr'><strong>uno</strong></span> <span class='ocrx_word' id='word_1_220' title='bbox 914 3582 1077 3670; x_wconf 88' lang='lat' dir='ltr'><strong>alteroque</strong></span> <span class='ocrx_word' id='word_1_221' title='bbox 1092 3587 1187 3655; x_wconf 79' lang='grc' dir='ltr'>εἶπας.</span> <span class='ocrx_word' id='word_1_222' title='bbox 1216 3592 1297 3653; x_wconf 87' lang='grc' dir='ltr'>όλλο</span> 
     </span>
     <span class='ocr_line' id='line_1_34' title="bbox 189 3681 1293 3777; baseline 0.007 -31"><span class='ocrx_word' id='word_1_223' title='bbox 189 3681 216 3763; x_wconf 89' lang='grc' dir='ltr'><strong>γ’</strong></span> <span class='ocrx_word' id='word_1_224' title='bbox 230 3684 267 3746; x_wconf 92' lang='grc' dir='ltr'><strong>Β.</strong></span> <span class='ocrx_word' id='word_1_225' title='bbox 283 3696 315 3746; x_wconf 89' lang='lat' dir='ltr'><strong>et</strong></span> <span class='ocrx_word' id='word_1_226' title='bbox 330 3695 482 3767; x_wconf 85' lang='lat' dir='ltr'><strong>quattuor</strong></span> <span class='ocrx_word' id='word_1_227' title='bbox 497 3681 559 3744; x_wconf 83' lang='lat' dir='ltr'><strong>alii.</strong></span> <span class='ocrx_word' id='word_1_228' title='bbox 584 3683 661 3744; x_wconf 82' lang='grc' dir='ltr'>ἄλλο</span> <span class='ocrx_word' id='word_1_229' title='bbox 678 3681 706 3762; x_wconf 83' lang='grc' dir='ltr'><strong>γ’</strong></span> <span class='ocrx_word' id='word_1_230' title='bbox 723 3682 807 3748; x_wconf 81' lang='grc' dir='ltr'>εἴπας</span> <span class='ocrx_word' id='word_1_231' title='bbox 819 3684 865 3745; x_wconf 90' lang='grc' dir='ltr'><strong>Η.</strong></span> <span class='ocrx_word' id='word_1_232' title='bbox 883 3683 947 3765; x_wconf 83' lang='lat' dir='ltr'><strong>(hic</strong></span> <span class='ocrx_word' id='word_1_233' title='bbox 962 3712 985 3748; x_wconf 85' lang='grc' dir='ltr'>ο</span> <span class='ocrx_word' id='word_1_234' title='bbox 1001 3709 1099 3771; x_wconf 85' lang='lat' dir='ltr'><strong>supra</strong></span> <span class='ocrx_word' id='word_1_235' title='bbox 1113 3714 1149 3755; x_wconf 91' lang='grc' dir='ltr'><strong>ας</strong></span> <span class='ocrx_word' id='word_1_236' title='bbox 1164 3691 1293 3777; x_wconf 81' lang='lat' dir='ltr'><strong>scripto)</strong></span> 
     </span>
     <span class='ocr_line' id='line_1_35' title="bbox 188 3782 1257 3869; baseline 0.008 -23"><span class='ocrx_word' id='word_1_237' title='bbox 188 3798 385 3869; x_wconf 87' lang='lat' dir='ltr'><strong>etquattuor</strong></span> <span class='ocrx_word' id='word_1_238' title='bbox 400 3783 461 3848; x_wconf 89' lang='lat' dir='ltr'><strong>alii.</strong></span> <span class='ocrx_word' id='word_1_239' title='bbox 477 3786 556 3848; x_wconf 84' lang='grc' dir='ltr'>άλλο</span> <span class='ocrx_word' id='word_1_240' title='bbox 572 3782 598 3863; x_wconf 88' lang='grc' dir='ltr'><strong>γ’</strong></span> <span class='ocrx_word' id='word_1_241' title='bbox 616 3787 709 3850; x_wconf 80' lang='grc' dir='ltr'>εἴποις</span> <span class='ocrx_word' id='word_1_242' title='bbox 725 3783 811 3846; x_wconf 81' lang='lat' dir='ltr'><strong>Flor.</strong></span> <span class='ocrx_word' id='word_1_243' title='bbox 828 3807 920 3847; x_wconf 90' lang='lat' dir='ltr'><strong>unus.</strong></span> <span class='ocrx_word' id='word_1_244' title='bbox 950 3788 1029 3850; x_wconf 85' lang='grc' dir='ltr'>άλλο</span> <span class='ocrx_word' id='word_1_245' title='bbox 1045 3787 1072 3868; x_wconf 92' lang='grc' dir='ltr'><strong>γ’</strong></span> <span class='ocrx_word' id='word_1_246' title='bbox 1090 3792 1163 3853; x_wconf 77' lang='grc' dir='ltr'>εἶπα</span> <span class='ocrx_word' id='word_1_247' title='bbox 1180 3790 1257 3856; x_wconf 84' lang='lat' dir='ltr'><strong>Ald.</strong></span> 
     </span>
    </p>

    <p class='ocr_par' dir='ltr' id='par_1_16' title="bbox 188 3884 1299 4171">
     <span class='ocr_line' id='line_1_36' title="bbox 236 3884 1295 3969; baseline 0.01 -23"><span class='ocrx_word' id='word_1_248' title='bbox 236 3887 305 3967; x_wconf 89' lang='lat'>189.</span> <span class='ocrx_word' id='word_1_249' title='bbox 328 3887 396 3948; x_wconf 77' lang='grc' dir='ltr'>οὐδὲ</span> <span class='ocrx_word' id='word_1_250' title='bbox 418 3886 488 3967; x_wconf 73' lang='grc' dir='ltr'>γὰρ]</span> <span class='ocrx_word' id='word_1_251' title='bbox 510 3884 653 3966; x_wconf 84' lang='lat' dir='ltr'><strong>Creticus</strong></span> <span class='ocrx_word' id='word_1_252' title='bbox 676 3907 733 3969; x_wconf 81' lang='lat' dir='ltr'><strong>pro</strong></span> <span class='ocrx_word' id='word_1_253' title='bbox 755 3884 898 3960; x_wconf 88' lang='lat' dir='ltr'><strong>molosso,</strong></span> <span class='ocrx_word' id='word_1_254' title='bbox 918 3887 1038 3951; x_wconf 88' lang='lat' dir='ltr'><strong>vitiose.</strong></span> <span class='ocrx_word' id='word_1_255' title='bbox 1085 3890 1295 3957; x_wconf 81' lang='lat' dir='ltr'><strong>Scribendunt</strong></span> 
     </span>
     <span class='ocr_line' id='line_1_37' title="bbox 188 3984 1299 4076; baseline 0.01 -28"><span class='ocrx_word' id='word_1_256' title='bbox 188 3986 223 4048; x_wconf 86' lang='grc' dir='ltr'><strong>οὐ</strong></span> <span class='ocrx_word' id='word_1_257' title='bbox 240 3985 275 4062; x_wconf 74' lang='grc' dir='ltr'><strong>δὴ</strong></span> <span class='ocrx_word' id='word_1_258' title='bbox 289 3985 357 4064; x_wconf 87' lang='grc' dir='ltr'>γάρ.</span> <span class='ocrx_word' id='word_1_259' title='bbox 396 3986 510 4069; x_wconf 88' lang='lat' dir='ltr'><strong>Neque</strong></span> <span class='ocrx_word' id='word_1_260' title='bbox 524 3984 606 4048; x_wconf 86' lang='lat' dir='ltr'><strong>enim</strong></span> <span class='ocrx_word' id='word_1_261' title='bbox 622 3984 695 4047; x_wconf 84' lang='lat' dir='ltr'><strong>ferri</strong></span> <span class='ocrx_word' id='word_1_262' title='bbox 710 4008 799 4069; x_wconf 80' lang='lat' dir='ltr'><strong>posse</strong></span> <span class='ocrx_word' id='word_1_263' title='bbox 813 3985 938 4049; x_wconf 82' lang='lat' dir='ltr'><strong>videtur</strong></span> <span class='ocrx_word' id='word_1_264' title='bbox 953 3988 1040 4072; x_wconf 92' lang='lat' dir='ltr'><strong>quod</strong></span> <span class='ocrx_word' id='word_1_265' title='bbox 1055 3991 1189 4076; x_wconf 83' lang='lat' dir='ltr'><strong>conjecit</strong></span> <span class='ocrx_word' id='word_1_266' title='bbox 1204 3995 1299 4058; x_wconf 83' lang='lat' dir='ltr'><strong>Mus-</strong></span> 
     </span>
     <span class='ocr_line' id='line_1_38' title="bbox 189 4085 501 4171; baseline -0.006 -23"><span class='ocrx_word' id='word_1_267' title='bbox 189 4085 316 4171; x_wconf 84' lang='lat' dir='ltr'><strong>gravius</strong></span> <span class='ocrx_word' id='word_1_268' title='bbox 330 4087 417 4149; x_wconf 75' lang='grc' dir='ltr'>οὐδέν</span> <span class='ocrx_word' id='word_1_269' title='bbox 432 4086 501 4166; x_wconf 87' lang='grc' dir='ltr'>γάρ.</span> 
     </span>
    </p>

    <p class='ocr_par' dir='ltr' id='par_1_17' title="bbox 236 4184 1296 4278">
     <span class='ocr_line' id='line_1_39' title="bbox 236 4184 1296 4278; baseline 0.01 -29"><span class='ocrx_word' id='word_1_270' title='bbox 236 4204 308 4269; x_wconf 84' lang='lat'>192.</span> <span class='ocrx_word' id='word_1_271' title='bbox 331 4186 411 4268; x_wconf 80' lang='grc' dir='ltr'>δοὺς]</span> <span class='ocrx_word' id='word_1_272' title='bbox 438 4184 490 4248; x_wconf 89' lang='lat' dir='ltr'><strong>Sic</strong></span> <span class='ocrx_word' id='word_1_273' title='bbox 512 4186 623 4248; x_wconf 80' lang='grc' dir='ltr'>ἔδοσαν</span> <span class='ocrx_word' id='word_1_274' title='bbox 644 4184 684 4247; x_wconf 91' lang='lat' dir='ltr'><strong>de</strong></span> <span class='ocrx_word' id='word_1_275' title='bbox 708 4185 850 4249; x_wconf 87' lang='lat' dir='ltr'><strong>vaticinio</strong></span> <span class='ocrx_word' id='word_1_276' title='bbox 872 4187 990 4252; x_wconf 90' lang='lat' dir='ltr'><strong>dictum</strong></span> <span class='ocrx_word' id='word_1_277' title='bbox 1015 4190 1070 4254; x_wconf 87' lang='lat' dir='ltr'><strong>El.</strong></span> <span class='ocrx_word' id='word_1_278' title='bbox 1087 4212 1180 4278; x_wconf 82' lang='lat'>1304.</span> <span class='ocrx_word' id='word_1_279' title='bbox 1204 4198 1296 4264; x_wconf 69' lang='lat' dir='ltr'><strong>rtsa’</strong></span> 
     </span>
    </p>
   </div>
   <div class='ocr_carea' id='block_1_3' title="bbox 191 4284 1295 4452">
    <p class='ocr_par' dir='ltr' id='par_1_18' title="bbox 191 4284 1295 4452">
     <span class='ocr_line' id='line_1_40' title="bbox 191 4284 1295 4376; baseline 0.011 -25"><span class='ocrx_word' id='word_1_280' title='bbox 191 4286 233 4366; x_wconf 83' lang='grc' dir='ltr'><strong>ἔμ’</strong></span> <span class='ocrx_word' id='word_1_281' title='bbox 259 4284 430 4356; x_wconf 86' lang='grc' dir='ltr'>Ἀπόλλων,</span> <span class='ocrx_word' id='word_1_282' title='bbox 455 4291 535 4348; x_wconf 84' lang='grc' dir='ltr'>ποῖοι</span> <span class='ocrx_word' id='word_1_283' title='bbox 563 4287 844 4365; x_wconf 81' lang='grc' dir='ltr'>χρησμοὶ-φονίαν</span> <span class='ocrx_word' id='word_1_284' title='bbox 873 4288 984 4354; x_wconf 77' lang='grc' dir='ltr'>ἔδοσαν</span> <span class='ocrx_word' id='word_1_285' title='bbox 1008 4295 1096 4373; x_wconf 81' lang='grc' dir='ltr'>μητρὶ</span> <span class='ocrx_word' id='word_1_286' title='bbox 1124 4294 1295 4376; x_wconf 59' lang='grc' dir='ltr'>γενέσθω</span> 
     </span>
     <span class='ocr_line' id='line_1_41' title="bbox 192 4387 336 4452; baseline -0.007 -1"><span class='ocrx_word' id='word_1_287' title='bbox 192 4387 336 4452; x_wconf 90' lang='lat' dir='ltr'>MUSG.</span> 
     </span>
    </p>
   </div>
   <div class='ocr_carea' id='block_1_4' title="bbox 0 0 1436 4914">
    <p class='ocr_par' dir='ltr' id='par_1_19' title="bbox 0 0 1436 4914">
     <span class='ocr_line' id='line_1_42' title="bbox 0 0 1436 4914; baseline 0 1"><span class='ocrx_word' id='word_1_288' title='bbox 0 0 1436 4914; x_wconf 95' lang='lat' dir='ltr'><strong> </strong></span> 
     </span>
    </p>
   </div>
  </div>
 </body>
</html>
