<?xml version="1.0" encoding="UTF-8"?>
<!DOCTYPE html PUBLIC "-//W3C//DTD XHTML 1.0 Transitional//EN"
    "http://www.w3.org/TR/xhtml1/DTD/xhtml1-transitional.dtd">
<html xmlns="http://www.w3.org/1999/xhtml" xml:lang="en" lang="en">
 <head>
  <title>
</title>
<meta http-equiv="Content-Type" content="text/html;charset=utf-8" />
  <meta name='ocr-system' content='tesseract 3.04.00' />
  <meta name='ocr-capabilities' content='ocr_page ocr_carea ocr_par ocr_line ocrx_word'/>
</head>
<body>
  <div class='ocr_page' id='page_1' title='image "./tragoediaesuper01eurigoog_0212.png"; bbox 0 0 2864 4914; ppageno 0'>
   <div class='ocr_carea' id='block_1_1' title="bbox 549 313 1261 380">
    <p class='ocr_par' dir='ltr' id='par_1_1' title="bbox 549 313 1261 380">
     <span class='ocr_line' id='line_1_1' title="bbox 549 313 1261 380; baseline -0.003 -2"><span class='ocrx_word' id='word_1_1' title='bbox 549 315 617 379; x_wconf 89' lang='lat' dir='ltr'><strong>AD</strong></span> <span class='ocrx_word' id='word_1_2' title='bbox 640 314 866 380; x_wconf 86' lang='lat' dir='ltr'>MEDEAM.</span> <span class='ocrx_word' id='word_1_3' title='bbox 1195 313 1261 377; x_wconf 78' lang='lat'><strong>208</strong></span> 
     </span>
    </p>
   </div>
   <div class='ocr_carea' id='block_1_2' title="bbox 153 483 1263 4261">
    <p class='ocr_par' dir='ltr' id='par_1_2' title="bbox 155 483 1263 2006">
     <span class='ocr_line' id='line_1_2' title="bbox 156 483 1262 572; baseline -0.001 -23"><span class='ocrx_word' id='word_1_4' title='bbox 156 489 239 564; x_wconf 88' lang='grc' dir='ltr'>μιδος</span> <span class='ocrx_word' id='word_1_5' title='bbox 252 484 306 549; x_wconf 87' lang='grc' dir='ltr'>τδν</span> <span class='ocrx_word' id='word_1_6' title='bbox 321 487 381 551; x_wconf 84' lang='grc' dir='ltr'><strong>Δία</strong></span> <span class='ocrx_word' id='word_1_7' title='bbox 395 486 489 568; x_wconf 79' lang='grc' dir='ltr'>φησὶν</span> <span class='ocrx_word' id='word_1_8' title='bbox 504 486 595 567; x_wconf 68' lang='grc' dir='ltr'>αὐτὴν</span> <span class='ocrx_word' id='word_1_9' title='bbox 611 488 872 569; x_wconf 73' lang='grc' dir='ltr'>έπιμαρτθρασθοι.</span> <span class='ocrx_word' id='word_1_10' title='bbox 910 484 1021 572; x_wconf 82' lang='lat' dir='ltr'><strong>Hujus</strong></span> <span class='ocrx_word' id='word_1_11' title='bbox 1033 483 1109 549; x_wconf 91' lang='lat' dir='ltr'><strong>nodi</strong></span> <span class='ocrx_word' id='word_1_12' title='bbox 1123 498 1262 572; x_wconf 83' lang='lat' dir='ltr'><strong>quatuor</strong></span> 
     </span>
     <span class='ocr_line' id='line_1_3' title="bbox 157 586 1261 676; baseline 0 -26"><span class='ocrx_word' id='word_1_13' title='bbox 157 586 325 652; x_wconf 79' lang='lat' dir='ltr'>solutiones</span> <span class='ocrx_word' id='word_1_14' title='bbox 338 589 429 652; x_wconf 84' lang='lat' dir='ltr'><strong>affert</strong></span> <span class='ocrx_word' id='word_1_15' title='bbox 442 589 675 674; x_wconf 86' lang='lat' dir='ltr'><strong>grammaticus.</strong></span> <span class='ocrx_word' id='word_1_16' title='bbox 698 589 805 654; x_wconf 87' lang='lat' dir='ltr'><strong>Prima</strong></span> <span class='ocrx_word' id='word_1_17' title='bbox 820 605 866 655; x_wconf 89' lang='lat' dir='ltr'><strong>est</strong></span> <span class='ocrx_word' id='word_1_18' title='bbox 881 587 1069 676; x_wconf 84' lang='lat' dir='ltr'><strong>Apollodori</strong></span> <span class='ocrx_word' id='word_1_19' title='bbox 1084 587 1261 665; x_wconf 74' lang='lat' dir='ltr'>Tarsensis,</span> 
     </span>
     <span class='ocr_line' id='line_1_4' title="bbox 157 689 1263 776; baseline 0.001 -23"><span class='ocrx_word' id='word_1_20' title='bbox 157 689 212 776; x_wconf 92' lang='lat' dir='ltr'><strong>qui</strong></span> <span class='ocrx_word' id='word_1_21' title='bbox 228 690 355 754; x_wconf 67' lang='lat' dir='ltr'><strong>Medeae</strong></span> <span class='ocrx_word' id='word_1_22' title='bbox 377 690 579 755; x_wconf 92' lang='lat' dir='ltr'><strong>tribuendum</strong></span> <span class='ocrx_word' id='word_1_23' title='bbox 600 691 721 756; x_wconf 91' lang='lat' dir='ltr'><strong>censuit</strong></span> <span class='ocrx_word' id='word_1_24' title='bbox 735 715 766 756; x_wconf 89' lang='lat' dir='ltr'><strong>v.</strong></span> <span class='ocrx_word' id='word_1_25' title='bbox 781 695 851 770; x_wconf 77' lang='lat'>146.</span> <span class='ocrx_word' id='word_1_26' title='bbox 871 689 965 765; x_wconf 73' lang='lat' dir='ltr'><strong>&#39;‘Aler,</strong></span> <span class='ocrx_word' id='word_1_27' title='bbox 981 693 1004 754; x_wconf 81' lang='grc' dir='ltr'><strong><em>ὦ</em></strong></span> <span class='ocrx_word' id='word_1_28' title='bbox 1020 694 1079 754; x_wconf 82' lang='grc' dir='ltr'><strong>Ζεῦ</strong></span> <span class='ocrx_word' id='word_1_29' title='bbox 1093 690 1141 754; x_wconf 78' lang='grc' dir='ltr'><strong>καὶ</strong></span> <span class='ocrx_word' id='word_1_30' title='bbox 1158 694 1199 772; x_wconf 81' lang='grc' dir='ltr'><strong>γᾶ</strong></span> <span class='ocrx_word' id='word_1_31' title='bbox 1214 689 1263 754; x_wconf 72' lang='grc' dir='ltr'><strong>καὶ</strong></span> 
     </span>
     <span class='ocr_line' id='line_1_5' title="bbox 156 790 1260 880; baseline -0.005 -21"><span class='ocrx_word' id='word_1_32' title='bbox 156 798 230 874; x_wconf 79' lang='grc' dir='ltr'><strong>φῶς,</strong></span> <span class='ocrx_word' id='word_1_33' title='bbox 253 793 309 880; x_wconf 94' lang='lat' dir='ltr'><strong>qui</strong></span> <span class='ocrx_word' id='word_1_34' title='bbox 332 793 429 880; x_wconf 85' lang='lat' dir='ltr'><strong>vulgo</strong></span> <span class='ocrx_word' id='word_1_35' title='bbox 450 810 533 859; x_wconf 89' lang='lat' dir='ltr'><strong>recte</strong></span> <span class='ocrx_word' id='word_1_36' title='bbox 556 795 652 859; x_wconf 93' lang='lat' dir='ltr'><strong>choro</strong></span> <span class='ocrx_word' id='word_1_37' title='bbox 674 794 832 860; x_wconf 81' lang='lat' dir='ltr'>tribuitur.</span> <span class='ocrx_word' id='word_1_38' title='bbox 879 794 1024 859; x_wconf 86' lang='lat' dir='ltr'><strong>Secunda</strong></span> <span class='ocrx_word' id='word_1_39' title='bbox 1045 807 1092 858; x_wconf 90' lang='lat' dir='ltr'><strong>est</strong></span> <span class='ocrx_word' id='word_1_40' title='bbox 1113 790 1260 879; x_wconf 88' lang='lat' dir='ltr'>Didymi,</span> 
     </span>
     <span class='ocr_line' id='line_1_6' title="bbox 156 894 1260 981; baseline 0 -23"><span class='ocrx_word' id='word_1_41' title='bbox 156 894 257 980; x_wconf 89' lang='lat' dir='ltr'><strong>quiin</strong></span> <span class='ocrx_word' id='word_1_42' title='bbox 273 895 376 959; x_wconf 85' lang='lat' dir='ltr'><strong>verbis</strong></span> <span class='ocrx_word' id='word_1_43' title='bbox 390 896 439 960; x_wconf 85' lang='grc' dir='ltr'>διό</span> <span class='ocrx_word' id='word_1_44' title='bbox 451 924 509 977; x_wconf 89' lang='grc' dir='ltr'><strong>μου</strong></span> <span class='ocrx_word' id='word_1_45' title='bbox 527 903 660 979; x_wconf 79' lang='grc' dir='ltr'>κεφαλᾶς</span> <span class='ocrx_word' id='word_1_46' title='bbox 682 897 767 980; x_wconf 84' lang='grc' dir='ltr'>φλὸξ</span> <span class='ocrx_word' id='word_1_47' title='bbox 785 899 908 981; x_wconf 82' lang='grc' dir='ltr'>οὐρανία</span> <span class='ocrx_word' id='word_1_48' title='bbox 921 899 995 977; x_wconf 77' lang='grc' dir='ltr'>βαίη</span> <span class='ocrx_word' id='word_1_49' title='bbox 1009 920 1040 960; x_wconf 80' lang='grc' dir='ltr'><strong>ν.</strong></span> <span class='ocrx_word' id='word_1_50' title='bbox 1056 915 1128 981; x_wconf 85' lang='lat'>143.</span> <span class='ocrx_word' id='word_1_51' title='bbox 1144 897 1260 960; x_wconf 71' lang='lat' dir='ltr'><strong>«Iovem</strong></span> 
     </span>
     <span class='ocr_line' id='line_1_7' title="bbox 156 996 1261 1087; baseline 0.003 -28"><span class='ocrx_word' id='word_1_52' title='bbox 156 996 304 1083; x_wconf 83' lang='lat' dir='ltr'><strong>implicite</strong></span> <span class='ocrx_word' id='word_1_53' title='bbox 329 998 464 1062; x_wconf 87' lang='lat' dir='ltr'><strong>invocari</strong></span> <span class='ocrx_word' id='word_1_54' title='bbox 492 1001 632 1087; x_wconf 85' lang='lat' dir='ltr'><strong>putabat.</strong></span> <span class='ocrx_word' id='word_1_55' title='bbox 680 1002 760 1074; x_wconf 81' lang='lat' dir='ltr'><strong>Quis</strong></span> <span class='ocrx_word' id='word_1_56' title='bbox 785 1002 880 1080; x_wconf 78' lang='lat' dir='ltr'><strong>enim,</strong></span> <span class='ocrx_word' id='word_1_57' title='bbox 905 999 1108 1085; x_wconf 66' lang='grc' dir='ltr'>οἱῑ,ρ81θυιεττ</span> <span class='ocrx_word' id='word_1_58' title='bbox 1130 999 1166 1061; x_wconf 74' lang='lat' dir='ltr'><strong>in</strong></span> <span class='ocrx_word' id='word_1_59' title='bbox 1191 1019 1261 1062; x_wconf 84' lang='lat' dir='ltr'><strong>eam</strong></span> 
     </span>
     <span class='ocr_line' id='line_1_8' title="bbox 156 1100 1262 1189; baseline 0.004 -27"><span class='ocrx_word' id='word_1_60' title='bbox 156 1101 323 1165; x_wconf 73' lang='lat' dir='ltr'><strong>immittere</strong></span> <span class='ocrx_word' id='word_1_61' title='bbox 348 1111 483 1187; x_wconf 80' lang='lat' dir='ltr'><strong>poterat,</strong></span> <span class='ocrx_word' id='word_1_62' title='bbox 507 1104 573 1167; x_wconf 77' lang='lat' dir='ltr'><strong>nisi</strong></span> <span class='ocrx_word' id='word_1_63' title='bbox 598 1104 756 1189; x_wconf 75' lang='lat' dir='ltr'><strong>Jupiter?</strong></span> <span class='ocrx_word' id='word_1_64' title='bbox 792 1102 903 1167; x_wconf 86' lang='lat' dir='ltr'><strong>Tertia</strong></span> <span class='ocrx_word' id='word_1_65' title='bbox 928 1119 987 1180; x_wconf 88' lang='lat' dir='ltr'><strong>est,</strong></span> <span class='ocrx_word' id='word_1_66' title='bbox 1011 1100 1262 1187; x_wconf 80' lang='lat' dir='ltr'><strong>interrogationis</strong></span> 
     </span>
     <span class='ocr_line' id='line_1_9' title="bbox 157 1201 1261 1292; baseline 0.004 -28"><span class='ocrx_word' id='word_1_67' title='bbox 157 1201 280 1288; x_wconf 86' lang='lat' dir='ltr'><strong>signum</strong></span> <span class='ocrx_word' id='word_1_68' title='bbox 303 1221 373 1290; x_wconf 90' lang='lat' dir='ltr'><strong>post</strong></span> <span class='ocrx_word' id='word_1_69' title='bbox 396 1207 553 1284; x_wconf 77' lang='grc' dir='ltr'>ἐπιβοᾶται</span> <span class='ocrx_word' id='word_1_70' title='bbox 574 1205 754 1292; x_wconf 90' lang='lat' dir='ltr'><strong>ponendum</strong></span> <span class='ocrx_word' id='word_1_71' title='bbox 778 1229 856 1283; x_wconf 89' lang='lat' dir='ltr'><strong>esse,</strong></span> <span class='ocrx_word' id='word_1_72' title='bbox 872 1205 985 1269; x_wconf 89' lang='lat' dir='ltr'><strong>deinde</strong></span> <span class='ocrx_word' id='word_1_73' title='bbox 1007 1203 1261 1269; x_wconf 88' lang='lat' dir='ltr'><strong>subaudiendum</strong></span> 
     </span>
     <span class='ocr_line' id='line_1_10' title="bbox 156 1305 1260 1396; baseline 0.005 -29"><span class='ocrx_word' id='word_1_74' title='bbox 156 1305 273 1385; x_wconf 86' lang='grc' dir='ltr'>όμννμι,</span> <span class='ocrx_word' id='word_1_75' title='bbox 288 1306 377 1392; x_wconf 83' lang='lat' dir='ltr'><strong>quasi</strong></span> <span class='ocrx_word' id='word_1_76' title='bbox 393 1329 449 1393; x_wconf 88' lang='lat' dir='ltr'><strong>per</strong></span> <span class='ocrx_word' id='word_1_77' title='bbox 462 1307 594 1372; x_wconf 84' lang='lat' dir='ltr'><strong>Themin</strong></span> <span class='ocrx_word' id='word_1_78' title='bbox 612 1323 644 1372; x_wconf 92' lang='lat' dir='ltr'><strong>et</strong></span> <span class='ocrx_word' id='word_1_79' title='bbox 658 1311 773 1373; x_wconf 85' lang='lat' dir='ltr'><strong>Jovem</strong></span> <span class='ocrx_word' id='word_1_80' title='bbox 790 1308 879 1396; x_wconf 82' lang='lat' dir='ltr'><strong>juret</strong></span> <span class='ocrx_word' id='word_1_81' title='bbox 901 1307 1019 1383; x_wconf 90' lang='lat' dir='ltr'><strong>nutrix,</strong></span> <span class='ocrx_word' id='word_1_82' title='bbox 1037 1306 1184 1372; x_wconf 80' lang='lat' dir='ltr'><strong>Medeam</strong></span> <span class='ocrx_word' id='word_1_83' title='bbox 1204 1306 1260 1372; x_wconf 94' lang='lat' dir='ltr'><strong>diu</strong></span> 
     </span>
     <span class='ocr_line' id='line_1_11' title="bbox 156 1406 1262 1488; baseline 0.006 -19"><span class='ocrx_word' id='word_1_84' title='bbox 156 1406 264 1470; x_wconf 85' lang='lat' dir='ltr'><strong>iratam</strong></span> <span class='ocrx_word' id='word_1_85' title='bbox 288 1408 365 1473; x_wconf 82' lang='lat' dir='ltr'><strong>lore.</strong></span> <span class='ocrx_word' id='word_1_86' title='bbox 410 1413 560 1488; x_wconf 81' lang='lat' dir='ltr'><strong>Quartam</strong></span> <span class='ocrx_word' id='word_1_87' title='bbox 584 1410 768 1475; x_wconf 88' lang='lat' dir='ltr'><strong>solutionem</strong></span> <span class='ocrx_word' id='word_1_88' title='bbox 791 1410 901 1476; x_wconf 87' lang='lat' dir='ltr'><strong>ceteris</strong></span> <span class='ocrx_word' id='word_1_89' title='bbox 922 1409 1078 1474; x_wconf 90' lang='lat' dir='ltr'><strong>meliorem</strong></span> <span class='ocrx_word' id='word_1_90' title='bbox 1102 1409 1142 1473; x_wconf 91' lang='lat' dir='ltr'><strong>ad</strong></span> <span class='ocrx_word' id='word_1_91' title='bbox 1165 1410 1262 1476; x_wconf 85' lang='lat' dir='ltr'><strong>verba</strong></span> 
     </span>
     <span class='ocr_line' id='line_1_12' title="bbox 156 1511 1262 1600; baseline 0.008 -28"><span class='ocrx_word' id='word_1_92' title='bbox 156 1512 212 1573; x_wconf 87' lang='grc' dir='ltr'>τδν</span> <span class='ocrx_word' id='word_1_93' title='bbox 226 1511 323 1590; x_wconf 85' lang='grc' dir='ltr'>Ζηνὸς</span> <span class='ocrx_word' id='word_1_94' title='bbox 337 1514 440 1594; x_wconf 82' lang='grc' dir='ltr'>όρκίαν</span> <span class='ocrx_word' id='word_1_95' title='bbox 455 1513 552 1593; x_wconf 91' lang='grc' dir='ltr'>Θέμιν</span> <span class='ocrx_word' id='word_1_96' title='bbox 567 1537 598 1579; x_wconf 88' lang='grc' dir='ltr'><strong>ν.</strong></span> <span class='ocrx_word' id='word_1_97' title='bbox 614 1531 687 1599; x_wconf 84' lang='lat'>205.</span> <span class='ocrx_word' id='word_1_98' title='bbox 708 1514 797 1578; x_wconf 86' lang='lat' dir='ltr'><strong>affert</strong></span> <span class='ocrx_word' id='word_1_99' title='bbox 819 1512 1051 1600; x_wconf 85' lang='lat' dir='ltr'><strong>grammaticus,</strong></span> <span class='ocrx_word' id='word_1_100' title='bbox 1071 1513 1118 1577; x_wconf 89' lang='grc' dir='ltr'><strong>ότι</strong></span> <span class='ocrx_word' id='word_1_101' title='bbox 1139 1516 1187 1578; x_wconf 81' lang='grc' dir='ltr'>διδ</span> <span class='ocrx_word' id='word_1_102' title='bbox 1208 1517 1262 1594; x_wconf 78' lang='grc' dir='ltr'>τῆς</span> 
     </span>
     <span class='ocr_line' id='line_1_13' title="bbox 157 1613 1261 1696; baseline 0.001 -17"><span class='ocrx_word' id='word_1_103' title='bbox 157 1613 287 1694; x_wconf 86' lang='grc' dir='ltr'>Θέμιδος</span> <span class='ocrx_word' id='word_1_104' title='bbox 300 1616 354 1680; x_wconf 88' lang='grc' dir='ltr'>τὸν</span> <span class='ocrx_word' id='word_1_105' title='bbox 370 1619 430 1680; x_wconf 85' lang='grc' dir='ltr'><strong>Δία</strong></span> <span class='ocrx_word' id='word_1_106' title='bbox 446 1619 629 1692; x_wconf 77' lang='grc' dir='ltr'>ἐπεκαλεῖτο,</span> <span class='ocrx_word' id='word_1_107' title='bbox 645 1618 742 1682; x_wconf 79' lang='grc' dir='ltr'>διὰτὸ</span> <span class='ocrx_word' id='word_1_108' title='bbox 758 1618 834 1683; x_wconf 85' lang='grc' dir='ltr'>εἶναι</span> <span class='ocrx_word' id='word_1_109' title='bbox 849 1617 988 1696; x_wconf 67' lang='grc' dir='ltr'>Διδςτδν</span> <span class='ocrx_word' id='word_1_110' title='bbox 1004 1617 1111 1696; x_wconf 91' lang='grc' dir='ltr'>Θέμιν.</span> <span class='ocrx_word' id='word_1_111' title='bbox 1157 1617 1261 1680; x_wconf 92' lang='lat' dir='ltr'><strong>Nemo</strong></span> 
     </span>
     <span class='ocr_line' id='line_1_14' title="bbox 155 1715 1259 1807; baseline 0.005 -29"><span class='ocrx_word' id='word_1_112' title='bbox 155 1715 259 1795; x_wconf 90' lang='lat' dir='ltr'><strong>hodie,</strong></span> <span class='ocrx_word' id='word_1_113' title='bbox 275 1718 395 1803; x_wconf 85' lang='lat' dir='ltr'><strong>opinor,</strong></span> <span class='ocrx_word' id='word_1_114' title='bbox 412 1718 468 1783; x_wconf 84' lang='lat' dir='ltr'><strong>has</strong></span> <span class='ocrx_word' id='word_1_115' title='bbox 488 1720 596 1784; x_wconf 80' lang='lat' dir='ltr'><strong>turbas</strong></span> <span class='ocrx_word' id='word_1_116' title='bbox 611 1720 771 1801; x_wconf 85' lang='lat' dir='ltr'><strong>excitaret,</strong></span> <span class='ocrx_word' id='word_1_117' title='bbox 786 1743 888 1807; x_wconf 88' lang='lat' dir='ltr'><strong>neque</strong></span> <span class='ocrx_word' id='word_1_118' title='bbox 910 1744 976 1784; x_wconf 90' lang='lat' dir='ltr'><strong>eam</strong></span> <span class='ocrx_word' id='word_1_119' title='bbox 994 1718 1141 1806; x_wconf 91' lang='lat' dir='ltr'><strong>Euripidi</strong></span> <span class='ocrx_word' id='word_1_120' title='bbox 1164 1717 1259 1784; x_wconf 90' lang='lat' dir='ltr'><strong>licen·</strong></span> 
     </span>
     <span class='ocr_line' id='line_1_15' title="bbox 156 1818 1261 1907; baseline 0.006 -27"><span class='ocrx_word' id='word_1_121' title='bbox 156 1818 230 1881; x_wconf 84' lang='lat' dir='ltr'><strong>tiam</strong></span> <span class='ocrx_word' id='word_1_122' title='bbox 248 1836 384 1905; x_wconf 86' lang='lat' dir='ltr'><strong>negaret,</strong></span> <span class='ocrx_word' id='word_1_123' title='bbox 400 1844 473 1907; x_wconf 78' lang='lat' dir='ltr'><strong>quse</strong></span> <span class='ocrx_word' id='word_1_124' title='bbox 487 1822 663 1886; x_wconf 85' lang='lat' dir='ltr'><strong>oratoribus</strong></span> <span class='ocrx_word' id='word_1_125' title='bbox 683 1823 875 1901; x_wconf 89' lang='lat' dir='ltr'><strong>conceditur,</strong></span> <span class='ocrx_word' id='word_1_126' title='bbox 893 1839 928 1888; x_wconf 89' lang='lat' dir='ltr'><strong>ut</strong></span> <span class='ocrx_word' id='word_1_127' title='bbox 945 1838 1130 1887; x_wconf 84' lang='lat' dir='ltr'><strong>censeantur</strong></span> <span class='ocrx_word' id='word_1_128' title='bbox 1146 1821 1261 1887; x_wconf 84' lang='lat' dir='ltr'><strong>dixisse</strong></span> 
     </span>
     <span class='ocr_line' id='line_1_16' title="bbox 156 1921 616 2006; baseline 0.007 -23"><span class='ocrx_word' id='word_1_129' title='bbox 156 1921 241 2006; x_wconf 88' lang='lat' dir='ltr'><strong>quod</strong></span> <span class='ocrx_word' id='word_1_130' title='bbox 258 1944 320 1985; x_wconf 93' lang='lat' dir='ltr'><strong>non</strong></span> <span class='ocrx_word' id='word_1_131' title='bbox 336 1922 482 1987; x_wconf 85' lang='lat' dir='ltr'><strong>dixerint.</strong></span> <span class='ocrx_word' id='word_1_132' title='bbox 499 1925 616 1988; x_wconf 88' lang='lat' dir='ltr'>ELM.</span> 
     </span>
    </p>

    <p class='ocr_par' dir='ltr' id='par_1_3' title="bbox 157 2024 1261 2190">
     <span class='ocr_line' id='line_1_17' title="bbox 202 2024 1261 2113; baseline 0.004 -27"><span class='ocrx_word' id='word_1_133' title='bbox 202 2040 273 2106; x_wconf 90' lang='lat'>170.</span> <span class='ocrx_word' id='word_1_134' title='bbox 290 2024 423 2111; x_wconf 80' lang='grc' dir='ltr'>θνατοῖς]</span> <span class='ocrx_word' id='word_1_135' title='bbox 441 2025 646 2090; x_wconf 85' lang='lat' dir='ltr'><strong>Scn&#39;bendum</strong></span> <span class='ocrx_word' id='word_1_136' title='bbox 664 2032 781 2106; x_wconf 76' lang='grc' dir='ltr'>θνιγτοῖς</span> <span class='ocrx_word' id='word_1_137' title='bbox 795 2049 834 2090; x_wconf 84' lang='lat' dir='ltr'><strong>ex</strong></span> <span class='ocrx_word' id='word_1_138' title='bbox 849 2028 894 2090; x_wconf 92' lang='lat' dir='ltr'><strong>A.</strong></span> <span class='ocrx_word' id='word_1_139' title='bbox 911 2026 1042 2113; x_wconf 86' lang='lat' dir='ltr'><strong>aliisque</strong></span> <span class='ocrx_word' id='word_1_140' title='bbox 1057 2025 1214 2091; x_wconf 91' lang='lat' dir='ltr'><strong>nonnullis</strong></span> <span class='ocrx_word' id='word_1_141' title='bbox 1228 2040 1261 2090; x_wconf 90' lang='lat' dir='ltr'><strong>et</strong></span> 
     </span>
     <span class='ocr_line' id='line_1_18' title="bbox 157 2125 249 2190; baseline 0.011 -1"><span class='ocrx_word' id='word_1_142' title='bbox 157 2125 249 2190; x_wconf 87' lang='lat' dir='ltr'><strong>Lasc.</strong></span> 
     </span>
    </p>

    <p class='ocr_par' dir='ltr' id='par_1_4' title="bbox 202 2230 502 2313">
     <span class='ocr_line' id='line_1_19' title="bbox 202 2230 502 2313; baseline 0.01 -22"><span class='ocrx_word' id='word_1_143' title='bbox 202 2246 272 2312; x_wconf 88' lang='lat'>171.</span> <span class='ocrx_word' id='word_1_144' title='bbox 288 2230 353 2313; x_wconf 85' lang='grc' dir='ltr'>οὐκ]</span> <span class='ocrx_word' id='word_1_145' title='bbox 372 2231 441 2294; x_wconf 80' lang='grc' dir='ltr'><strong>κούκ</strong></span> <span class='ocrx_word' id='word_1_146' title='bbox 459 2233 502 2294; x_wconf 91' lang='grc' dir='ltr'><strong>Α.</strong></span> 
     </span>
    </p>

    <p class='ocr_par' dir='ltr' id='par_1_5' title="bbox 197 2331 638 2418">
     <span class='ocr_line' id='line_1_20' title="bbox 197 2331 638 2418; baseline 0.007 -24"><span class='ocrx_word' id='word_1_147' title='bbox 197 2331 303 2418; x_wconf 75' lang='grc' dir='ltr'>μικρῷ]</span> <span class='ocrx_word' id='word_1_148' title='bbox 320 2335 432 2418; x_wconf 70' lang='grc' dir='ltr'>σμικρῷ</span> <span class='ocrx_word' id='word_1_149' title='bbox 449 2332 519 2396; x_wconf 88' lang='lat' dir='ltr'><strong>libri</strong></span> <span class='ocrx_word' id='word_1_150' title='bbox 536 2332 638 2398; x_wconf 83' lang='lat' dir='ltr'><strong>multi.</strong></span> 
     </span>
    </p>

    <p class='ocr_par' dir='ltr' id='par_1_6' title="bbox 202 2434 1210 2521">
     <span class='ocr_line' id='line_1_21' title="bbox 202 2434 1210 2521; baseline 0.002 -24"><span class='ocrx_word' id='word_1_151' title='bbox 202 2436 271 2516; x_wconf 92' lang='lat'>178.</span> <span class='ocrx_word' id='word_1_152' title='bbox 287 2436 537 2516; x_wconf 79' lang='grc' dir='ltr'>μήτοι-ἀπέστω</span> <span class='ocrx_word' id='word_1_153' title='bbox 553 2436 665 2501; x_wconf 92' lang='lat' dir='ltr'><strong>nutrici</strong></span> <span class='ocrx_word' id='word_1_154' title='bbox 683 2435 830 2500; x_wconf 89' lang='lat' dir='ltr'><strong>tribuunt</strong></span> <span class='ocrx_word' id='word_1_155' title='bbox 844 2434 927 2513; x_wconf 92' lang='lat' dir='ltr'><strong>libri,</strong></span> <span class='ocrx_word' id='word_1_156' title='bbox 944 2457 1008 2498; x_wconf 93' lang='lat' dir='ltr'><strong>uno</strong></span> <span class='ocrx_word' id='word_1_157' title='bbox 1022 2450 1154 2521; x_wconf 86' lang='lat' dir='ltr'><strong>excepto</strong></span> <span class='ocrx_word' id='word_1_158' title='bbox 1170 2436 1210 2500; x_wconf 93' lang='lat' dir='ltr'><strong>B.</strong></span> 
     </span>
    </p>

    <p class='ocr_par' dir='ltr' id='par_1_7' title="bbox 154 2535 1261 3035">
     <span class='ocr_line' id='line_1_22' title="bbox 202 2535 1259 2625; baseline 0.002 -26"><span class='ocrx_word' id='word_1_159' title='bbox 202 2537 271 2601; x_wconf 84' lang='lat'>182.</span> <span class='ocrx_word' id='word_1_160' title='bbox 296 2539 373 2601; x_wconf 90' lang='lat' dir='ltr'><strong>Post</strong></span> <span class='ocrx_word' id='word_1_161' title='bbox 395 2540 473 2620; x_wconf 75' lang='grc' dir='ltr'>φίλα</span> <span class='ocrx_word' id='word_1_162' title='bbox 492 2539 721 2625; x_wconf 88' lang='lat' dir='ltr'><strong>interpungunt</strong></span> <span class='ocrx_word' id='word_1_163' title='bbox 736 2538 818 2615; x_wconf 94' lang='lat' dir='ltr'><strong>libri,</strong></span> <span class='ocrx_word' id='word_1_164' title='bbox 836 2551 871 2602; x_wconf 91' lang='lat' dir='ltr'><strong>ut</strong></span> <span class='ocrx_word' id='word_1_165' title='bbox 890 2560 946 2623; x_wconf 90' lang='lat' dir='ltr'><strong>pro</strong></span> <span class='ocrx_word' id='word_1_166' title='bbox 963 2535 1103 2600; x_wconf 85' lang='lat' dir='ltr'><strong>vocativo</strong></span> <span class='ocrx_word' id='word_1_167' title='bbox 1118 2538 1194 2618; x_wconf 78' lang='grc' dir='ltr'>φίλη</span> <span class='ocrx_word' id='word_1_168' title='bbox 1207 2559 1259 2602; x_wconf 85' lang='lat' dir='ltr'><strong>ac·</strong></span> 
     </span>
     <span class='ocr_line' id='line_1_23' title="bbox 154 2638 1261 2728; baseline 0 -25"><span class='ocrx_word' id='word_1_169' title='bbox 154 2639 271 2726; x_wconf 81' lang='lat' dir='ltr'><strong>cepisse</strong></span> <span class='ocrx_word' id='word_1_170' title='bbox 285 2640 462 2720; x_wconf 77' lang='lat' dir='ltr'><strong>videantur,</strong></span> <span class='ocrx_word' id='word_1_171' title='bbox 477 2657 585 2705; x_wconf 87' lang='lat' dir='ltr'><strong>contra</strong></span> <span class='ocrx_word' id='word_1_172' title='bbox 600 2641 690 2705; x_wconf 88' lang='lat' dir='ltr'><strong>metri</strong></span> <span class='ocrx_word' id='word_1_173' title='bbox 710 2641 822 2728; x_wconf 86' lang='lat' dir='ltr'><strong>legem.</strong></span> <span class='ocrx_word' id='word_1_174' title='bbox 868 2641 928 2703; x_wconf 85' lang='lat' dir='ltr'><strong>Est</strong></span> <span class='ocrx_word' id='word_1_175' title='bbox 950 2654 1096 2703; x_wconf 89' lang='lat' dir='ltr'><strong>neutrum</strong></span> <span class='ocrx_word' id='word_1_176' title='bbox 1120 2638 1261 2726; x_wconf 77' lang='lat' dir='ltr'><strong>pluralis,</strong></span> 
     </span>
     <span class='ocr_line' id='line_1_24' title="bbox 157 2742 1261 2830; baseline 0.001 -25"><span class='ocrx_word' id='word_1_177' title='bbox 157 2745 205 2806; x_wconf 86' lang='grc' dir='ltr'><strong>καὶ</strong></span> <span class='ocrx_word' id='word_1_178' title='bbox 226 2743 389 2829; x_wconf 85' lang='lat' dir='ltr'><strong>particule,</strong></span> <span class='ocrx_word' id='word_1_179' title='bbox 413 2767 487 2830; x_wconf 87' lang='lat' dir='ltr'><strong>quae</strong></span> <span class='ocrx_word' id='word_1_180' title='bbox 508 2760 582 2808; x_wconf 85' lang='lat' dir='ltr'><strong>ante</strong></span> <span class='ocrx_word' id='word_1_181' title='bbox 603 2746 681 2826; x_wconf 79' lang='grc' dir='ltr'>φίλα</span> <span class='ocrx_word' id='word_1_182' title='bbox 703 2743 846 2808; x_wconf 87' lang='lat' dir='ltr'><strong>collocari</strong></span> <span class='ocrx_word' id='word_1_183' title='bbox 867 2742 1014 2821; x_wconf 92' lang='lat' dir='ltr'><strong>debebat,</strong></span> <span class='ocrx_word' id='word_1_184' title='bbox 1038 2743 1127 2807; x_wconf 87' lang='lat' dir='ltr'><strong>metri</strong></span> <span class='ocrx_word' id='word_1_185' title='bbox 1152 2765 1261 2807; x_wconf 84' lang='lat' dir='ltr'><strong>cuttssn</strong></span> 
     </span>
     <span class='ocr_line' id='line_1_25' title="bbox 156 2845 1260 2997; baseline 0.003 -90"><span class='ocrx_word' id='word_1_186' title='bbox 156 2845 336 2930; x_wconf 84' lang='lat' dir='ltr'><strong>postposita</strong></span> <span class='ocrx_word' id='word_1_187' title='bbox 382 2846 475 2924; x_wconf 85' lang='lat' dir='ltr'><strong>Quod</strong></span> <span class='ocrx_word' id='word_1_188' title='bbox 506 2848 683 2934; x_wconf 84' lang='lat' dir='ltr'><strong>exemplum</strong></span> <span class='ocrx_word' id='word_1_189' title='bbox 715 2846 843 2911; x_wconf 85' lang='lat' dir='ltr'><strong>accedat</strong></span> <span class='ocrx_word' id='word_1_190' title='bbox 873 2845 1025 2911; x_wconf 87' lang='lat' dir='ltr'><strong>similibus</strong></span> <span class='ocrx_word' id='word_1_191' title='bbox 1053 2869 1126 2933; x_wconf 87' lang='lat' dir='ltr'><strong>quae</strong></span> <span class='ocrx_word' id='word_1_192' title='bbox 1149 2845 1260 2997; x_wconf 79' lang='lat' dir='ltr'><strong>collegi</strong></span> 
     </span>
     <span class='ocr_line' id='line_1_26' title="bbox 155 2946 568 3035; baseline 0.002 -26"><span class='ocrx_word' id='word_1_193' title='bbox 155 2947 196 3009; x_wconf 88' lang='lat' dir='ltr'><strong>ad</strong></span> <span class='ocrx_word' id='word_1_194' title='bbox 211 2946 378 3035; x_wconf 89' lang='lat' dir='ltr'><strong>Aristoph.</strong></span> <span class='ocrx_word' id='word_1_195' title='bbox 395 2948 478 3012; x_wconf 86' lang='lat' dir='ltr'><strong>Ach.</strong></span> <span class='ocrx_word' id='word_1_196' title='bbox 497 2950 568 3029; x_wconf 84' lang='lat'><strong>884</strong></span> 
     </span>
    </p>

    <p class='ocr_par' dir='ltr' id='par_1_8' title="bbox 155 3050 1260 3241">
     <span class='ocr_line' id='line_1_27' title="bbox 199 3050 1260 3138; baseline 0.002 -24"><span class='ocrx_word' id='word_1_197' title='bbox 199 3056 333 3114; x_wconf 81' lang='grc' dir='ltr'>σπεῦσον</span> <span class='ocrx_word' id='word_1_198' title='bbox 348 3050 382 3114; x_wconf 93' lang='grc' dir='ltr'><strong>δέ</strong></span> <span class='ocrx_word' id='word_1_199' title='bbox 396 3077 424 3114; x_wconf 91' lang='grc' dir='ltr'><strong>τι</strong></span> <span class='ocrx_word' id='word_1_200' title='bbox 438 3058 508 3133; x_wconf 80' lang='grc' dir='ltr'>πρὶν</span> <span class='ocrx_word' id='word_1_201' title='bbox 524 3052 737 3116; x_wconf 84' lang='lat' dir='ltr'><strong>Hermannus.</strong></span> <span class='ocrx_word' id='word_1_202' title='bbox 782 3050 967 3138; x_wconf 85' lang='lat' dir='ltr'><strong>Legebatur</strong></span> <span class='ocrx_word' id='word_1_203' title='bbox 988 3056 1123 3115; x_wconf 83' lang='grc' dir='ltr'>σπεῦσον</span> <span class='ocrx_word' id='word_1_204' title='bbox 1136 3053 1208 3134; x_wconf 83' lang='grc' dir='ltr'>πρίν</span> <span class='ocrx_word' id='word_1_205' title='bbox 1222 3076 1260 3116; x_wconf 88' lang='grc' dir='ltr'>τι.</span> 
     </span>
     <span class='ocr_line' id='line_1_28' title="bbox 155 3153 1132 3241; baseline 0.002 -26"><span class='ocrx_word' id='word_1_206' title='bbox 155 3177 184 3216; x_wconf 91' lang='grc' dir='ltr'><strong>τι</strong></span> <span class='ocrx_word' id='word_1_207' title='bbox 197 3154 268 3234; x_wconf 80' lang='grc' dir='ltr'>πρὶν</span> <span class='ocrx_word' id='word_1_208' title='bbox 284 3159 415 3216; x_wconf 83' lang='grc' dir='ltr'>κακῶσαι</span> <span class='ocrx_word' id='word_1_209' title='bbox 429 3153 519 3217; x_wconf 88' lang='lat' dir='ltr'><strong>metri</strong></span> <span class='ocrx_word' id='word_1_210' title='bbox 535 3176 643 3218; x_wconf 85' lang='lat' dir='ltr'><strong>causan</strong></span> <span class='ocrx_word' id='word_1_211' title='bbox 657 3153 776 3217; x_wconf 89' lang='lat' dir='ltr'><strong>dictum</strong></span> <span class='ocrx_word' id='word_1_212' title='bbox 792 3177 850 3241; x_wconf 93' lang='lat' dir='ltr'><strong>pro</strong></span> <span class='ocrx_word' id='word_1_213' title='bbox 864 3156 934 3237; x_wconf 87' lang='grc' dir='ltr'>πρέν</span> <span class='ocrx_word' id='word_1_214' title='bbox 947 3179 976 3218; x_wconf 94' lang='grc' dir='ltr'><strong>τι</strong></span> <span class='ocrx_word' id='word_1_215' title='bbox 991 3159 1132 3218; x_wconf 83' lang='grc' dir='ltr'>κακῶσαι.</span> 
     </span>
    </p>

    <p class='ocr_par' dir='ltr' id='par_1_9' title="bbox 199 3255 802 3343">
     <span class='ocr_line' id='line_1_29' title="bbox 199 3255 802 3343; baseline 0.002 -25"><span class='ocrx_word' id='word_1_216' title='bbox 199 3257 348 3339; x_wconf 84' lang='grc' dir='ltr'>σπεῦσον]</span> <span class='ocrx_word' id='word_1_217' title='bbox 367 3260 498 3320; x_wconf 83' lang='grc' dir='ltr'>σπεῦσαι</span> <span class='ocrx_word' id='word_1_218' title='bbox 513 3257 552 3319; x_wconf 88' lang='grc' dir='ltr'><strong>Β.</strong></span> <span class='ocrx_word' id='word_1_219' title='bbox 569 3255 686 3343; x_wconf 87' lang='lat' dir='ltr'><strong>aliique</strong></span> <span class='ocrx_word' id='word_1_220' title='bbox 700 3255 802 3342; x_wconf 87' lang='lat' dir='ltr'><strong>pauci.</strong></span> 
     </span>
    </p>

    <p class='ocr_par' dir='ltr' id='par_1_10' title="bbox 153 3357 1263 4152">
     <span class='ocr_line' id='line_1_30' title="bbox 201 3357 1261 3445; baseline 0.003 -25"><span class='ocrx_word' id='word_1_221' title='bbox 201 3360 273 3437; x_wconf 88' lang='lat'>184.</span> <span class='ocrx_word' id='word_1_222' title='bbox 298 3357 397 3439; x_wconf 84' lang='grc' dir='ltr'>δράσω</span> <span class='ocrx_word' id='word_1_223' title='bbox 419 3357 493 3423; x_wconf 89' lang='grc' dir='ltr'>τόδ’.</span> <span class='ocrx_word' id='word_1_224' title='bbox 517 3360 590 3441; x_wconf 84' lang='grc' dir='ltr'>ἀτδρ</span> <span class='ocrx_word' id='word_1_225' title='bbox 613 3357 713 3441; x_wconf 88' lang='grc' dir='ltr'>φόβος</span> <span class='ocrx_word' id='word_1_226' title='bbox 735 3361 762 3423; x_wconf 79' lang='grc' dir='ltr'><strong>εἰ</strong></span> <span class='ocrx_word' id='word_1_227' title='bbox 783 3358 893 3445; x_wconf 84' lang='grc' dir='ltr'>πείσω]</span> <span class='ocrx_word' id='word_1_228' title='bbox 912 3359 1027 3422; x_wconf 86' lang='lat' dir='ltr'><strong>Sensus</strong></span> <span class='ocrx_word' id='word_1_229' title='bbox 1041 3376 1098 3435; x_wconf 87' lang='lat' dir='ltr'><strong>est,</strong></span> <span class='ocrx_word' id='word_1_230' title='bbox 1116 3360 1190 3442; x_wconf 84' lang='grc' dir='ltr'>ἀτδρ</span> <span class='ocrx_word' id='word_1_231' title='bbox 1204 3368 1261 3441; x_wconf 89' lang='grc' dir='ltr'><strong>φα-</strong></span> 
     </span>
     <span class='ocr_line' id='line_1_31' title="bbox 153 3458 1260 3546; baseline 0.003 -25"><span class='ocrx_word' id='word_1_232' title='bbox 153 3463 266 3538; x_wconf 84' lang='grc' dir='ltr'>βοῢμαι</span> <span class='ocrx_word' id='word_1_233' title='bbox 279 3458 319 3538; x_wconf 74' lang='grc' dir='ltr'><strong>μὴ</strong></span> <span class='ocrx_word' id='word_1_234' title='bbox 335 3459 369 3522; x_wconf 81' lang='grc' dir='ltr'><strong>οὔ</strong></span> <span class='ocrx_word' id='word_1_235' title='bbox 384 3462 489 3534; x_wconf 84' lang='grc' dir='ltr'>πείσω,</span> <span class='ocrx_word' id='word_1_236' title='bbox 504 3461 559 3524; x_wconf 80' lang='lat' dir='ltr'><strong>sed</strong></span> <span class='ocrx_word' id='word_1_237' title='bbox 574 3482 683 3524; x_wconf 82' lang='lat' dir='ltr'><strong>vereor</strong></span> <span class='ocrx_word' id='word_1_238' title='bbox 696 3470 733 3524; x_wconf 83' lang='lat' dir='ltr'><strong>nt</strong></span> <span class='ocrx_word' id='word_1_239' title='bbox 742 3460 963 3546; x_wconf 76' lang='grc' dir='ltr'>ρυτουτιόιυυι.</span> <span class='ocrx_word' id='word_1_240' title='bbox 1009 3458 1061 3523; x_wconf 91' lang='lat' dir='ltr'><strong>Sic</strong></span> <span class='ocrx_word' id='word_1_241' title='bbox 1079 3458 1170 3523; x_wconf 85' lang='lat' dir='ltr'><strong>etiam</strong></span> <span class='ocrx_word' id='word_1_242' title='bbox 1189 3461 1260 3524; x_wconf 90' lang='lat' dir='ltr'><strong>He·</strong></span> 
     </span>
     <span class='ocr_line' id='line_1_32' title="bbox 155 3559 1261 3645; baseline 0.003 -22"><span class='ocrx_word' id='word_1_243' title='bbox 155 3559 226 3624; x_wconf 89' lang='lat' dir='ltr'><strong>racl.</strong></span> <span class='ocrx_word' id='word_1_244' title='bbox 243 3579 316 3644; x_wconf 89' lang='lat'>791.</span> <span class='ocrx_word' id='word_1_245' title='bbox 333 3563 431 3641; x_wconf 80' lang='grc' dir='ltr'>φόβος</span> <span class='ocrx_word' id='word_1_246' title='bbox 445 3565 502 3643; x_wconf 79' lang='grc' dir='ltr'><strong>γὰρ</strong></span> <span class='ocrx_word' id='word_1_247' title='bbox 517 3565 608 3641; x_wconf 76' lang='grc' dir='ltr'>εἷμαι</span> <span class='ocrx_word' id='word_1_248' title='bbox 624 3563 725 3640; x_wconf 77' lang='grc' dir='ltr'>ζῶσιν,</span> <span class='ocrx_word' id='word_1_249' title='bbox 741 3563 791 3629; x_wconf 79' lang='lat' dir='ltr'><strong>olis</strong></span> <span class='ocrx_word' id='word_1_250' title='bbox 806 3563 864 3645; x_wconf 69' lang='lat' dir='ltr'><strong>tyn</strong></span> <span class='ocrx_word' id='word_1_251' title='bbox 880 3562 970 3628; x_wconf 89' lang='grc' dir='ltr'>θέλω.</span> <span class='ocrx_word' id='word_1_252' title='bbox 1018 3561 1058 3626; x_wconf 90' lang='lat' dir='ltr'><strong>Id</strong></span> <span class='ocrx_word' id='word_1_253' title='bbox 1073 3578 1131 3640; x_wconf 88' lang='lat' dir='ltr'><strong>est,</strong></span> <span class='ocrx_word' id='word_1_254' title='bbox 1147 3567 1261 3644; x_wconf 82' lang='grc' dir='ltr'>φοβοῦ-</span> 
     </span>
     <span class='ocr_line' id='line_1_33' title="bbox 154 3662 1262 3745; baseline 0.006 -21"><span class='ocrx_word' id='word_1_255' title='bbox 154 3689 206 3742; x_wconf 86' lang='grc' dir='ltr'><strong>μαι</strong></span> <span class='ocrx_word' id='word_1_256' title='bbox 220 3662 332 3743; x_wconf 77' lang='grc' dir='ltr'>γὰρμὴ</span> <span class='ocrx_word' id='word_1_257' title='bbox 347 3663 382 3726; x_wconf 82' lang='grc' dir='ltr'><strong>οὐ</strong></span> <span class='ocrx_word' id='word_1_258' title='bbox 398 3663 497 3740; x_wconf 79' lang='grc' dir='ltr'>ζῶσιν,</span> <span class='ocrx_word' id='word_1_259' title='bbox 512 3664 552 3744; x_wconf 77' lang='grc' dir='ltr'><strong>μὴ</strong></span> <span class='ocrx_word' id='word_1_260' title='bbox 567 3668 740 3745; x_wconf 80' lang='grc' dir='ltr'>τεθνηκότες</span> <span class='ocrx_word' id='word_1_261' title='bbox 755 3667 841 3729; x_wconf 82' lang='grc' dir='ltr'>ὦσιν.</span> <span class='ocrx_word' id='word_1_262' title='bbox 889 3666 1008 3730; x_wconf 89' lang='lat' dir='ltr'><strong>Confer</strong></span> <span class='ocrx_word' id='word_1_263' title='bbox 1030 3665 1122 3730; x_wconf 86' lang='lat' dir='ltr'><strong>etiam</strong></span> <span class='ocrx_word' id='word_1_264' title='bbox 1145 3680 1262 3730; x_wconf 84' lang='lat' dir='ltr'><strong>nostroe</strong></span> 
     </span>
     <span class='ocr_line' id='line_1_34' title="bbox 154 3763 1263 3846; baseline 0.005 -21"><span class='ocrx_word' id='word_1_265' title='bbox 154 3763 272 3826; x_wconf 80' lang='lat' dir='ltr'><strong>fabulae</strong></span> <span class='ocrx_word' id='word_1_266' title='bbox 289 3787 316 3828; x_wconf 88' lang='lat' dir='ltr'><strong>v.</strong></span> <span class='ocrx_word' id='word_1_267' title='bbox 336 3784 410 3846; x_wconf 90' lang='lat'>901.</span> <span class='ocrx_word' id='word_1_268' title='bbox 455 3766 598 3830; x_wconf 85' lang='lat' dir='ltr'><strong>Eandem</strong></span> <span class='ocrx_word' id='word_1_269' title='bbox 616 3766 876 3830; x_wconf 85' lang='lat' dir='ltr'><strong>constructionem</strong></span> <span class='ocrx_word' id='word_1_270' title='bbox 894 3771 1050 3832; x_wconf 88' lang='lat' dir='ltr'><strong>contrario</strong></span> <span class='ocrx_word' id='word_1_271' title='bbox 1064 3790 1155 3833; x_wconf 84' lang='lat' dir='ltr'><strong>sensu</strong></span> <span class='ocrx_word' id='word_1_272' title='bbox 1171 3790 1263 3832; x_wconf 86' lang='lat' dir='ltr'><strong>usur·</strong></span> 
     </span>
     <span class='ocr_line' id='line_1_35' title="bbox 156 3865 1262 3957; baseline 0.005 -29"><span class='ocrx_word' id='word_1_273' title='bbox 156 3882 209 3950; x_wconf 84' lang='lat' dir='ltr'><strong>pat</strong></span> <span class='ocrx_word' id='word_1_274' title='bbox 225 3881 328 3929; x_wconf 91' lang='lat' dir='ltr'><strong>noster</strong></span> <span class='ocrx_word' id='word_1_275' title='bbox 340 3865 442 3929; x_wconf 84' lang='lat' dir='ltr'><strong>Andr.</strong></span> <span class='ocrx_word' id='word_1_276' title='bbox 454 3870 506 3930; x_wconf 91' lang='lat'><strong>60.</strong></span> <span class='ocrx_word' id='word_1_277' title='bbox 519 3869 566 3931; x_wconf 71' lang='grc' dir='ltr'><strong>καὶ</strong></span> <span class='ocrx_word' id='word_1_278' title='bbox 581 3873 635 3931; x_wconf 84' lang='grc' dir='ltr'><strong>νῦν</strong></span> <span class='ocrx_word' id='word_1_279' title='bbox 648 3867 785 3949; x_wconf 89' lang='grc' dir='ltr'>φέρουσό</span> <span class='ocrx_word' id='word_1_280' title='bbox 800 3894 851 3933; x_wconf 91' lang='grc' dir='ltr'>σοι</span> <span class='ocrx_word' id='word_1_281' title='bbox 866 3868 952 3936; x_wconf 86' lang='grc' dir='ltr'>νέους</span> <span class='ocrx_word' id='word_1_282' title='bbox 965 3871 1024 3949; x_wconf 82' lang='grc' dir='ltr'><strong>ἥκω</strong></span> <span class='ocrx_word' id='word_1_283' title='bbox 1040 3875 1160 3953; x_wconf 82' lang='grc' dir='ltr'>λόγους,</span> <span class='ocrx_word' id='word_1_284' title='bbox 1181 3869 1186 3957; x_wconf 87' lang='grc' dir='ltr'>Ι</span> <span class='ocrx_word' id='word_1_285' title='bbox 1206 3872 1262 3952; x_wconf 90' lang='grc' dir='ltr'><strong>φό-</strong></span> 
     </span>
     <span class='ocr_line' id='line_1_36' title="bbox 154 3969 1262 4058; baseline 0.003 -26"><span class='ocrx_word' id='word_1_286' title='bbox 154 3976 201 4054; x_wconf 82' lang='grc' dir='ltr'><strong>βῳ</strong></span> <span class='ocrx_word' id='word_1_287' title='bbox 226 3971 283 4049; x_wconf 75' lang='grc' dir='ltr'><strong>μὲν</strong></span> <span class='ocrx_word' id='word_1_288' title='bbox 306 3972 375 4036; x_wconf 84' lang='grc' dir='ltr'>εἴτις</span> <span class='ocrx_word' id='word_1_289' title='bbox 401 3975 555 4034; x_wconf 81' lang='grc' dir='ltr'>δεσποτῶν</span> <span class='ocrx_word' id='word_1_290' title='bbox 577 3969 762 4049; x_wconf 78' lang='grc' dir='ltr'>αἰσθήσεται,</span> <span class='ocrx_word' id='word_1_291' title='bbox 783 3969 789 4056; x_wconf 88' lang='grc' dir='ltr'>Ι</span> <span class='ocrx_word' id='word_1_292' title='bbox 809 3974 895 4056; x_wconf 77' lang='grc' dir='ltr'>οἴκτῳ</span> <span class='ocrx_word' id='word_1_293' title='bbox 918 3975 950 4035; x_wconf 75' lang='grc' dir='ltr'><strong>δὲ</strong></span> <span class='ocrx_word' id='word_1_294' title='bbox 972 3973 1013 4058; x_wconf 71' lang='grc' dir='ltr'>τῷ</span> <span class='ocrx_word' id='word_1_295' title='bbox 1037 3976 1091 4058; x_wconf 79' lang='grc' dir='ltr'><strong>σῷ.</strong></span> <span class='ocrx_word' id='word_1_296' title='bbox 1139 3971 1179 4036; x_wconf 90' lang='lat' dir='ltr'><strong>Id</strong></span> <span class='ocrx_word' id='word_1_297' title='bbox 1202 3987 1262 4048; x_wconf 85' lang='lat' dir='ltr'><strong>est,</strong></span> 
     </span>
     <span class='ocr_line' id='line_1_37' title="bbox 155 4070 897 4152; baseline 0.004 -19"><span class='ocrx_word' id='word_1_298' title='bbox 155 4070 329 4152; x_wconf 80' lang='grc' dir='ltr'>φοβουμένη</span> <span class='ocrx_word' id='word_1_299' title='bbox 344 4070 428 4150; x_wconf 83' lang='grc' dir='ltr'>μήτις</span> <span class='ocrx_word' id='word_1_300' title='bbox 444 4075 598 4135; x_wconf 81' lang='grc' dir='ltr'>δεσποτῶν</span> <span class='ocrx_word' id='word_1_301' title='bbox 613 4075 762 4151; x_wconf 78' lang='grc' dir='ltr'>αἴσθηται.</span> <span class='ocrx_word' id='word_1_302' title='bbox 778 4073 897 4136; x_wconf 88' lang='lat' dir='ltr'>ELM.</span> 
     </span>
    </p>

    <p class='ocr_par' dir='ltr' id='par_1_11' title="bbox 202 4173 1262 4261">
     <span class='ocr_line' id='line_1_38' title="bbox 202 4173 1262 4261; baseline 0.004 -26"><span class='ocrx_word' id='word_1_303' title='bbox 202 4176 271 4237; x_wconf 88' lang='lat'>186.</span> <span class='ocrx_word' id='word_1_304' title='bbox 290 4176 405 4237; x_wconf 91' lang='lat' dir='ltr'><strong>Sensus</strong></span> <span class='ocrx_word' id='word_1_305' title='bbox 420 4190 486 4237; x_wconf 86' lang='lat' dir='ltr'><strong>est:</strong></span> <span class='ocrx_word' id='word_1_306' title='bbox 516 4182 620 4237; x_wconf 81' lang='lat' dir='ltr'><strong>tumen</strong></span> <span class='ocrx_word' id='word_1_307' title='bbox 634 4175 716 4238; x_wconf 83' lang='grc' dir='ltr'>Ιιστιο</span> <span class='ocrx_word' id='word_1_308' title='bbox 736 4197 864 4261; x_wconf 81' lang='lat' dir='ltr'><strong>operum</strong></span> <span class='ocrx_word' id='word_1_309' title='bbox 886 4177 922 4237; x_wconf 81' lang='lat' dir='ltr'><strong>in</strong></span> <span class='ocrx_word' id='word_1_310' title='bbox 944 4174 1103 4238; x_wconf 81' lang='lat' dir='ltr'><strong>cumulum</strong></span> <span class='ocrx_word' id='word_1_311' title='bbox 1124 4173 1262 4261; x_wconf 75' lang='lat' dir='ltr'><strong>truceptt‘</strong></span> 
     </span>
    </p>
   </div>
   <div class='ocr_carea' id='block_1_3' title="bbox 142 4276 1262 4464">
    <p class='ocr_par' dir='ltr' id='par_1_12' title="bbox 142 4276 1262 4464">
     <span class='ocr_line' id='line_1_39' title="bbox 142 4276 1262 4363; baseline 0.003 -25"><span class='ocrx_word' id='word_1_312' title='bbox 142 4276 219 4359; x_wconf 80' lang='lat' dir='ltr'><strong>jam</strong></span> <span class='ocrx_word' id='word_1_313' title='bbox 234 4276 351 4339; x_wconf 81' lang='lat' dir='ltr'><strong>laboris</strong></span> <span class='ocrx_word' id='word_1_314' title='bbox 366 4276 423 4338; x_wconf 72' lang='lat' dir='ltr'><strong>titi</strong></span> <span class='ocrx_word' id='word_1_315' title='bbox 435 4277 652 4361; x_wconf 65' lang='lat' dir='ltr'><strong>pretendunt</strong></span> <span class='ocrx_word' id='word_1_316' title='bbox 667 4277 724 4340; x_wconf 80' lang='lat' dir='ltr'><strong>tibi</strong></span> <span class='ocrx_word' id='word_1_317' title='bbox 734 4278 1014 4363; x_wconf 74' lang='lat' dir='ltr'><strong>gratumfociam.</strong></span> <span class='ocrx_word' id='word_1_318' title='bbox 1053 4276 1165 4340; x_wconf 90' lang='lat' dir='ltr'><strong>Minus</strong></span> <span class='ocrx_word' id='word_1_319' title='bbox 1178 4292 1262 4341; x_wconf 89' lang='lat' dir='ltr'><strong>recte</strong></span> 
     </span>
     <span class='ocr_line' id='line_1_40' title="bbox 154 4376 558 4464; baseline -0.002 -23"><span class='ocrx_word' id='word_1_320' title='bbox 154 4379 237 4464; x_wconf 86' lang='lat' dir='ltr'><strong>cepit</strong></span> <span class='ocrx_word' id='word_1_321' title='bbox 251 4376 347 4442; x_wconf 89' lang='lat' dir='ltr'><strong>schol.</strong></span> <span class='ocrx_word' id='word_1_322' title='bbox 365 4378 558 4442; x_wconf 87' lang='grc' dir='ltr'><strong>ΜΑΤΤΗ.</strong></span> 
     </span>
    </p>
   </div>
   <div class='ocr_carea' id='block_1_4' title="bbox 0 0 1437 4914">
    <p class='ocr_par' dir='ltr' id='par_1_13' title="bbox 0 0 1437 4914">
     <span class='ocr_line' id='line_1_41' title="bbox 0 0 1437 4914; baseline 0 0"><span class='ocrx_word' id='word_1_323' title='bbox 0 0 1437 4914; x_wconf 95' lang='lat' dir='ltr'><strong> </strong></span> 
     </span>
    </p>
   </div>
  </div>
 </body>
</html>
