2864 4914
332 299 400 364 AD
423 299 727 367 IPHIGENIAM
753 302 1084 369 AULIDENSEM.
1179 307 1259 370 ²488

160 489 221 530 non
245 469 413 535 secundam
443 493 603 559 personam
635 473 733 552 verbi,
762 474 817 539 sed
846 475 1075 541 substantivum
1102 497 1167 539 csse
1190 475 1256 557 jam

160 569 329 634 Barnesius
345 572 473 638 viderat.

207 676 296 758 1063.
314 677 477 740 Θεσσαλαὶ
492 676 660 742 Heathius.
699 678 790 743 Libri
805 681 1024 745 alticomum.

208 777 298 857 1064.
315 776 419 856 μάντις
434 776 510 842 Ald.
533 777 637 859 μάντις
652 777 676 843 δ’
692 779 822 844 codices.

202 877 346 963 Μουσᾶν]
362 879 586 944 Generationes
600 881 762 946 hominum
778 905 851 969 quae
873 882 990 947 futurae
1004 894 1106 948 essent
1120 905 1139 945 a
1154 879 1258 944 Musis

158 995 317 1065 acceperat
333 980 440 1045 Chiro.
465 984 619 1048 HERM.

202 1078 225 1141 r’
241 1102 304 1143 om.
321 1080 407 1146 Flor.
428 1102 455 1146 1.
480 1081 507 1164 γ’
524 1084 598 1148 Par.
615 1084 654 1148 Β.

205 1185 297 1247 1066.
322 1185 526 1271 ἔξωνόμασκν]
552 1187 694 1251 Metrum
711 1187 849 1274 postulat
870 1186 1002 1251 formam
1018 1186 1137 1275 epicam
1161 1188 1260 1266 ἐξονό-

158 1309 260 1364 μηνεν,
276 1308 371 1372 quam
388 1302 470 1352 recte
482 1286 619 1353 restituit
634 1291 674 1354 L.
686 1288 880 1354 Dindorfius.

204 1389 299 1475 1069.
314 1391 504 1475 dontorciot]
524 1390 729 1455 scribendum
747 1392 907 1458 ἀσπισταῖς
921 1413 994 1455 cum
1010 1392 1204 1456 Hermanno.

206 1507 298 1574 1073.
315 1491 423 1578 ἔνδυτ’]
445 1491 651 1556 Scribendum
669 1491 774 1558 ἐνδύτ’.
1034 1531 1036 1535 -

205 1594 297 1675 1078.
320 1593 417 1675 γάμον
442 1596 604 1680 Νηρηίδος]
631 1595 836 1659 scribendum
860 1594 965 1677 γάμων
984 1595 1120 1676 Νηρῇδός
1142 1592 1166 1656 τ’
1187 1615 1259 1658 cum

160 1694 355 1757 Hermanno.
400 1696 451 1759 De
465 1718 613 1760 versuum
628 1695 836 1783 descriptione
848 1695 968 1761 dictum
985 1695 1025 1760 ad
1041 1694 1211 1782 stropham.

205 1813 296 1878 1079.
312 1798 441 1881 asperitas]
457 1800 572 1879 πρώτης
588 1797 676 1862 Flor.
694 1819 723 1862 1.
741 1817 770 1863 2.

205 1899 298 1963 1080.
323 1900 370 1963 ἐπὶ
387 1900 461 1982 κάρα
476 1901 641 1988 στέψουσι]
658 1902 682 1964 J
684 1923 768 1987 unge
789 1899 992 1982 ἑπιστέψανσί
1006 1924 1045 1963 σε
1065 1899 1139 1981 κόρα
1153 1912 1184 1963 et
1204 1921 1260 1986 per

157 1999 381 2084 appositionem
406 2004 590 2082 καλλικόμαν
611 2005 776 2083 πλόκαμον.
801 2003 991 2066 ΜΑΤΤΗ.
1038 2003 1149 2089 Hujus
1167 2001 1260 2089 epodi

157 2115 257 2163 metra
277 2101 398 2187 aliquot
418 2102 451 2165 in
474 2103 549 2167 ,ocis
572 2104 812 2186 (1080-1084.
835 2104 926 2189 1089.
952 2105 1061 2188 1090.)
1085 2117 1149 2167 tam
1163 2103 1261 2167 mira·

158 2199 232 2264 bilia
247 2202 296 2266 vel
316 2204 421 2290 potius
443 2202 530 2267 nulla
544 2219 617 2269 sunt
637 2216 671 2269 ut
692 2205 773 2269 hanc
787 2204 931 2269 carminis
952 2218 1072 2292 partem
1095 2205 1259 2291 imperfec-

159 2315 222 2365 tam
238 2303 398 2391 reliquisse
412 2303 556 2369 videatur
570 2319 672 2392 poeta,
689 2304 867 2393 perscriptis
881 2329 955 2393 quae
969 2307 1001 2370 in
1020 2306 1111 2371 metri
1126 2307 1259 2372 formam

158 2406 344 2473 redacturus
368 2423 435 2473 erat
461 2409 630 2489 sententiis,
661 2409 686 2474 si
715 2409 853 2475 fabulam
880 2409 1068 2475 absolvisset.
1114 2411 1257 2476 Eandem

158 2509 309 2574 rationem
338 2510 421 2576 illius
450 2534 515 2575 esse
540 2511 684 2575 carminis
712 2525 792 2600 puto
816 2511 902 2599 quod
931 2535 950 2575 a
977 2534 1006 2576 v.
1034 2512 1257 2598 1283—1314.

158 2609 282 2697 legitur,
298 2612 328 2676 in
345 2637 410 2700 quo
424 2612 492 2700 ipso
506 2636 634 2700 quoque
652 2636 713 2677 non
734 2613 932 2700 parnasum,
948 2636 1021 2700 quas
1043 2612 1159 2678 nullam
1183 2637 1257 2700 pro·

139 2754 143 2762 ›
158 2712 291 2778 habilem
311 2717 454 2804 praebent
473 2715 563 2780 metri
584 2716 728 2794 sormam,
744 2715 815 2780 licet
830 2715 924 2779 verba
939 2716 1007 2803 ipsa
1020 2715 1180 2782 sanissima
1192 2739 1259 2781 esse

159 2816 331 2883 videantur.
378 2818 485 2883 Simile
506 2817 583 2905 quid
605 2816 647 2882 de
669 2819 803 2882 secunda
826 2817 970 2882 Nubium
995 2817 1141 2896 editione,
1161 2842 1256 2906 quam

157 2919 369 3006 imperfectam
401 2920 526 3006 reliquit
549 2920 788 3008 Aristophanes,
810 2919 1044 2985 observavimus
1069 2921 1101 2985 in
1127 2936 1256 2986 annota-

158 3020 242 3084 tione
256 3020 296 3085 ad
312 3045 342 3087 v.
357 3021 440 3085 illius
454 3021 570 3085 fabulae
586 3041 660 3106 949.
759 3072 764 3080 .

52 3136 55 3143 '
202 3124 294 3188 1081.
311 3127 426 3204 βαλιὰν
440 3146 478 3187 ex
495 3122 641 3210 Scaligeri
655 3125 833 3210 conjectura
848 3123 972 3211 legitur.
1007 3123 1097 3188 Libri
1112 3123 1140 3206 γ’
1156 3127 1255 3199 λλιᾶν,

156 3239 308 3290 commate
330 3248 392 3289 non
411 3241 483 3290 ante
508 3225 561 3290 sed
584 3243 652 3312 post
675 3226 743 3290 haec
765 3226 860 3290 verba
881 3225 995 3312 posito.
1040 3226 1190 3313 Ineptum
1203 3241 1257 3290 -est

156 3325 230 3392 huic
259 3327 327 3393 loco
352 3328 542 3417 adjectivum
573 3330 666 3407 ἅλιος,
693 3350 792 3415 quum
821 3326 985 3414 Iphigenia
1015 3349 1077 3391 non
1106 3341 1254 3414 tanquam

157 3430 268 3494 Nereis
281 3430 386 3518 aliqua
400 3455 439 3495 ex
455 3431 532 3495 man'
548 3431 660 3495 veniat.
706 3433 774 3495 Nec
797 3444 900 3494 tamen
916 3428 1025 3493 vitium
1048 3428 1154 3494 tollere
1168 3431 1256 3495 vide<-

157 3544 210 3595 tur
226 3532 372 3621 Scaligeri
393 3534 572 3621 conjectura
588 3537 715 3614 βαλιὰν,
730 3533 816 3618 quod
838 3533 927 3596 valde
949 3530 1059 3595 inutile
1080 3548 1126 3596 est
1146 3532 1204 3597 hoc
1224 3533 1255 3597 in

156 3632 223 3698 loco
242 3635 387 3721 juvencae
412 3637 582 3723 epitheton.
628 3634 826 3700 Probabilius
853 3634 1075 3721 Musgravium
1096 3634 1124 3717 γ’
1147 3637 1256 3701 ἀθλίαν

155 3737 322 3801 correxisse
344 3762 463 3819 censeo,
487 3739 542 3803 sed
564 3760 626 3802 non
648 3761 769 3802 servare
790 3735 933 3801 debuisse
952 3762 990 3819 γε
1010 3737 1195 3823 particulam
1213 3739 1253 3803 ab

155 3837 287 3903 librariis
308 3841 446 3906 additam
468 3842 573 3907 hiatus
598 3840 726 3905 tollendi
746 3862 866 3919 caussa,
888 3839 1010 3926 dequo
1031 3861 1093 3903 non
1113 3839 1254 3904 laboran-

155 3943 231 4006 dum
248 3943 271 4006 si
288 3958 369 4008 recte
383 3945 571 4033 conjecimus
586 3944 642 4007 hos
656 3966 764 4007 versus
785 3966 848 4006 non
870 3940 1036 4006 absolvisse
1055 3943 1252 4030 Euripidem.

158 4046 220 4109 Sed
245 4069 351 4110 vereor
372 4070 411 4110 ne
433 4050 523 4112 ἁλιᾶν
546 4068 675 4132 quoque
696 4045 735 4109 sit
761 4043 982 4131 abjiciendum,
1007 4044 1095 4130 quod
1121 4067 1160 4108 ex
1188 4067 1254 4108 oor·

155 4149 290 4262 raptione
326 4150 478 4214 vocabulo
514 4151 699 4228 καλλικόμαν
742 4145 951 4235 superscripta
988 4161 1093 4210 ortum
1128 4145 1254 4211 videtur

198 4225 213 4262 a

157 4255 328 4354 καλικόμκῗν.

203 4378 296 4462 1083.
313 4375 411 4440 Valde
433 4375 544 4440 inutile
564 4390 611 4439 est
632 4375 736 4456 ὀρέων,
755 4373 841 4461 qnod
862 4373 1016 4460 glossema
1035 4397 1100 4438 esse
1121 4373 1254 4438 arbitror

156 4480 197 4545 ad
211 4482 358 4562 πετραίων
372 4482 488 4563 ἄντρων
501 4478 721 4576 adscriptum

685 4586 697 4629 1
713 4587 724 4628 1
741 4583 759 4630 2
