2864 4914
523 296 590 358 AD
613 293 854 359 ORESTEM.
1177 298 1240 360 105

135 461 214 526 illud
229 461 270 526 ab
285 462 412 528 librario
426 488 492 529 esse
505 466 676 552 adjectum,
689 467 743 552 qui
762 466 906 530 Hecubae
923 488 1030 529 versus
1044 483 1119 552 553.
1136 468 1243 532 memi-

136 563 242 643 nisset,
257 580 340 629 recte
355 567 477 632 monuit
492 567 651 632 Matthiae.

180 687 252 753 903.
282 671 530 758 ἀθυρόγλωσσος]
557 675 734 738 Grammat.
763 673 794 735 in
822 671 957 736 Beldreri
980 671 1087 736 anecd.
1110 695 1144 759 p.
1166 690 1242 759 352.

137 772 280 852 ἀθυρόγλ.
299 773 456 854 Εὐριπίδης
470 773 610 857 Ὀρέστῃ·
637 775 712 857 ἀνήρ
727 800 770 842 τις
785 776 1026 856 ἀθυρόγλωσσος.
1050 777 1161 857 εἴρηται
1176 778 1208 840 δὲ
1224 775 1243 855 ἢ

135 876 216 952 παρὰ
238 871 272 935 τὸ
295 876 388 956 θύραν
407 879 447 956 μὴ
468 879 634 942 ἐπικεῖσθαι
652 882 687 958 τῇ
702 881 830 962 γλώττῃ,
846 877 863 958 ἢ
878 882 959 960 παρὰ
973 878 1008 941 τὸ
1023 880 1153 961 ἀθύρειν,
1170 882 1242 963 ὅπερ

59 1061 66 1071 ο
136 977 221 1038 ἐστὶν
242 978 414 1059 ἀδιακρίτως
437 983 562 1061 ὁμιλεῖν.
598 984 737 1061 σημαίνει
759 983 792 1045 δὲ
813 982 867 1045 τὸν
889 983 1104 1063 ἀθυρόστομον,
1128 981 1243 1063 τὸνμὴ

135 1077 301 1161 κατέχοντα
325 1080 360 1144 τὸ
387 1084 493 1163 στόμα.
540 1084 714 1148 Commode
739 1083 814 1148 citat
839 1085 965 1169 Musgr.
992 1083 1140 1170 Theogu.
1163 1105 1241 1165 421.

136 1181 224 1265 (413.
241 1182 310 1261 Br.)
328 1191 456 1252 πολλοῖς
471 1187 635 1267 ἀνθρώποις
649 1187 776 1269 γλιύσσῃ
790 1189 876 1268 θύραι
890 1187 943 1249 οὐκ
958 1187 1120 1251 ἐπίκεινται
1132 1185 1242 1270 Ἀρμά-

135 1287 203 1346 διοι.
221 1285 414 1350 ΜΑΤΤΗ.

176 1405 250 1471 904.
265 1389 505 1475 ἠναγκασμένος]
523 1392 622 1456 Recte
638 1391 818 1455 Bruuclrius
833 1390 968 1478 explicat
983 1390 1023 1455 de
1035 1391 1170 1478 Argivo,
1185 1394 1241 1480 qui

135 1511 198 1553 non
215 1504 338 1569 natura,
354 1491 408 1556 sed
424 1492 453 1555 vi
473 1508 550 1572 erat,
565 1493 619 1580 qui
643 1493 730 1557 malis
751 1493 871 1558 artibus
890 1493 993 1558 civilia
1010 1495 1086 1581 jura
1107 1495 1242 1583 adeptus

135 1591 249 1656 fuerat.
294 1596 340 1658 Et
358 1595 401 1658 sic
419 1595 583 1660 scholiasta
598 1595 713 1659 codicis
730 1595 837 1660 Guelf.
854 1597 1071 1676 βεβιασμένος,
1088 1600 1176 1666 νόθος
1189 1625 1242 1663 πο-

135 1696 230 1774 λίτης.
273 1697 417 1774 Quocum
439 1697 612 1785 comparari
635 1713 737 1784 potest
759 1695 844 1783 quod
868 1696 908 1761 de
928 1699 1006 1761 Saea
1020 1696 1101 1762 dixit
1116 1697 1240 1763 Aristo·

135 1796 266 1885 phanes,
282 1800 345 1862 Av.
362 1819 416 1884 31.
442 1803 535 1865 νόσον
557 1805 705 1881 νοσοῦμεν
726 1800 780 1878 τὴν
802 1802 942 1864 ἐναντίαν
964 1799 1055 1885 Σάκα·
1079 1802 1169 1881 ὁμὲν
1183 1806 1241 1884 γὰρ

138 1899 181 1964 ὣν
197 1900 250 1963 οὐκ
268 1902 360 1970 ἀστὸς
381 1903 559 1984 ἐσβιάζεται,
583 1905 665 1984 ἡμεῖς
685 1901 958 1981 δὲ-άνεπτόμεσθ
983 1905 1015 1966 έκ
1035 1907 1084 1982 τῆς
1102 1906 1242 1986 πατρίδος

138 2004 253 2084 ἀμφοῖν
282 2009 394 2069 ποδοῖν.
452 2008 599 2069 Ceterum
627 2004 676 2069 hic
702 2028 840 2091 quoque,
865 2018 900 2067 ut
923 2028 951 2066 v.
976 2022 1050 2087 772.
1079 2006 1242 2072 scholiasta

138 2127 200 2168 non
224 2105 305 2169 male
326 2107 449 2194 conjicit
470 2109 668 2172 obversatum
691 2107 851 2196 Euripidi,
870 2130 969 2194 quum
993 2107 1060 2172 baec
1082 2109 1240 2188 scriberet,

139 2205 344 2294 Cleopbontis
358 2233 423 2274 esse
437 2210 628 2297 exemplum,
643 2210 694 2274 cui
712 2209 1073 2297 peregrinitatem—erat
1097 2211 1177 2275 enim
1200 2237 1238 2276 ex

139 2309 277 2374 Thracia
291 2312 717 2399 oriundus-exprobrarunt
736 2312 865 2377 comici:
893 2311 955 2376 vid.
973 2312 1084 2376 Meier.
1097 2313 1137 2377 de
1152 2314 1241 2379 bonis

138 2410 275 2476 damnat.
292 2436 324 2498 p.
343 2415 413 2478 218.

181 2518 254 2599 906.
271 2516 326 2601 ἔτ’]
346 2518 419 2581 Νοα
439 2516 610 2605 intelligere
632 2542 664 2582 se
684 2519 802 2582 fatetur
818 2516 965 2581 Matthiae
987 2516 1065 2602 quid
1086 2515 1144 2580 sibi
1166 2515 1241 2582 velit

137 2616 216 2681 illud
231 2619 284 2697 ἔτι,
301 2619 387 2705 quud
403 2619 495 2683 etiarn
511 2620 551 2683 ab
567 2619 730 2683 scholiasta
744 2619 882 2700 περιττὸν
896 2618 966 2682 dici.
1007 2621 1067 2683 Est
1081 2618 1113 2682 id
1130 2619 1239 2683 eodem

137 2721 232 2785 modo
250 2721 370 2786 dictum
391 2745 455 2808 quo
470 2722 554 2808 apud
572 2722 721 2796 Aliarum,
736 2722 827 2808 cujus
843 2721 944 2785 verbis
960 2721 1060 2785 utitur
1075 2721 1237 2809 Aristoph.

137 2826 231 2910 Vesp.
255 2843 349 2909 1235.
371 2825 530 2907 ἀντρέψεις
557 2826 600 2888 έτι
625 2829 680 2888 τῖιν
701 2827 800 2888 πόλιν.
846 2825 960 2911 Eurip.
990 2823 1078 2888 Med.
1102 2843 1176 2910 917.
1203 2830 1240 2891 τὰ

134 2925 223 3009 πρῶτ’
247 2928 373 2991 έσεσθαι
394 2927 450 2992 σὺν
473 2927 661 3009 κασιγνήτοις
684 2929 726 2991 ἔτι
748 2927 911 3013 Aristoph.
936 2928 1014 3014 Lys
1035 2931 1108 3007 674.
1133 2931 1159 2992 εἰ
1181 2934 1239 3011 γὰρ

135 3030 259 3094 ἐνδόσει
280 3055 322 3097 τις
340 3031 422 3110 ἡμῶν
436 3035 538 3094 ταῖσδε
554 3030 608 3094 κᾶν
624 3033 750 3112 σμικρὰν
764 3032 866 3111 λαβὴν
876 3069 941 3107 -,
958 3031 1179 3114 έπιχειρήσουσ’
1196 3032 1239 3095 έτι

133 3139 298 3216 ναυμαχεῖν
313 3135 361 3197 καὶ
375 3140 465 3197 πλεῖν
480 3132 528 3215 ἐφ’
544 3135 629 3213 ἡμᾶς.

176 3236 294 3320 αὐτοὺς]
313 3237 419 3303 ἀστοὺς
435 3234 658 3300 Valckenarius
679 3235 780 3301 Diatr.
801 3259 832 3322 p.
851 3238 924 3319 256.
973 3235 1168 3299 Servandum
1195 3237 1237 3298 vi-

130 3337 226 3403 detur
240 3340 353 3413 αὐτοὺς,
370 3362 469 3424 quum
482 3362 520 3402 ex
533 3337 783 3425 praecedentibus
794 3337 934 3402 versibus
945 3337 1035 3401 facile
1047 3336 1239 3424 intelligatur

132 3441 272 3528 Argivos
287 3440 359 3505 dici.

173 3564 246 3628 911.
277 3543 331 3608 τὸν
355 3544 537 3629 προστάτην]
569 3543 663 3623 Quod
690 3544 868 3608 scholiastes
892 3545 936 3608 ita
961 3545 1064 3608 locum
1091 3544 1236 3631 explicat,

128 3647 216 3734 quasi
241 3650 258 3711 ὁ
280 3649 447 3729 προστάτης
467 3649 663 3712 accusativus
685 3647 735 3724 sit,
751 3671 845 3734 quem
864 3664 987 3726 vocant,
1002 3648 1145 3734 subjecti,
1167 3652 1182 3711 ὁ
1204 3652 1236 3712 δὲ

128 3757 180 3815 τοῦ
195 3751 286 3831 δήμου
301 3752 518 3833 προϊστάμενος
533 3753 652 3833 ὀφείλει
667 3753 816 3816 τοιούτους
832 3751 1028 3830 ἐπιλέξασθαι
1044 3749 1234 3832 δημηγόρους,

128 3852 270 3918 falliturt
301 3853 354 3917 τὸν
376 3855 548 3936 προστάτην
570 3854 650 3918 enim
675 3851 830 3940 pendete
854 3876 884 3917 v.
907 3859 1052 3926 θεᾶσθαι;
1077 3877 1158 3930 eunt,
1181 3856 1236 3939 qni

127 3959 251 4020 ciuitati
267 3966 396 4044 proeesl,
413 3979 452 4021 en
473 3959 523 4020 111
544 3958 667 4044 ragadia
685 3959 754 4037 (ὧδε
776 3955 817 4019 ad
840 3954 1048 4042 praecedentia
1071 3955 1178 4032 relato,
1201 3970 1234 4019 ut

128 4061 179 4123 άδε
196 4084 223 4120 v.
241 4061 317 4144 896.
336 4074 441 4124 utrum
465 4084 562 4148 prava
582 4061 716 4124 sentiens
734 4058 878 4146 jucunda
899 4058 1038 4123 oratione
1062 4075 1179 4136 utatur,
1195 4082 1234 4122 an

128 4161 302 4249 prudenter
320 4162 404 4226 bona
424 4163 598 4249 praecipiat)
604 4164 757 4249 judicare
777 4163 931 4226 debemus.
978 4163 1064 4224 Tum
1089 4161 1233 4246 explicat,

127 4288 296 4353 quemnam
318 4266 452 4353 appellet
474 4266 656 4347 προστάτην,
673 4265 819 4330 eumdem
841 4265 1000 4343 nimirum,
1017 4287 1110 4351 quem
1130 4279 1232 4327 orato-

126 4390 203 4447 rem,
215 4367 403 4451 δημαγωγόν.
427 4393 499 4434 num
515 4371 671 4434 incudem
687 4391 802 4433 οαιιοςα
816 4379 872 4443 cst,
889 4370 944 4456 qui
960 4369 1118 4432 orationes
1133 4367 1234 4441 babet,

126 4494 189 4560 ηιιιι
202 4473 243 4551 is,
256 4474 310 4560 qui
326 4472 673 4561 honoribuajimgitur.
692 4473 884 4536 MATTH.
