2864 4914
300 287 368 351 AD
392 287 694 353 IPHIGENIAM
718 286 1051 353 AULIDENSEM.
1165 286 1229 356 489

129 455 229 519 ἄλλον
255 458 361 526 ἄλλοις
387 464 502 523 θνατῶν
531 461 625 540 αύραν
654 459 757 537 διδοὺς,
786 464 849 529 τοῖς
876 461 933 539 μὶν
959 459 1087 542 χαίρειν,
1109 461 1172 525 τοῖς
1195 457 1229 523 δὲ

128 557 238 623 λύπαν.
285 562 337 625 Ite
361 563 529 641 μειλίσσων
557 583 613 647 per
638 577 772 648 zeugma
795 560 836 626 ad
861 560 967 626 omnio
988 559 1134 625 refertur.
1171 558 1229 623 Ad

129 681 252 723 sensum
274 677 356 726 recte
375 667 543 729 Erasmus:
575 663 683 728 Verrtie
700 664 866 728 Oreticum
886 663 1033 729 tenendi-r
1047 665 1147 727 Recta
1159 683 1230 726 αιτ-

127 781 183 824 ιτιο
197 763 240 826 ad
253 763 351 827 Ilium
373 766 509 828 γενύεσσι
522 765 635 830 celerer
649 765 791 843 carinae,
808 765 1020 831 Tranevertir
1032 766 1230 852 mqrtefloli-

127 863 185 928 διιι
199 865 242 930 Ire
257 875 433 953 terramque
433 868 621 953 fcrentibrtr
635 867 758 953 Euripi
773 867 968 954 erogilacrct
986 866 1091 931 απθνο
1104 867 1227 954 Juppt-

128 974 187 1046 ter,
200 989 301 1033 αιιταο
322 969 397 1033 aliie
419 970 502 1032 aliae
517 969 669 1046 Ρὶαοατιο,
691 991 752 1056 quo
773 990 835 1034 οιια
855 971 990 1036 carrara
1010 972 1076 1035 laeti
1094 970 1229 1034 Plocitit

94 1047 107 1072 ⁸
128 1068 256 1136 redeam
277 1071 413 1137 ύύοιιτιια
434 1072 529 1150 cotie,
548 1071 617 1135 Hir
637 1071 806 1136 immittere
827 1072 936 1139 tristia
957 1081 1079 1150 tuetur,
1099 1072 1172 1136 Hoe
1194 1072 1228 1135 vi

127 1170 268 1236 cohibens
282 1188 339 1236 etc.
365 1174 557 1237 MATTH.

175 1286 270 1354 1327.
284 1277 363 1336 τοῖσι
377 1271 424 1336 bis
439 1272 607 1337 Heathius.
638 1272 729 1339 Libri
744 1279 816 1341 τοῖς.
841 1273 989 1341 Ceterum
1005 1272 1045 1337 de
1059 1296 1089 1337 v.
1102 1276 1229 1360 1316-

132 1390 225 1457 1319.
241 1395 272 1438 v.
288 1373 330 1437 ad
344 1396 375 1438 v.
393 1393 484 1458 1300.

175 1494 398 1561 1330-1332.
422 1478 495 1543 Hos
511 1500 620 1543 versus
640 1476 683 1544 eie
704 1477 866 1564 descripsit
889 1480 1106 1556 Hermannus,
1120 1478 1229 1544 addito

128 1592 201 1642 ante
214 1579 312 1662 χρεῶν
326 1579 468 1658 articulo,

257 1681 276 1760 ἦ
290 1684 483 1766 πολύμοχθον
497 1681 542 1764 ἆρ’
557 1682 596 1762 ἦν
609 1681 698 1765 γένος
710 1681 730 1761 ri
744 1684 938 1767 πολύμοχθον

257 1785 395 1865 δμερύον·
421 1786 454 1849 τὸ
468 1786 567 1869 χρεὸν
581 1784 615 1849 δέ
628 1811 657 1849 τι
670 1787 840 1865 δύσποτμον

257 1886 402 1968 ἀνδράσιν
416 1890 562 1970 ἀνευρεῖν.

128 2001 222 2063 recte,
236 1986 295 2050 nisi
310 1988 396 2074 quod
410 1988 489 2053 alter
503 2011 610 2054 versus
630 1989 761 2054 sortasse
777 1989 957 2057 hexameter
970 1988 1041 2068 suit,
1057 1991 1229 2072 ἁμερίων-

129 2087 274 2169 ἆνδρύσιν
289 2091 394 2171 εὑρεῖν.

176 2207 400 2277 1333-1333.
422 2190 587 2276 δὺο-κόρα]
613 2192 695 2256 Herc
721 2213 879 2259 unacum
906 2192 1112 2280 sequentibus
1133 2193 1229 2259 choro

130 2290 275 2356 tribuunt
289 2291 370 2357 libri.
409 2293 554 2357 Correxit
568 2292 783 2364 Blomfieldos.

176 2415 234 2482 133
235 2411 269 2480 5.
285 2393 448 2467 Δαναΐδαις
461 2396 489 2463 F
492 2394 546 2460 lor.
567 2415 593 2459 1.
629 2395 734 2482 Vulgo
747 2401 810 2467 τοῖς,
824 2395 998 2464 Δαναΐδαις.

173 2499 244 2580 κόρη
257 2521 298 2563 εκ
312 2497 460 2567 Matthiae
474 2496 609 2562 editione
623 2496 775 2562 relictum
821 2499 921 2564 Recte
934 2497 1006 2565 libri
1020 2501 1101 2580 κόρα

178 2603 268 2685 1336.
285 2605 373 2681 κακῆς
387 2600 472 2664 Flor.
492 2619 518 2662 1.
535 2618 565 2666 ν.
589 2598 694 2685 Vulgo
709 2605 815 2665 κακῶν.

175 2724 267 2790 1339.
284 2707 337 2768 τόν
350 2728 386 2786 γε
401 2702 557 2770 Reiskiue.
596 2702 688 2768 Libri
701 2705 813 2769 τόντε.

173 2819 275 2887 παῖδα,
290 2813 395 2877 τέκνον
411 2812 584 2881 Ηεοῐδίυε.
616 2812 707 2880 Libri
721 2812 812 2888 παῖδ’,
827 2812 967 2879 ῶτέκνον
981 2815 1020 2895 γ’.

173 2942 209 3001 γε
224 2915 350 2986 eddidit
360 2916 529 2983 Heetbiur.
574 2915 780 2982 Scribendum
795 2916 922 2982 circum
935 2917 1131 2981 Hermanno.

178 3039 269 3103 1341.
291 3017 406 3091 τέκνον,
422 3020 561 3101 φεύγοις
584 3017 646 3101 Ἴθι.
661 3017 811 3103 Ἀχιλλέα
830 3017 907 3084 τόνδ’
924 3017 1125 3106 Ιιεινῑὶαςίιιε.
1162 3018 1228 3083 Le·

129 3122 263 3208 gebatur
277 3122 399 3204 φεύγεις
412 3120 535 3196 τόκνονς
558 3119 617 3203 Ἰφ.
629 3121 683 3187 τδν
696 3121 762 3205 (τὸν
772 3143 835 3186 0111.
846 3119 979 3203 codices)
991 3119 1142 3204 Ἀχιλλέα
1156 3121 1220 3185 τόν.

176 3243 270 3309 1343.
292 3223 466 3288 πεπωκότα
487 3221 618 3290 cortices,
649 3221 843 3305 πεπραγμένα
864 3221 943 3285 Ald.
979 3220 1084 3285 Verbo
1097 3220 1171 3303 πρὸς
1191 3224 1230 3285 τὰ

131 3330 184 3391 νῶν
208 3327 381 3391 πεπτωκότα
404 3326 555 3412 leguntur
582 3325 682 3413 Hipp.
708 3347 738 3388 v.
763 3324 836 3408 718.
877 3323 970 3388 Plato
992 3347 1013 3387 a
1036 3321 1230 3387 Marklando

129 3443 327 3517 comparatus
341 3430 424 3516 Rep.
442 3449 493 3493 10.
507 3451 540 3516 p.
555 3431 620 3511 604
635 3430 674 3492 C.
691 3429 793 3509 ῶσπερ
807 3429 841 3491 ἔν
854 3429 967 3492 πεύσει
981 3429 1082 3507 κύβον
1096 3425 1170 3507 πρὸς
1190 3428 1229 3489 τδ

129 3533 304 3597 πεπτωκότα
317 3533 462 3596 τίθεσθαι.

178 3655 270 3720 1344.
289 3632 393 3697 Verba
414 3634 450 3697 ού
471 3633 653 3712 σεμνότητος
672 3633 762 3714 ἔργον
783 3631 814 3694 in
834 3629 1010 3716 parenthesi
1029 3651 1095 3692 esse
1114 3627 1228 3714 posita,

130 3735 171 3800 od
191 3735 227 3814 ἢν
244 3737 397 3815 δυνώμεθα
414 3749 519 3799 eutem
539 3732 777 3819 intelligendum
797 3755 862 3795 esse
882 3733 1009 3811 μίμνειν,
1024 3728 1147 3794 1110111111
1167 3731 1229 3792 Βο-

132 3837 227 3902 thius.
272 3838 389 3900 Recte:
412 3836 471 3899 nisi
485 3849 556 3922 post
570 3834 607 3916 ἢν
622 3837 774 3914 δυνώμεθα
788 3856 896 3897 versus
910 3831 1035 3909 excidit,
1050 3831 1137 3918 quod
1152 3830 1229 3895 mihi

130 3935 322 4025 probabilius
336 3935 472 4001 videtur.

179 4042 271 4125 1346.
290 4041 358 4104 τίνα
376 4038 470 4126 βοὴν]
495 4039 686 4105 Accusativo
711 4039 820 4117 utitur,
839 4044 937 4119 βοῶσι
959 4034 1145 4122 intelligens,
1170 4058 1229 4122 pro

132 4166 197 4229 quo
210 4146 319 4222 βοᾶται
332 4140 451 4204 dictum
466 4156 524 4206 est.

179 4257 270 4327 1347.
286 4242 395 4325 λόγον]
414 4241 620 4307 scribendum
635 4244 736 4325 λόγον
750 4243 802 4305 vel
814 4244 908 4324 λόγον
923 4262 994 4305 cum
1012 4237 1215 4302 Marklando.

180 4347 270 4433 1348.
287 4347 381 4413 οὐδεὶς
397 4345 564 4411 Heatbius.
586 4347 700 4415 κούδεὶς
710 4344 791 4410 libri.
833 4347 907 4422 Quo
921 4356 1043 4408 servato
1058 4366 1106 4407 νιν
1120 4341 1152 4404 in
1168 4348 1230 4422 σφε

132 4447 265 4515 mutavit
281 4451 493 4514 Hermennus.
