2864 4914
492 286 558 349 ΑΙ)
583 286 924 350 HIPPOLYTUM.
1197 286 1260 355 297

202 459 275 535 670.
299 460 381 525 τίνας
403 464 456 522 νῦν
479 458 589 542 τέχνας
615 461 830 523 Hermannus.
869 458 1052 544 Legebatur
1076 459 1144 523 τίνα
1170 455 1262 537 νῦνῆ

163 560 193 640 (ἢ
208 584 270 623 om.
289 562 361 624 Par.
378 562 420 623 A.
438 561 525 625 Flor.
541 580 571 624 2.
588 563 646 644 H.)
664 562 788 645 τέχναν.

203 691 311 770 λόγους
327 690 400 752 Par.
417 690 508 752 A.H.
540 671 650 772 λόγύύς
665 692 737 753 Par.
754 691 793 753 Β.
828 685 1011 776 Legebatur
1026 688 1131 769 λόγον.

204 810 242 888 67
252 827 275 870 ι.
293 806 439 888 κάθαρμα,
458 824 493 872 ut
506 808 538 872 in
554 809 689 873 editione
705 810 848 895 Hervag.
864 806 1000 872 secunda
1014 818 1188 871 correctum
1203 820 1262 884 est,

159 909 190 971 in
208 909 293 972 Flor.
309 911 353 971 A.
370 908 496 996 legitur,
516 909 632 996 siquid
657 934 695 974 ex
719 909 841 974 silentio
854 907 1076 996 colligendum,
1091 907 1178 994 quod
1201 929 1262 970 non

158 1011 261 1076 credo.
300 1011 388 1075 Libri
413 1011 524 1098 reliqui
552 1012 616 1077 καθ’
640 1015 730 1095 ἅμμα.
765 1013 837 1077 Vid.
861 1011 1002 1100 Hesycb.
1025 1024 1057 1075 et
1083 1009 1211 1074 Suidam
1238 1033 1262 1074 s.

160 1115 307 1195 κάθαρμα.

202 1221 287 1283 λύειν
303 1216 464 1282 ΜοιιΙιίιιτ.
492 1220 582 1283 λύσιν
598 1220 644 1283 Η.
660 1232 692 1282 et
707 1218 799 1284 Lasc.
839 1217 929 1282 Libri
942 1215 1053 1303 reliqui
1068 1218 1185 1283 λύσειν.

201 1321 308 1404 λόγου]
328 1347 375 1403 γρ.
392 1322 495 1403 λόγων
510 1322 602 1386 Lasc.

204 1427 276 1506 672.
294 1425 326 1487 lb
342 1423 510 1489 Heatbius.
549 1423 639 1488 Libri
655 1423 688 1489 ὦ.

205 1529 278 1611 673.
295 1528 439 1611 ἐξαλύξω]
459 1529 600 1606 eructat
616 1528 688 1590 Par.
705 1529 749 1591 A.

203 1631 278 1712 675.
294 1631 425 1714 βροτῶν]
444 1631 607 1711 ἀνθρώπων
622 1630 696 1693 Par.
714 1631 756 1693 A.
776 1627 860 1692 Flor.
878 1630 923 1691 A.
943 1648 993 1693 10.
1010 1630 1057 1693 H.

204 1749 276 1826 678.
293 1749 525 1834 δνσεκπέρατον]
544 1749 783 1831 δυσεκπέραντον
798 1749 825 1812 F
828 1747 885 1812 lor.
901 1750 944 1812 A.
964 1768 1013 1812 10.
1030 1748 1076 1811 H.
1092 1745 1170 1811 Ald.

201 1891 285 1974 βίον]
303 1871 374 1971 atil
390 1894 464 1957 Par.
480 1895 522 1958 A.
545 1894 617 1973 βίον
633 1895 704 1957 Par.
722 1895 764 1957 E.
777 1892 865 1958 Flor.
881 1913 909 1960 a.
927 1893 1019 1957 Lasc.
1041 1893 1112 1973 βίον
1127 1892 1264 1958 cohaerct

159 2014 230 2055 curn
247 1993 351 2069 πάθος,
368 2010 403 2060 ut
417 1995 570 2060 intellexit
584 1993 758 2061 scholiasta.

204 2097 279 2179 679.
296 2099 355 2179 έγύ
370 2120 431 2162 orn.
449 2097 535 2162 Flor.
552 2118 580 2165 2.
599 2100 689 2163 Lasc.

204 2199 279 2263 680.
297 2202 483 2281 κατώρθωται
496 2201 588 2285 τέχνη
604 2203 676 2266 Par.
689 2203 782 2265 A.H.
806 2199 913 2289 Vulgo
928 2203 1134 2283 κατύρθωνται
1147 2199 1262 2283 τέχναι.

204 2305 278 2366 682.
294 2305 393 2384 φίλων
408 2319 478 2390 post
493 2309 655 2386 διαφθορεῦ
671 2302 757 2368 Flor.
774 2306 819 2368 A.
838 2324 887 2367 10.

203 2408 375 2490 διαφθορεύ]
403 2410 550 2488 διαφθορὰ
569 2406 655 2471 Flor.
672 2426 701 2473 2.
718 2408 809 2471 Lasc.
825 2406 904 2471 Ald.
943 2405 1173 2493 Interpolatum
1196 2405 1261 2469 for-

161 2523 241 2570 tasse
270 2507 310 2571 ab
337 2507 463 2572 librario
492 2532 585 2594 quem
617 2511 795 2592 διαφθορεύς
822 2532 936 2596 genere
964 2508 1115 2572 feminino
1142 2507 1261 2572 dictum

159 2609 346 2674 offendisset.

204 2713 277 2797 683.
294 2714 368 2780 Zetis
383 2712 409 2776 α’
426 2715 670 2799 ὁ-έκτρίψειεν]
689 2715 764 2781 Ζεὺς
778 2714 991 2798 ὀ-ἐκτρίψειέ
1005 2713 1034 2778 α’
1050 2713 1128 2778 Ald.

204 2816 286 2900 ἐμὸς]
313 2818 377 2896 ἐμοὶ
396 2818 442 2881 Η.
481 2818 532 2881 De
553 2815 752 2882 collocatione
774 2816 898 2881 articuli
913 2819 930 2882 ὁ
945 2817 1097 2902 γεννήτωρ
1112 2819 1182 2897 ἐμός
1196 2815 1262 2881 dixi

161 2917 200 2981 ad
219 2919 315 3005 Sopb.
332 2921 387 3006 Aj.
401 2939 477 3006 573.

205 3026 279 3105 690.
294 3027 350 3090 τὰς
365 3025 438 3088 Ροτ.
455 3026 499 3088 A.
516 3023 602 3089 Flor.
619 3038 693 3102 tres,
710 3025 756 3088 H.
782 3022 888 3111 Vulgo
902 3022 966 3090 τάς.
1001 3024 1080 3087 Post
1093 3020 1179 3087 bunc
1192 3044 1262 3085 ver·

160 3148 228 3188 sum
252 3126 442 3212 sequebatur
463 3125 537 3190 olim
560 3128 623 3207 έρεῖ
642 3128 675 3189 δὲ
698 3130 806 3190 Πιτθεῖ
827 3129 868 3211 τῷ
890 3124 1009 3208 γέροντι
1035 3123 1200 3206 συμφοράς,
1223 3123 1263 3188 de

160 3251 225 3314 quo
239 3243 321 3292 recte
337 3227 486 3293 Matthiae
502 3229 650 3314 “Inepte
670 3227 759 3292 timet
775 3227 922 3306 Pbaedra,
939 3250 978 3292 ne
994 3226 1121 3291 Pittheo
1136 3249 1263 3313 quoque

160 3355 224 3396 rein
242 3331 356 3397 iudicet
372 3332 582 3420 Hippolytus,
594 3346 625 3395 et
639 3333 793 3413 συμφοραί
804 3329 844 3394 de
858 3344 972 3394 conatu
984 3328 1114 3394 nutricis
1129 3328 1262 3416 Hippol.

159 3435 198 3499 ad
215 3434 404 3500 adulterium
428 3433 602 3522 pelliciendi
618 3432 709 3497 valde
727 3431 897 3519 improprie
911 3431 1030 3496 dictum
1047 3445 1103 3497 est.
1149 3432 1264 3518 Itaque

161 3554 242 3604 recte
271 3539 355 3603 bunc
385 3562 522 3616 versum,
552 3536 644 3601 etiarn
675 3536 706 3599 in
737 3537 810 3600 Par.
841 3537 885 3599 A.
915 3533 1076 3611 omissum,
1106 3534 1264 3623 expunxit

161 3643 299 3707 Brunclr.
346 3646 385 3707 In
408 3667 446 3707 eo
471 3645 579 3706 Πιτθεῖ
598 3661 660 3703 orn.
685 3638 772 3704 Flor.
791 3655 841 3724 15.
880 3639 946 3702 Pro
971 3639 1128 3720 συμφοράς
1153 3639 1261 3702 Havn.

159 3742 335 3824 ξυμφοράς.”
684 3745 687 3749 ’

203 3849 275 3926 692.
292 3848 338 3930 τε]
356 3849 389 3910 δὲ
404 3849 478 3912 Par.
495 3847 587 3911 A.H.
603 3868 665 3909 onr.
682 3844 769 3909 Flor.
786 3845 828 3909 A.

205 3949 308 4030 γαῖαν]
326 3947 395 4013 αἶαν
410 3947 496 4014 Flor.
512 3950 557 4013 A.
575 3967 624 4012 10.
639 3947 727 4011 male.

204 4052 278 4133 699.
296 4050 422 4130 (medad
435 4049 463 4133 γ’
480 4051 567 4132 εὗρον
582 4050 722 4132 φάρμακ’,
738 4051 795 4133 οὐχ
810 4048 888 4114 Ald.

203 4153 303 4236 εὖρον]
324 4151 529 4216 Scribendum
545 4153 644 4235 ηὗρον.

204 4273 275 4339 700.
294 4253 371 4336 κάρτ’
387 4252 440 4340 ἂν]
458 4253 549 4336 adpro
564 4255 591 4337 γ’
608 4258 681 4320 Par.
698 4257 743 4319 A.
766 4255 804 4319 dv
817 4276 879 4319 om.
896 4255 943 4336 Η.

205 4375 274 4442 702.
292 4359 364 4442 γὰρ]
383 4357 431 4424 καὶ
447 4359 521 4429 Par.
536 4359 581 4422 A.
598 4357 682 4423 Flor.
703 4376 751 4423 10.
769 4358 816 4425 H·
926 4340 931 4352 ⁸
