2864 4914
502 283 571 347 AD
594 283 846 350 HECUBAM.
1184 285 1225 349 48

172 450 242 513 181.
266 452 299 516 ίώ
313 478 365 533 μοι
380 452 466 517 Flor.
482 477 566 519 unus
579 468 610 520 et
629 482 676 539 γρ.
693 455 725 519 in
743 457 851 542 Mosq.
865 478 937 519 uno.
965 456 1038 536 ώμοι
1052 482 1103 537 μοι
1118 456 1226 542 Mosq.

123 549 462 721 glizpszpplpplegortasse
482 556 725 644 praeferendum.
758 555 847 643 ώμοι
871 556 946 621 Ald.
980 561 1059 639 οἶμαι
1074 560 1121 634 Η,
1140 557 1225 622 Flor.

173 759 245 821 186.
261 760 337 824 Post
353 761 528 829 ἀναστένειν
547 761 628 826 male
649 762 785 849 positum
802 778 848 827 est
862 762 986 849 signum
1001 761 1225 849 interrogandi.

125 856 273 923 Debebat
288 877 452 946 punctum.

173 963 243 1043 187.
259 959 283 1025 ώ
296 963 403 1028 τέκνον
415 963 533 1051 τέκνον]
555 966 759 1031 Scribendum
776 966 882 1031 τέκνον
896 964 929 1040 ὦ,
945 967 1102 1030 τέκνον-.

172 1064 245 1147 189.
262 1068 493 1148 κοινὰ-γνώμα
508 1068 553 1131 Η.
579 1069 810 1153 κοινᾷ-γνώμα
823 1068 902 1132 Ald.
927 1070 1106 1155 Utramque
1121 1068 1225 1133 lectio·

125 1184 197 1226 nem
213 1165 368 1252 cognitam
386 1168 562 1233 habuerunt
578 1169 760 1235 scholiastae.

173 1287 244 1350 191.
268 1268 376 1357 γέννᾳ]
400 1270 491 1335 Libri
514 1271 655 1360 plerique
676 1274 769 1356 γέννα
783 1296 854 1338 cum
871 1273 949 1337 Ald.
984 1274 1120 1339 Dativus
1134 1275 1227 1362 γέννᾳ

126 1381 273 1433 enotatus
286 1393 327 1434 ex
344 1374 432 1460 Aug.
449 1395 513 1438 uno
527 1389 560 1439 et
574 1375 678 1441 Viteb.
711 1374 879 1440 Genitivus
893 1375 1002 1458 γέννας
1023 1392 1069 1442 est
1090 1376 1122 1441 in
1138 1378 1226 1444 Flor.

126 1494 202 1536 uno.
240 1474 422 1555 Scholiasta,
439 1478 521 1558 κοινὴ
542 1481 645 1561 γνώμη
666 1484 725 1543 τῶν
743 1477 888 1560 Ἀργείων
910 1480 1032 1543 σπεύδει
1054 1479 1169 1561 σφάξαι
1190 1506 1226 1545 σε

125 1577 201 1659 πρὸς
214 1581 330 1660 τύμβον
344 1586 397 1645 τοῦ
410 1584 571 1662 Πηλείδον,
586 1582 680 1664 ήγονν
694 1586 747 1646 τοῦ
760 1580 937 1664 Ἀχιλλέως.
967 1580 1001 1644 τδ
1016 1581 1110 1665 γέννα
1123 1579 1141 1662 ἢ
1158 1591 1227 1663 κλη-

125 1680 211 1760 τικήν
224 1685 273 1746 διδ
295 1684 349 1763 τὴν
368 1684 545 1765 Πολυξένην
564 1684 697 1765 νοητέον,
714 1685 780 1748 ἀντὶ
801 1688 853 1746 τοῦ
874 1681 897 1746 d
919 1685 1055 1766 θύγατερ,
1071 1683 1089 1764 ή
1109 1686 1227 1764 δοτικὴν

125 1783 201 1865 πρὸς
221 1785 255 1848 τδ
271 1789 415 1865 Πηλείδα.
449 1794 582 1869 κρεῖττον
596 1789 629 1850 δέ
643 1786 817 1868 τὸπρῶτον.
863 1786 976 1872 Inepte
990 1786 1084 1868 γέννα
1097 1809 1155 1874 pro
1171 1811 1225 1851 vo-

124 1887 228 1952 cativo
242 1886 266 1952 ώ
281 1892 407 1974 θύγατερ
421 1892 557 1980 positum
573 1890 685 1977 accipit
699 1889 873 1967 scholiasta,
888 1889 1048 1976 quomodo
1062 1913 1154 1955 nemo
1169 1913 1226 1954 un-

126 2011 223 2074 quam
238 2006 285 2056 est
299 1992 433 2058 locutus.
478 1995 559 2058 Vera
573 2009 620 2057 est
634 1991 731 2057 altera
744 1990 958 2077 interpretatio
972 1994 1108 2072 Πηλειδα
1121 1992 1224 2079 γέννᾳ,

126 2089 159 2154 id
182 2108 229 2156 cst
252 2094 378 2174 Πηλέος
404 2095 505 2182 γέννα,
529 2094 659 2174 Achilli,
688 2092 914 2181 patronymico,
937 2109 973 2159 ut
999 2095 1034 2158 lit
1055 2094 1224 2173 interdum,

126 2216 186 2280 pro
210 2196 335 2260 nomine
356 2196 516 2284 primitivo
538 2198 651 2284 posito.
695 2197 784 2260 Male
806 2195 885 2259 alius
908 2194 1072 2261 scholiasta
1093 2198 1227 2262 Achillis

126 2295 226 2360 fllium
249 2297 393 2386 intelligit
408 2299 663 2386 Neoptolemum.
710 2298 820 2385 Hujus
841 2312 943 2361 tamen
966 2297 1228 2385 interpretationis

125 2398 351 2465 absurditatem
375 2401 508 2465 multum
526 2399 685 2488 superavit
699 2398 788 2476 alius,
804 2398 860 2485 qui
882 2398 974 2485 γέννᾳ
995 2422 1067 2463 cum
1082 2399 1227 2483 Ἀργείων

125 2503 352 2591 οοο]υοκὶῑ,τῇ
373 2507 465 2588 γενεᾷ
483 2511 542 2568 τῶν
555 2502 711 2586 Ἀργείων,
727 2503 820 2585 ἤγουν
834 2507 896 2568 τοῖς
909 2498 1056 2583 Ἀργείοις
1076 2502 1227 2590 interpre-

125 2619 221 2670 latus.

173 2725 245 2791 192.
261 2707 390 2789 φθέγγει
406 2708 574 2773 Porsonus.
597 2708 716 2790 φθέγγῃ
732 2706 812 2770 libri.

172 2829 241 2894 193.
257 2809 393 2889 μύννσόν
406 2815 591 2891 μοι-μᾶτερ
607 2832 670 2874 uno
685 2833 774 2874 versu
791 2808 870 2873 Ald.

172 2931 242 2995 194
264 2911 401 2991 μάνυσαν
420 2910 505 2976 Flor.
522 2934 604 2976 unus
624 2926 656 2976 et
670 2910 772 2975 Viteb.
811 2912 995 2998 Legebatur
1008 2911 1144 2991 μάννσθν
1163 2937 1225 2992 μοι.

125 3014 273 3077 Fortasse
295 3027 398 3076 tamen
421 3026 547 3099 praestat
570 3012 659 3077 scribi
678 3012 830 3095 ἀμέγαρτα
852 3018 949 3077 κακῶν
961 3041 969 3086 ;
991 3012 1149 3094 Ιμάννσόν
1162 3038 1225 3094 μοι,

122 3140 225 3196 ματερ.

172 3236 243 3302 195.
258 3215 375 3300 φάμας]
393 3216 493 3298 φήμας
507 3232 570 3281 tres
583 3217 675 3282 codd.

174 3338 246 3402 197.
270 3316 366 3403 ψήφῳ
380 3316 420 3382 ad
437 3341 559 3384 versum
577 3318 802 3407 praecedentem
826 3317 921 3381 refert
936 3317 1013 3381 Ald.
1047 3316 1164 3398 ψήφοις
1179 3317 1226 3393 Η,

126 3421 216 3486 Flor.
233 3444 315 3486 unus
329 3435 360 3485 et
376 3421 479 3487 Viteb.

173 3525 243 3608 198.
257 3524 441 3604 παντλάμων
455 3523 520 3588 duo
533 3523 625 3588 codd.
643 3537 788 3588 recentes
835 3520 939 3586 Ceteri
955 3534 987 3584 et
1002 3519 1079 3584 Ald.
1096 3524 1228 3584 ταντλά-

122 3653 247 3794 Wdor.
269 3728 436 3793 Probabile
449 3744 496 3793 est
510 3727 596 3815 quod
612 3728 642 3792 in
658 3727 793 3792 editione
807 3727 908 3813 prima
922 3724 1053 3812 conjecit
1068 3726 1226 3789 Herman-

126 3855 189 3896 nus
203 3831 335 3918 repetito
349 3832 456 3911 λώβαν
471 3830 668 3896 scribendum
683 3851 749 3894 esse
765 3831 872 3909 λώβαν
888 3828 1032 3911 ἐχθίσταν
1047 3826 1177 3908 δρρήταν
1190 3825 1228 3890 τ’.

172 3952 243 4001 202.
267 3930 365 4013 ώρσέν
383 3959 426 4000 τις
445 3935 570 4020 δαίμων]
596 3931 780 4009 Dochmius
798 3946 834 3995 ut
848 3954 879 3994 v.
899 3949 969 4013 191.
986 3930 1122 4009 Πηλείδα
1135 3927 1229 4010 γέννα

125 4053 246 4121 e1194.
269 4033 404 4113 μάννσον
424 4040 528 4116 μᾶτερ.
551 4057 631 4121 quos
646 4056 753 4097 versus
776 4055 836 4097 non
852 4054 917 4095 esse
939 4029 1141 4117 anapaesticus
1164 4053 1229 4094 mo-

125 4153 283 4202 nometros
304 4137 569 4224 hypercatalectus
584 4136 675 4201 docet
698 4160 727 4200 v.
749 4136 818 4199 186.
841 4135 873 4197 τί
892 4132 956 4197 τοτ’
972 4131 1156 4206 ἀναστένειν,
1172 4133 1228 4219 qui

124 4238 338 4305 dochmiacam
351 4262 527 4304 mensuram
544 4238 692 4326 postulat,
707 4237 847 4301 excludit
863 4234 1092 4322 anapaesticam.
1138 4235 1229 4297 Duos

123 4341 287 4406 dochmios
308 4341 473 4427 anapaestis
495 4341 670 4428 spondiacis
690 4339 836 4427 adjunxit
859 4337 976 4424 Eurip.
1001 4337 1070 4400 Ion.
1098 4335 1167 4414 148.
1191 4332 1230 4398 δν

124 4446 327 4530 ἀποχεύονται
342 4445 516 4509 Κασταλίας
529 4447 617 4508 δῖναι.
655 4444 726 4528 894.
743 4442 811 4510 θεὸς
826 4441 986 4523 ὁμευνέτας
1000 4437 1071 4522 ἆγες
1085 4438 1229 4522 ἀναιδείᾳ.
