2864 4914
503 304 571 369 AD
594 305 863 371 SUPPLICES.
1167 304 1232 368 tat

137 477 247 552 τροφος
261 471 294 535 δέ
307 477 360 536 τοῦ
374 472 533 552 βασιλέως·
557 476 573 538 ό
596 477 629 539 δέ
648 478 752 560 στίχος
771 477 819 558 ἦν,
840 478 910 560 όρᾷς
930 476 965 539 τὸ
981 479 1067 551 Δῖον,
1083 474 1119 540 οὗ
1137 472 1231 555 βέλος

137 570 284 637 διέπτατο.
328 575 479 652 Quamvis
499 599 574 642 vero
592 579 622 641 ol
642 582 845 664 παρῳδοΰντες
858 577 954 643 verbs
966 575 1060 642 etiam
1081 574 1232 642 nonnulla

137 685 259 739 mutare
274 674 382 751 solent,
398 700 492 742 causa
506 691 609 742 tamen
630 678 663 742 in
685 678 745 744 boe
765 679 833 767 ipso
848 678 916 744 loeo
929 701 995 743 esse
1013 677 1159 760 debebat,
1174 700 1231 742 cur

137 797 210 838 eum
232 777 347 863 potius,
362 801 457 865 quam
479 779 587 858 alium,
604 780 661 845 sibi
682 781 722 846 ad
746 803 810 845 rem
832 781 1022 868 propositam
1043 780 1232 866 detorquen-

137 876 215 941 dum
230 894 366 946 sumeret
382 884 505 947 Samus.
542 881 686 960 Accedit,
702 881 788 969 quod
803 882 898 963 βέλος
916 905 972 970 per
987 905 1019 947 se
1026 882 1162 969 fulmen
1175 880 1232 945 de·

137 980 259 1066 signare
280 1005 342 1046 non
364 996 478 1069 potest.
522 985 638 1072 Itaque
658 985 776 1073 optime
791 987 900 1073 Toup.
922 985 1120 1051 scribendum
1140 983 1231 1062 vidit,

136 1080 239 1167 Ὁρᾷς,
255 1084 288 1148 τὸ
303 1089 368 1149 θῖον
382 1086 416 1150 οὗ
430 1086 525 1165 βέλος
538 1087 684 1152 διέπτατο.
725 1086 928 1174 Adjectivum
944 1087 978 1152 τὸ
993 1091 1057 1153 δῖον
1073 1089 1186 1152 Samus
1198 1085 1232 1149 in

137 1185 224 1249 urbis
238 1209 351 1250 nomen
365 1187 504 1254 deflexit.
525 1193 589 1255 δῖον
599 1193 657 1273 πΰρ
667 1203 797 1254 vocatur
796 1189 930 1275 βιότοιο
945 1188 1016 1254 Alc.
1027 1207 1061 1274 5.
1075 1188 1190 1253 Baocb.
1200 1188 1230 1253 8.

138 1287 282 1366 διόβολον
295 1293 447 1371 πλᾶκτρον
461 1288 535 1354 ΑΙο.
553 1292 627 1356 126.
663 1290 870 1355 Memorabile
885 1302 999 1370 tamen,
1013 1289 1099 1377 quod
1115 1287 1232 1354 Baeeb.

137 1386 160 1453 l.
176 1411 204 1452 e.
226 1387 342 1476 legitur
362 1392 514 1473 τυφόμενα
536 1395 599 1457 δίον
620 1392 645 1456 τ’
661 1394 705 1458 έτι
725 1393 816 1475 πυρὸς
836 1399 935 1469 ζῶσαν
949 1394 1063 1475 φλόγα,
1078 1390 1111 1455 in
1126 1414 1163 1454 eo
1173 1411 1233 1476 pro

138 1492 202 1554 δίον
214 1490 324 1579 legisse
338 1496 428 1575 ὁθροῢ
443 1493 538 1559 videri
554 1493 759 1559 Plutarchum
777 1494 841 1559 Sol.
863 1518 896 1582 p.
913 1511 953 1580 79
969 1495 1013 1559 A.
1033 1495 1080 1558 καὶ
1100 1492 1233 1575 παρεφό·

137 1598 213 1671 λαξε
227 1594 396 1677 τνφορένην
409 1599 499 1679 ἁθροΰ
512 1597 604 1679 πυρὸς
618 1597 661 1661 έτι
674 1603 772 1672 ζῶσαν
786 1599 899 1680 φλόγα.
924 1597 1115 1660 ΜΑΤΤΗ.

182 1696 256 1777 864.
272 1697 449 1762 Athenaeus
462 1717 496 1778 4.
511 1721 543 1784 p.
563 1713 623 1782 159
637 1699 683 1762 A.
697 1697 772 1764 citat
785 1698 893 1782 ψέγων
909 1720 969 1784 pro
982 1699 1115 1780 φεθγον,
1129 1695 1183 1760 sed
1198 1695 1229 1760 6.

137 1818 170 1882 p.
187 1815 251 1882 250
265 1799 346 1862 Em.
371 1806 478 1880 μισῶν,
502 1813 539 1865 ut
563 1800 622 1864 boe
644 1813 830 1887 argumento
851 1813 1010 1886 appareat,
1032 1819 1128 1884 quam
1153 1796 1230 1860 nihil

137 1898 340 1964 tribuendum
355 1902 394 1967 sit
410 1901 559 1989 antiquis,
574 1925 684 1967 versus
703 1915 865 1988 poetarum
888 1900 1065 1966 memoriter
1078 1899 1232 1965 afferenti·

139 2001 210 2066 bus.
248 2002 337 2068 Idem
354 2005 476 2070 Athen.
492 2028 524 2091 p.
543 2022 615 2090 159.
629 2009 659 2070 εἴ
675 2030 718 2073 τις
740 2002 881 2087 ἐξογκοῖτ’
897 2005 987 2087 ἄγαν,
1002 2017 1034 2068 et
1052 2024 1083 2067 v.
1098 2025 1146 2090 sq.
1160 2005 1232 2085 τᾶρ-

139 2102 232 2168 κοθντ’
249 2107 388 2170 έπαινῶν.
411 2108 604 2171 ΜΑΤΤΗ.

182 2206 256 2287 867.
278 2209 379 2289 φίλοις
392 2206 416 2270 τ’
432 2209 543 2288 ἀληθὴς
558 2208 596 2287 ἣν
609 2209 700 2290 φίλος
720 2208 851 2290 παροῦσί
869 2233 903 2273 τε
924 2205 1044 2271 Reisltii
1057 2205 1233 2271 emendatio

139 2320 196 2372 est.
224 2307 302 2371 Ald.
325 2310 400 2373 Par.
422 2310 508 2374 AB.
532 2308 620 2375 Flor.
637 2329 666 2373 1.
692 2311 783 2391 φίλος
807 2308 831 2373 τ’
854 2309 967 2390 ἀληθὴς
987 2308 1035 2389 ἦν·
1056 2310 1148 2391 φίλος
1171 2313 1233 2376 τοῖς

138 2412 270 2491 παροῦσί
280 2435 323 2474 τε.
345 2416 407 2478 τοῖς
420 2411 570 2476 omittunt
585 2412 658 2476 Par.
675 2413 714 2474 C.
729 2411 817 2476 Flor.
833 2429 864 2476 2.

183 2512 256 2593 870.
278 2513 425 2594 ἄκραντον
438 2514 525 2578 οὐδέν
545 2514 589 2578 sie
609 2514 745 2599 aecipio:
767 2515 851 2578 nibil
870 2516 1014 2591 irritabit,
1034 2511 1123 2589 nihil,
1144 2510 1232 2598 quod

139 2627 285 2679 eventum
307 2638 369 2680 non
391 2615 530 2691 haberet,
546 2615 652 2703 itaque
665 2616 769 2680 omnia
783 2639 857 2680 vera
870 2630 903 2680 et
919 2638 981 2680 non
1004 2614 1120 2693 fucata,
1134 2635 1233 2702 tteqtte

138 2717 324 2802 infimalos
339 2738 483 2783 exerceas
497 2740 594 2806 ποονο
608 2721 644 2783 in
657 2719 752 2784 cives.
773 2719 968 2783 MATTH.

182 2818 240 2884 οὔτ’
256 2818 476 2885 Marklandus.
499 2819 558 2885 οὐδ’
573 2820 655 2885 libri.

184 2917 258 2999 872.
274 2920 373 2997 ἄλλην
388 2919 545 2983 Matthiae.
569 2922 669 2984 ἄλλον
680 2918 760 2984 libri.

183 3019 256 3100 874.
273 3020 366 3103 έσχεν
378 3018 502 3101 Ἀργεία
514 3022 618 3105 χθονί]
638 3020 703 3105 ἔσχ’
720 3024 754 3086 έν
765 3019 913 3102 Ἀργείων
925 3023 1014 3085 πόλει
1029 3019 1125 3084 'Peles
1144 3017 1232 3106 apud

140 3120 313 3199 Stobaeum,
327 3135 381 3205 95,
398 3140 448 3187 21.
464 3120 549 3185 unde
564 3120 630 3206 ἔσχ’
646 3125 681 3187 έν
694 3121 919 3210 recipiendum.
984 3164 987 3170 ·

182 3223 255 3304 876.
271 3223 572 3307 ὥστε-παρασχεῖν]
590 3223 836 3307 οὐδέ-παρέσχε
852 3222 996 3288 Stoboeus
1009 3222 1064 3304 46,
1079 3241 1113 3302 4.

183 3325 257 3407 878.
272 3325 377 3409 πόλιν]
394 3326 487 3408 τύχην
502 3325 658 3391 Stobaeus.

184 3428 256 3512 879.
272 3427 391 3514 κούδὲν]
407 3427 436 3511 γ’
451 3428 538 3493 οὐδέν
551 3429 681 3495 codices.

182 3528 285 3615 πόλις]
301 3530 388 3595 πέλει
404 3533 559 3597 Stobaeus.

183 3633 257 3695 880.
273 3632 419 3712 κλύουσα]
438 3633 556 3698 ἀκούειν
571 3633 726 3699 Stoboeus.

182 3734 253 3820 883.
269 3736 352 3820 βίον]
369 3737 441 3815 βίον
455 3736 529 3800 Par.
544 3736 584 3801 B.

184 3836 257 3921 889.
279 3836 370 3901 Libri
391 3844 462 3905 παῖς
485 3842 722 3920 Παρθενοπαῖος.
758 3836 870 3903 Deleri
892 3841 969 3905 παῖς.
1006 3840 1233 3918 Παρθενοπαῖος

139 3939 275 4003 secunda
289 3938 408 4026 syllaba
421 3939 576 4026 producta
592 3940 672 4006 dixit
685 3939 830 4028 exemplo
845 3937 989 4028 AEsehyli
1005 3940 1092 4025 Sept.
1107 3938 1147 4003 ad
1165 3937 1232 4003 Tb.

138 4055 213 4126 547.
237 4045 463 4122 Παρθενοπαῖος
486 4040 605 4124 Ἀρκὰς,
630 4045 647 4107 ό
676 4045 707 4107 δέ
737 4039 848 4107 τοιόνδ’
870 4041 1001 4124 θνήρ-.
1044 4041 1096 4106 De
1123 4039 1232 4104 eadem

139 4142 354 4208 emendatione
375 4144 522 4230 eogitavit
538 4148 752 4226 Hermannus,
767 4145 822 4211 sed
844 4158 881 4210 ut
902 4144 1052 4234 rejioeret‚
1067 4164 1234 4231 argumen-

139 4246 179 4311 tis
193 4268 269 4311 usus
282 4268 394 4333 parum
408 4245 536 4312 idoneis.

182 4350 255 4435 896.
271 4349 414 4432 ένεοτὸς]
434 4348 639 4414 Scribendnm
654 4352 791 4433 ἐφεστὼς
803 4372 876 4417 eum
891 4347 1088 4416 Blomlieldo.

183 4452 257 4538 898.
273 4451 383 4535 έφερεν
397 4450 540 4519 Grotius.
562 4451 644 4537 ἔφερ’
659 4451 744 4520 libri.
