2864 4914
437 309 510 372 AD
529 306 928 374 ANDROMACHAM.
1170 303 1234 368 aet

178 496 232 564 52.
248 480 286 559 ἥν
299 477 364 544 ποτ’
381 480 428 544 Η.
445 481 519 545 Pan.
531 481 573 545 E.
585 493 619 544 et
632 479 746 544 Lusca:
767 499 806 542 ex
821 499 887 563 quo
900 475 1054 564 conjicere
1066 474 1139 541 lioet
1153 474 1237 541 idem

135 605 201 647 esse
214 583 246 646 in
263 581 349 647 Flor.
366 600 395 649 2.
426 582 532 671 Vulgo
544 583 583 662 ἣν
595 581 667 647 τότ’.

178 685 216 763 ἣν
237 682 436 749 referendum
461 685 502 750 ad
527 688 618 766 δίκην,
640 707 709 749 που
729 682 774 749 ad'
795 683 911 764 μανίαν.
937 683 1021 762 δίκην
1040 680 1123 748 stude
1144 683 1238 746 αίτεΐν

136 812 204 850 τινα
227 809 310 873 saepe
331 785 458 874 legitur,
485 802 521 852 ut
545 787 586 851 de
612 786 720 851 eadem
748 808 789 850 te:
804 785 908 850 Orest.
935 786 1028 870 1651.
1053 788 1158 850 θανεῖν
1179 786 1238 866 ρλρ

138 889 215 974 αὐτῷ
240 895 329 970 μοῖρα
356 893 499 976 Δελφικῷ
526 892 619 973 ξίφει,
645 890 727 956 δίκαν
749 886 921 971 Ἀχιλλέως
941 886 1054 969 πατρὸς
1075 887 1241 966 έξοιτσΰννέ

136 1016 184 1071 με.
207 990 288 1055 inira
312 993 385 1075 984.
411 998 519 1074 πικρῶν
541 994 574 1057 δέ
598 991 711 1073 πατρὸς
731 991 840 1072 φόνιον
861 989 978 1070 αἰτήσει
1002 991 1086 1068 δίκην
1103 988 1240 1053 'Aemo
1340 1004 1349 1019 “

138 1099 265 1172 Φοῖβον.
288 1109 320 1156 et
346 1094 439 1174 1084.
459 1092 557 1181 ᾔτησα
578 1096 636 1176 >dp
657 1093 768 1175 πατρός
788 1089 852 1156 ποτ’
876 1091 967 1156 αὐτὸν
990 1092 1114 1171 αῐματαν
1136 1095 1240 1155 dedans

138 1197 229 1274 δίκην.
274 1197 324 1260 Ut
352 1193 449 1281 igitur
472 1197 560 1274 δίκην
577 1195 658 1263 τινὸς
674 1189 769 1260 αἰτεῖν
791 1209 838 1259 est
854 1215 980 1281 poenom
1002 1194 1051 1258 rei
1072 1194 1117 1258 α6-
1133 1193 1239 1280 aliquo

135 1307 250 1384 petere,
273 1297 294 1362 i.
308 1321 336 1362 e.
359 1299 436 1362 nella
455 1299 517 1363 sibl
536 1299 577 1362 ab
596 1319 631 1363 eo
651 1299 731 1362 aas
738 1298 830 1383 fieti,
852 1298 1008 1361 ταίίσιισυι
1027 1298 1077 1360 rei
1090 1305 1240 1384 repetere,

140 1400 182 1464 sic
194 1402 306 1464 διδόναι
320 1403 403 1479 δίκην
413 1403 474 1464 τινί
481 1415 528 1465 est
535 1421 666 1487 ραιιαυι
676 1400 806 1476 solvere,
814 1399 1010 1484 satisfacere
1018 1399 1127 1462 olieui'.
1138 1395 1239 1484 quod,

141 1518 176 1565 ut
193 1501 253 1576 hic,
268 1501 405 1565 sicinina
421 1504 494 1587 986.
514 1504 605 1583 1084.
621 1501 709 1565 alteri
723 1500 905 1588 opponitur.
926 1501 1119 1565 MATTH.

185 1623 239 1690 53.
256 1604 290 1668 αὖ
304 1603 406 1668 ’κτίνει
421 1606 517 1690 δίκην]
532 1602 609 1668 Ald.
622 1605 712 1667 Parr.
722 1605 766 1667 A.
780 1603 845 1667 Gu.
858 1602 892 1667 αὖ
907 1604 983 1668 τίνει
996 1605 1089 1683 δίκην.
1111 1601 1198 1668 Flos:
1211 1621 1239 1670 2.

142 1707 248 1770 Havn.
266 1707 358 1770 Laso.
373 1707 408 1770 οὗ
424 1708 541 1771 κτείνει.
564 1707 653 1770 Pars.
670 1706 796 1770 B.D.E.
821 1705 856 1769 od
877 1707 996 1770 κτείνει.
1023 1705 1110 1771 Flor.
1126 1708 1170 1770 A.
1190 1726 1241 1771 10.

141 1810 175 1873 αὖ
189 1811 288 1874 τείνει.
305 1808 430 1873 tandem
447 1808 533 1874 Flor.
553 1823 601 1894 15.
618 1808 652 1873 αὖ
665 1807 777 1873 ’κτίνει
809 1809 883 1872 Hoc
898 1809 1012 1896 recepi,
1026 1808 1100 1895 quia
1114 1831 1240 1874 causam

141 1911 279 1976 oninium
302 1933 443 1976 errorum
465 1911 612 1976 continet.
635 1912 672 1976 σθ
690 1909 799 1976 ’κτίνει
812 1913 904 1992 δίκην,
926 1911 1024 1997 httjtu
1042 1913 1174 2000 inquom
1192 1912 1242 1976 rai

144 2013 220 2096 (vid.
237 2013 276 2077 ad
293 2017 397 2079 Orest.
413 2016 501 2097 902.)
515 2034 628 2100 poenat
639 2013 760 2100 pandit.
784 2013 975 2078 ΜΑΤΤΗ.

185 2152 236 2217 54.
253 2134 366 2214 πρόσθε
382 2132 455 2195 Ρατ.
472 2132 558 2194 ΑΒ.
576 2130 665 2195 Flot.
685 2151 732 2196 10.
751 2149 798 2217 15.
816 2132 861 2195 H.
901 2129 1008 2218 Vulgo
1022 2134 1164 2214 πρόσθεν.

187 2234 407 2321 ἐξαιτούμενος]
432 2235 762 2316 [σπαρασσόμενον.
799 2233 894 2321 Soph.
911 2233 989 2298 OEd.
1007 2237 1047 2299 C.
1066 2252 1157 2320 1327.
1182 2237 1241 2300 ίκε-

143 2339 269 2416 τεόαμεν
282 2335 450 2415 ξύμπαντες
472 2337 671 2417 ἐξαιτούμενοι
692 2341 781 2418 μῆνιν
796 2342 925 2419 βαρεῖαν
940 2341 1070 2404 είκαθεῖν
1084 2338 1242 2424 ὁρμωμένῳ

144 2438 209 2525 τῷδ’
226 2441 320 2520 ἀνδρί.
345 2440 445 2516 Quem
461 2439 564 2502 locum
580 2439 771 2527 computavit
787 2437 963 2526 Plluglius.

187 2580 240 2646 55.
258 2563 289 2627 ἐκ
302 2559 361 2624 hoc
376 2559 444 2624 loeo
459 2559 537 2624 Ald.
563 2561 605 2626 eis
620 2559 693 2623 Par.
709 2558 839 2623 ΑΒΕ.
855 2558 941 2623 Flor.
960 2578 990 2623 2.
1010 2580 1059 2625 10.
1079 2575 1126 2645 15.
1143 2560 1187 2623 H.

189 2683 241 2744 62.
256 2683 315 2762 γὰρ
329 2679 523 2768 βουλεύσω]
539 2679 597 2762 γόρ
612 2705 658 2744 τοι
671 2680 816 2761 βούλεται
831 2678 916 2743 Flor.
936 2698 984 2765 15.
1002 2679 1068 2744 Gu.
1082 2678 1161 2762 ald.

190 2805 243 2888 63.
261 2803 297 2865 σὲ
319 2806 389 2868 παῖς
411 2799 452 2885 θ’]
471 2802 507 2864 σὲ
527 2801 629 2880 ἡπαῖς
650 2799 676 2866 θ’
692 2802 793 2864 Taut’.
810 2800 874 2864 Gu.
906 2802 943 2865 σὲ
958 2799 1037 2866 παῖδ’
1054 2799 1143 2887 [Pur.
1160 2801 1245 2921 Μὶν.
1314 2860 1317 2865 .

147 2926 357 3013 suprascripto
378 2925 409 2989 in
433 2927 477 2990 D.
499 2932 569 2992 παῖς
590 2925 638 3012 τε]
661 2924 884 3012 Flor.10.15.
918 2925 991 2990 σεὸν
1013 2923 1090 2990 παῖδ’
1110 2925 1131 2990 i.
1149 2947 1177 2989 e.
1195 2926 1233 2991 ol

149 3027 234 3093 Flor.
250 3031 294 3092 A.
319 3030 355 3092 σὲ
371 3032 463 3092 παῖδα
483 3025 509 3091 θ’
526 3029 572 3091 Η.
619 3027 776 3092 Nimirum
798 3033 892 3093 παῖδα
912 3049 1046 3114 puerum
1061 3026 1244 3092 Androma-

147 3132 214 3196 ohae
239 3130 469 3216 intelligebant:
494 3129 580 3215 quod
606 3128 718 3194 fulsum
744 3153 811 3195 esse
833 3153 933 3218 quum
959 3128 1131 3216 significate
1152 3129 1247 3195 vellet

147 3234 237 3310 alius,
253 3232 375 3297 addidit
388 3234 417 3312 ἡ.
442 3233 633 3297 ΜΑΤΤΗ.

191 3337 242 3398 66.
258 3334 423 3400 πλέκουσιν
437 3335 489 3424 αὖ]
506 3334 659 3400 πλέκουσι.
672 3340 725 3400 νῦν
738 3337 838 3400 Tuur.
855 3335 923 3399 Gu.
939 3333 1017 3398 Ald.
1140 3365 1145 3375 ¹

192 3443 246 3521 67.
261 3437 417 3524 θέλοντες]
435 3438 559 3503 θέλουσι
575 3439 620 3501 Η.

194 3560 245 3624 70.
268 3539 417 3604 πέπυσται
438 3539 492 3604 τὸν
507 3539 579 3618 ἐμὸν
594 3539 716 3602 έκθετον
728 3540 821 3620 γόνον
835 3540 928 3603 πόθεν
949 3536 1015 3603 ποτ’
1027 3539 1050 3622 3]
1077 3536 1156 3616 Quis
1177 3550 1246 3603 tau·

150 3643 221 3707 dem
243 3642 413 3707 πέπυσταιὶ
438 3640 644 3705 Menelausne
664 3663 704 3704 an
729 3641 925 3705 Hermiona?
948 3639 1129 3705 Enimvero·
1142 3638 1247 3717 ambo,

152 3763 188 3809 ut
202 3762 233 3810 et
247 3744 436 3833 praecedenti
451 3767 542 3810 versu
558 3759 605 3808 est
624 3747 749 3809 κτείνειν
762 3744 911 3826 μέλλουσι
931 3758 963 3808 et
984 3742 1102 3829 ubique
1124 3762 1181 3830 per
1203 3756 1249 3808 to-

152 3863 214 3911 tam
238 3847 318 3912 hano
339 3870 471 3912 scenam.
517 3846 636 3912 Vitiosa
657 3846 754 3934 igitur
775 3846 874 3912 oratio
896 3860 943 3910 est
966 3868 1040 3933 quoe
1056 3868 1095 3911 ex
1122 3846 1250 3912 duobus

151 3971 286 4034 quorum
309 3949 416 4013 eodem
442 3965 574 4036 uterque
591 3949 667 4036 jure
688 3948 817 4035 intelligi
839 3963 941 4035 potest
965 3972 1063 4014 unum
1086 3965 1249 4027 memorat,

152 4073 209 4123 nec
231 4065 335 4115 tamen
357 4051 506 4117 nominat.
551 4053 651 4116 Porto
666 4051 885 4138 Euripideasi
904 4051 1018 4139 sapuit,
1034 4050 1086 4115 vix
1100 4050 1161 4116 ista
1174 4051 1248 4117 scti-

151 4155 225 4220 bere
247 4153 350 4242 potuit
374 4176 465 4218 versu
491 4153 648 4240 sequenti:
672 4156 725 4219 οὐκ
749 4153 812 4220 ott’·
836 4157 956 4220 ἐκείνων
984 4153 1008 4218 δ’
1032 4153 1170 4241 ᾐσθόμην
1190 4155 1250 4237 ἐγὼ

153 4258 231 4323 τόδε.
277 4259 376 4322 Recte
390 4257 517 4344 quidem
533 4259 586 4323 αιἰκ
600 4257 668 4323 οἶδα
680 4257 845 4345 respondet
865 4256 994 4332 famula,
1008 4279 1108 4342 quum
1123 4256 1164 4320 ab
1179 4259 1248 4320 An·

154 4359 421 4426 dromacha-unde
438 4359 604 4426 Menelaus
617 4375 649 4425 et
665 4361 840 4425 Hermiona
853 4359 985 4424 Molossi
1007 4357 1140 4424 latebras
1161 4359 1254 4423 resei-

155 4464 271 4529 vissent
292 4463 483 4550 interrogata
496 4477 584 4528 esset.
632 4463 705 4528 Sed.
716 4462 770 4527 illa
782 4461 860 4548 quid
883 4461 940 4527 sibi
956 4462 1066 4527 volunt
1084 4463 1207 4527 ἐκείνων
1225 4464 1250 4525 δ’

1417 4524 1424 4655 l
