2864 4914
499 295 566 358 AD
590 295 929 360 HIPPOLYTUM.
1200 297 1262 361 301

163 463 318 551 reiigione
333 487 370 530 ac
384 466 555 554 diligentia
570 476 744 544 executum,
759 489 905 532 coronam
921 468 1032 531 Romae
1045 468 1081 531 in
1096 488 1157 532 ara
1172 468 1268 556 Apol-

161 565 239 632 linis
253 568 441 656 deposuisse.
466 571 615 636 MONK.

206 671 279 735 808.
296 673 425 759 κλῇθρα]
443 678 566 755 κλεῖθρα
582 676 655 738 Par.
673 677 717 739 A.
734 673 821 739 Flor.
840 680 894 760 151
907 675 953 738 H.

208 777 280 861 809.
292 777 383 842 Lasc.
394 776 472 841 Ald.
496 776 636 843 ἐκλύσαά
653 778 770 859 ὁρμοὺς,
782 779 820 845 ὣς
830 781 882 842 ἴδω
893 779 959 862 (ἵδῳ
971 774 1066 861 Ald.)
1083 777 1266 858 δυσδαίμονα

163 882 232 944 Γνν.
255 879 370 944 eaedem
394 879 479 943 huuc
494 902 617 944 versum
633 895 779 967 repetunt
801 894 872 967 post
893 902 924 943 v.
940 880 1014 958 824.
1029 878 1074 943 ita
1093 878 1262 966 scriptum:

162 981 278 1047 ἐκλύεθ’
294 984 412 1064 άρμοὺς,
430 984 468 1050 ὡς
487 986 539 1048 ἴδω
558 986 624 1068 (tii,
647 981 740 1065 Ald.)
757 985 864 1064 πικρὰν
882 980 965 1048 θεάν.
1010 983 1064 1046 Ex
1085 981 1183 1048 altero
1197 985 1266 1048 loco

164 1107 286 1149 versum
309 1085 495 1172 ejiciendum
518 1109 583 1149 esse
605 1085 713 1149 docuit
727 1084 836 1150 Valck.
883 1086 998 1172 Itaque
1019 1108 1098 1172 quas
1120 1084 1266 1150 lectiones

162 1186 215 1251 illo
230 1187 297 1251 ioco
312 1187 417 1267 habet,
432 1187 472 1252 ad
489 1204 629 1253 nostrum
645 1187 818 1252 refereudae
832 1202 915 1253 sunt.
955 1191 1008 1253 Ex
1024 1213 1062 1254 eo
1077 1187 1190 1253 ἐκλύεά
1206 1212 1265 1275 pro

164 1287 302 1352 ἐκλύσαθ’
318 1288 432 1376 recepit
449 1287 559 1354 Vaick.
590 1290 680 1355 Infra
695 1313 754 1377 pro
769 1289 883 1355 ἔκλύεά
900 1292 987 1356 Flor.
1007 1305 1058 1376 15.
1075 1289 1266 1357 inimici.—

164 1390 219 1454 Ad
235 1393 346 1473 ἁρμούς
360 1391 391 1454 in
408 1393 480 1456 Par.
499 1393 538 1458 Β.
554 1391 764 1478 adscriptum:
789 1418 836 1476 γρ.
852 1394 1054 1474 ὁρμάς-ὧς
1075 1396 1127 1458 ἴδω
1145 1394 1265 1458 δυσδαί-

162 1519 240 1576 μονα
263 1493 351 1558 nullo
373 1494 467 1558 modo
492 1493 614 1559 tolerari
640 1518 731 1583 posse
754 1510 837 1559 recte
859 1494 935 1561 dicit
957 1493 1065 1559 Valck.
1111 1495 1226 1581 Itaque
1247 1518 1266 1560 e

164 1596 248 1662 Flor.
274 1599 316 1661 A.
339 1620 476 1683 quocum
496 1597 674 1686 conspirant
701 1596 786 1664 Flor.
809 1610 859 1662 10.
887 1611 918 1661 et
939 1598 1045 1661 Havn.
1071 1597 1186 1684 recepit
1210 1597 1266 1662 τὸν

163 1704 298 1781 δαίμονα.
321 1703 395 1766 Par.
413 1704 455 1766 A.
480 1701 533 1766 τὸν
555 1704 737 1782 δυσδαίμονα
756 1705 833 1786 (non
856 1700 910 1766 τὸν
933 1703 1069 1782 δυσδαίμ.
1091 1701 1206 1783 νεκρὸν,
1229 1715 1265 1766 ut

162 1803 238 1868 dicit
254 1802 380 1887 Valck.)
422 1806 465 1869 Ut
479 1804 602 1869 videam
626 1806 747 1869 iridem
769 1805 882 1868 umoris
903 1825 979 1868 αισα
999 1813 1113 1870 sortem
1131 1803 1266 1892 explicat

164 1906 274 1972 Valck.
297 1907 398 1972 fassus
421 1923 537 1988 tamen,
560 1930 716 1995 nusquam
740 1907 771 1971 in
795 1905 909 1972 talibus
932 1904 1008 1970 loeis
1029 1929 1061 1970 se
1082 1906 1193 1994 legisse
1211 1907 1266 1973 τὸν

163 2010 299 2091 δαίμονα.
343 2013 388 2075 Εῑ
403 2010 475 2099 quis
489 2033 629 2098 unquam
644 2033 703 2097 pro
717 2019 755 2074 ui
768 2011 882 2074 uxorii
896 2009 1032 2074 cadaver
1047 2010 1169 2076 videam
1184 2009 1266 2075 dixit

164 2122 200 2177 ut
220 2122 335 2177 sortem
359 2115 510 2198 (tristem)
533 2115 645 2178 uxorii
667 2113 818 2178 videam?
841 2110 973 2176 Rectius
997 2112 1136 2178 Brunck.
1161 2111 1266 2178 lectio·

163 2238 234 2279 nem
252 2237 360 2279 versus
381 2229 452 2303 post
468 2216 543 2298 824.
557 2216 664 2282 inserti
678 2215 843 2304 ampiexus
857 2229 916 2295 est,
931 2217 970 2282 ὡς
991 2218 1043 2280 ἴδω
1060 2219 1168 2298 πικρὰν
1182 2216 1266 2282 θεάν.

165 2317 313 2405 Suspicor
326 2317 421 2397 enim,
436 2342 536 2406 quum
553 2318 595 2383 sic
616 2318 767 2407 scriptum
781 2340 905 2382 versum
928 2317 1095 2383 invenisset
1110 2317 1266 2394 librarius,

163 2444 234 2485 eum
265 2420 441 2508 explicandi
471 2445 564 2487 causa
590 2421 746 2486 addidisse
775 2421 827 2485 τὸν
853 2423 1036 2502 δυσδαίμονα
1060 2423 1176 2502 νεκρόν,
1204 2419 1265 2485 hoc

163 2523 277 2588 deinde
299 2524 330 2587 in
359 2537 481 2589 textum
508 2524 640 2605 illatum,
663 2539 706 2604 et,
731 2537 766 2588 ut
787 2539 888 2589 metro
910 2536 1083 2611 aptaretur,
1106 2537 1266 2612 expuncto

164 2629 279 2710 νεκρόν,
309 2627 350 2691 ab
378 2626 446 2692 aliis
483 2630 536 2693 τόν
565 2628 704 2693 deletum
733 2649 810 2706 esse,
838 2626 879 2690 ab
912 2624 980 2690 aliis
1015 2625 1166 2716 syllabam
1203 2632 1264 2695 δας.

165 2731 358 2794 ΜΑΤΤΗ.

208 2834 283 2915 814.
299 2832 322 2897 ὦ
336 2857 398 2898 om.
416 2836 488 2898 Par.
506 2836 549 2899 A.
566 2834 652 2898 Flor.
671 2854 719 2898 10.
738 2848 787 2917 15.
805 2834 850 2897 H.

206 2937 325 3020 βιαίως]
344 2935 529 3024 Legendum
545 2938 636 3022 βιαίῳ
650 2959 722 3002 cum
739 2934 890 3000 Elmsleio
903 2933 943 3000 ad
960 2934 1088 3001 Hel-acl.
1104 2939 1175 3022 926.

208 3041 281 3124 815.
297 3039 387 3122 χερὸς
401 3062 463 3104 om.
479 3041 553 3104 Par.
570 3041 614 3126 A.

208 3144 281 3207 816.
306 3145 350 3210 τίς
365 3144 424 3225 άρα
437 3145 506 3218 σὰν,
524 3141 637 3208 τάλαιν’
655 3144 727 3206 Par.
743 3142 836 3206 A.H.
875 3139 1060 3228 Legebatur
1074 3143 1120 3210 τίς
1133 3143 1192 3225 ipa
1204 3146 1266 3211 σὰν

163 3245 320 3310 τάλαιναν.

206 3348 292 3433 ζόαν]
311 3348 401 3414 Libri
417 3349 505 3427 ζωάν.
545 3347 691 3413 Correxit
706 3344 870 3426 Motibus,
885 3344 940 3432 qui
954 3345 1027 3422 ζοάν
1041 3345 1172 3434 scripsit.

208 3451 281 3535 817.
297 3450 385 3538 ὤμοι]
403 3454 437 3518 ld
451 3479 501 3533 μοι
516 3452 604 3516 Flor.
621 3470 671 3536 15.

206 3557 307 3619 πόνων
323 3556 397 3618 Par.
413 3556 507 3619 A.H.
533 3552 639 3642 Vulgo
653 3552 781 3618 παθέων.

207 3655 264 3743 ὧν]
281 3655 304 3720 ὣ
320 3658 393 3722 Par.
408 3659 453 3722 A.
478 3655 604 3721 Omittit
621 3657 669 3719 H.
698 3654 792 3733 Quod
806 3665 878 3742 post
893 3655 1006 3719 ἔπαθον
1020 3653 1143 3720 addunt
1156 3653 1226 3720 iibri
1242 3653 1266 3721 ὦ

164 3758 278 3823 delevit
309 3758 496 3824 Brunckius.
542 3760 638 3824 Nunc
667 3757 744 3823 mihi
774 3756 970 3844 praeferenda
998 3756 1124 3822 videtur
1152 3756 1267 3827 codicis

166 3860 355 3925 Havniensis
377 3860 468 3927 lectio
486 3862 560 3942 ὤμοι
583 3862 642 3943 ἐγὼ
663 3861 774 3924 πόνων·
797 3859 910 3929 ἔπαθον
931 3856 1036 3943 ὦ(νε1
1058 3859 1096 3941 ὢ)
1114 3860 1208 3929 τάλας
1229 3863 1270 3926 τὸ»

163 3961 279 4042 μάκιστ’
297 3965 374 4042 ἒμῶν
389 3970 495 4029 κακῶν.

208 4065 302 4132 τάλας
325 4067 398 4129 Ρατ.
417 4068 458 4130 E.
477 4065 564 4131 Flor.
583 4085 613 4133 2.
632 4064 699 4148 (sed
721 4063 753 4128 in
776 4063 836 4129 hoc
857 4076 1032 4128 transverso
1045 4062 1164 4129 calamo
1182 4064 1265 4130 dele·

165 4170 249 4250 tum)
272 4187 320 4254 15.
338 4171 429 4233 Lasc.
451 4167 579 4234 τάλαινα
593 4167 671 4233 Ald.
694 4168 782 4234 πόλις
797 4168 870 4230 Ρατ.
887 4169 929 4231 A.
945 4165 1030 4230 Flor.
1046 4168 1090 4230 A.
1109 4186 1158 4231 10.
1176 4169 1221 4235 H.

209 4272 283 4336 818.
297 4271 415 4352 μάκιστ’
432 4272 505 4336 Par.
521 4272 606 4336 A.B.
623 4272 708 4336 Flor.
725 4272 938 4354 A.2.10.15.
959 4267 1139 4349 μήκιστ’,Η.
1162 4270 1267 4358 Vulgo

165 4373 288 4439 κάκιστ’.
334 4373 457 4438 Eadem
471 4372 651 4461 corruptela
664 4371 780 4438 Helen.
796 4389 889 4458 1512.

210 4476 297 4564 rixa]
315 4479 388 4562 fixi
404 4478 452 4542 H·
