2864 4914
553 298 621 363 AD
645 298 870 365 MEDEAM.
1198 297 1260 362 211

157 466 277 547 τρόιιου.
298 491 393 553 quem
410 492 544 548 versum,
560 470 675 536 lectum
690 471 732 537 ab
745 471 919 546 scholiasta,
936 471 975 534 B.
990 470 1022 533 iu
1044 469 1183 557 margine
1202 469 1258 534 ha-

156 567 220 633 bet.
260 571 423 636 confictus
437 584 484 636 est
499 597 538 637 ex
557 597 585 638 v.
603 575 675 639 808.
697 574 764 657 μηδ’
779 576 940 658 ἣσυχαίαν,
955 576 1038 638 όλλδ
1054 572 1178 655 θατέρου
1192 575 1259 654 τρό-

156 694 223 745 που,
240 671 326 758 quod
342 674 560 740 animadvertit
577 676 744 741 Piersonus
759 676 902 742 Verisim.
917 700 948 763 p.
963 679 1015 762 58.

197 790 271 858 305.
288 776 339 860 αὖ]
356 778 410 840 οὖν
425 774 502 841 Ald.
519 794 550 842 et
564 779 658 843 Rom.
676 781 712 845 C.

198 879 273 961 306.
290 879 357 963 οὖν]
376 881 413 943 αδ
426 880 471 943 A.
486 879 602 968 aliique
616 881 756 946 nonnulli
772 905 842 947 cum
859 881 936 946 Ald.

198 998 274 1064 309.
290 981 443 1069 ἠδίκηκας]
458 983 599 1064 ἠδίκησας
613 983 678 1047 duo
692 984 785 1049 oodd.

200 1082 300 1160 ἕίέδου
315 1085 405 1165 κόρην
423 1083 429 1168 Ι
448 1087 506 1172 ὅτῳ
521 1111 558 1150 σε
573 1087 665 1167 θυμὸς
678 1087 766 1171 ἦγεν]
784 1085 938 1152 Usitatior
955 1085 1014 1150 hae
1036 1082 1260 1171 significatione

156 1199 202 1248 est
223 1184 325 1249 activa
348 1186 449 1251 forma
471 1191 627 1263 ἐκδιδόναι,
649 1212 744 1276 quam
765 1204 898 1276 usurpat
924 1200 1029 1252 noster
1048 1185 1159 1273 Suppl.
1186 1205 1258 1271 133.

154 1288 206 1372 'sp
221 1287 244 1351 δ’
262 1289 405 1367 ἐξέδωκας
419 1295 525 1357 παῖδας
536 1289 682 1373 Ἀργείων
697 1291 796 1356 σέθεν.
842 1290 939 1355 Adde
962 1292 1103 1355 ἐκδώσειν
1121 1289 1196 1375 Iph.
1211 1290 1257 1352 A.

160 1407 231 1476 132.
249 1393 323 1472 687.
338 1391 388 1455 El.
408 1412 481 1475 249.
506 1395 674 1474 ἐκδώσομεν
690 1395 763 1481 lph.
779 1397 824 1459 A.
841 1413 914 1479 729.
942 1396 1078 1458 ἐκδοῦναι
1091 1390 1167 1456 ibid.
1182 1395 1258 1475 736.

155 1492 229 1576 964.
267 1494 407 1559 Mediam
431 1495 563 1559 formam
587 1513 719 1584 usurpat
739 1498 924 1562 Herodotus
940 1516 968 1563 α.
984 1512 1037 1580 47.
1053 1495 1123 1560 οὐδέ
1137 1504 1194 1577 σφι
1209 1494 1257 1557 ἐκ·

157 1598 291 1662 δίδοσθαι
318 1599 466 1681 θυγατέρα
490 1599 586 1666 οὐδεὶς
612 1600 721 1673 ἐθέλει,
746 1599 806 1664 οὐδ’
831 1603 960 1683 ἄγεσθαι
984 1601 1016 1678 ἐξ
1041 1597 1162 1663 αὐτέων·
1187 1593 1257 1660 δλλ’

156 1700 323 1764 ἐκδίδονταί
335 1727 368 1765 τε
383 1705 412 1766 ol
427 1707 560 1781 συβῶται
576 1704 624 1766 καὶ
639 1704 763 1784 ἄγονται
778 1705 810 1782 ἐξ
825 1702 978 1782 ἀλλήλων.
1002 1699 1095 1767 Plato
1110 1700 1214 1786 Legg.
1225 1715 1256 1782 5.

157 1823 189 1888 p.
206 1818 270 1885 740
286 1805 324 1867 C.
340 1805 408 1871 τοὺς
428 1807 460 1867 δέ
475 1805 587 1871 ἄλλους
609 1811 725 1882 παῖδας,
741 1807 786 1874 οἶς
802 1806 841 1871 δν
854 1808 975 1873 πλείους
997 1804 1064 1872 ἑνδς
1084 1805 1257 1886 γίγνωνται,

158 1908 279 1984 θηλείας
293 1931 325 1969 τε
341 1907 481 1971 ἐκδόσθαι
496 1911 570 1970 κατὰ
584 1909 677 1987 νόριον
690 1908 743 1972 τδν
762 1911 1046 1993 ἐπιταχθησόμενον·
1068 1906 1194 1990 ἄρρενός
1214 1929 1258 1979 τε,

158 2008 202 2073 οἶς
216 2006 254 2071 δν
268 2013 319 2086 τῆς
334 2008 481 2090 γενέσεως
504 2011 630 2097 ἐλλείπῃ
652 2017 711 2076 τῶν
730 2018 872 2089 πολιτῶν,
887 2013 1000 2078 τούτοις
1013 2013 1085 2076 υἱεῖς
1099 2008 1257 2088 διανέμειν.

158 2109 385 2174 Demosthenes
405 2111 556 2177 adversus
579 2113 732 2200 Spudiam
755 2136 787 2201 p.
806 2133 885 2178 1021
905 2115 947 2177 D.
969 2119 1086 2196 πρῶτον
1108 2110 1132 2175 δ’
1150 2108 1198 2193 ἐφ’
1214 2110 1260 2176 οἶς

159 2212 275 2292 ἐξέδοτο
294 2213 325 2296 [δ
340 2215 529 2283 Πολύευκτος
542 2219 595 2282 τδς
609 2217 801 2302 θνγατέρας],
815 2219 928 2281 τούτων
941 2215 1024 2296 λόβε
1044 2240 1094 2296 μοι
1115 2213 1169 2292 την
1183 2238 1258 2294 pup-

157 2319 270 2397 ιυρίαν.
308 2315 499 2382 Plutarchus
518 2318 644 2383 Theseo
665 2343 696 2406 p.
720 2339 740 2382 2
760 2322 803 2382 A.
826 2319 942 2400 Πέλοψ
962 2321 1021 2401 γὰρ
1043 2317 1078 2381 οὐ
1099 2315 1260 2400 χρημάτων

157 2418 265 2498 πλήθει
285 2423 413 2499 μᾶλλον,
428 2417 447 2499 ἢ
461 2423 583 2495 παίδων,
604 2420 749 2504 μέγιστον
770 2425 879 2505 ἴσχυσε
900 2426 960 2485 τῶν
980 2422 1014 2484 ἐν
1029 2416 1257 2502 Πελοποννήσῳ

156 2521 322 2601 βασιλέων,
337 2526 455 2591 πολλὰς
467 2525 523 2604 μὲν
539 2525 696 2605 ἐκδόμενος
710 2525 873 2607 θυγατέρας
893 2529 954 2591 τοῖς
969 2524 1111 2605 ἀρίστοις,
1126 2518 1260 2587 πολλοὺς

158 2626 191 2688 δὲ
205 2631 270 2691 ταῖς
282 2626 446 2693 πολιτείαις
459 2627 540 2693 υἱοὺς
562 2628 798 2709 ἐγκατασπείρας
811 2628 969 2710 ἄρχοντας.
1006 2622 1107 2711 Apud
1131 2619 1260 2709 Euripi·

158 2723 230 2787 dem
254 2724 329 2789 Hel.
353 2746 428 2811 939.
452 2727 619 2815 legendum
646 2728 787 2816 suspicor
810 2729 976 2808 ἐκδόσοραι
1002 2748 1061 2811 pro
1086 2723 1259 2804 έδνόσομαι.

200 2946 273 3017 317.
289 2933 437 3011 βουλεθης
451 2931 631 2997 Elmsleius.
654 2932 837 3020 Legebatur
850 2933 1028 3019 βουλεύσης.

200 3035 384 3121 βουλεύσῃς]
404 3034 534 3123 Scripsit
549 3034 731 3124 Euripides,
744 3035 776 3099 ni
788 3034 891 3113 fallor,
903 3033 944 3116 μή
958 3059 988 3097 τι
1000 3034 1148 3114 βουλειίης
1159 3030 1260 3095 κακόν.

159 3135 232 3199 Non
247 3136 354 3199 eadem
371 3152 417 3201 est
433 3137 512 3202 ratio
534 3139 630 3225 hujus
644 3161 753 3203 versus
767 3153 798 3203 et
812 3154 865 3224 37.
881 3138 999 3204 δέδοικα
1020 3134 1044 3200 δ’
1061 3135 1164 3215 αὐτὴν,
1179 3134 1220 3215 μή
1233 3160 1262 3198 τι

158 3240 311 3319 βουλεύσῃ
337 3239 415 3303 νέον.
463 3240 514 3305 lbi
536 3241 617 3305 enim
641 3241 755 3306 metuit
776 3241 884 3305 nutrix
906 3261 947 3303 ne
968 3238 1041 3303 mali
1063 3236 1182 3325 aliquid
1203 3236 1260 3301 ali·

158 3341 287 3427 quando
308 3341 401 3406 faciat
422 3342 550 3408 Medea.
597 3343 662 3409 Hic
685 3367 760 3408 vero
779 3344 954 3432 suspicatur
977 3344 1082 3408 Creon
1105 3362 1172 3406 eam
1192 3341 1260 3427 jam

158 3442 273 3508 malum
291 3444 445 3524 meditari,
460 3445 579 3533 quippe
593 3470 666 3533 quoe
683 3446 772 3511 aliter
794 3446 906 3512 sentiat
926 3469 962 3512 ac
984 3445 1141 3532 loquatur.
1188 3443 1261 3521 Quo

159 3569 251 3611 sensu
266 3570 329 3612 non
344 3548 459 3613 dicitur
475 3551 515 3631 μὴ
528 3553 699 3638 βαυλεθσῃς
720 3550 775 3615 sed
794 3552 835 3633 μὴ
856 3552 1011 3631 βουλειίης.
1058 3547 1120 3627 Qui
1142 3546 1264 3616 δέδοικα

157 3648 197 3729 μδ
226 3651 379 3731 ἀσθενήσῃ
408 3651 494 3730 dicit,
522 3652 698 3742 suspicatur
727 3653 849 3719 Titium
879 3665 949 3740 post
976 3649 1107 3738 aliquod
1122 3662 1261 3736 tempus

157 3767 310 3837 agrotum
334 3754 418 3818 lore:
444 3755 499 3841 qui
523 3778 597 3819 vero
620 3755 737 3821 δέδοικα
758 3756 798 3836 μὴ
822 3757 945 3841 όισθενῇ,
968 3775 1040 3817 eum
1058 3753 1125 3840 jam
1151 3749 1261 3815 morbo

157 3852 299 3920 laborare
313 3870 417 3943 putat.
437 3858 552 3920 ELM.

200 3961 274 4042 318.
298 3963 409 4044 τοσῷδε
431 3956 472 4041 δ’]
495 3959 611 4046 τοσῷδέ
633 3959 661 4042 γ’
685 3959 762 4023 Ald.
785 3972 817 4024 et
836 3958 955 4046 aliquot
972 3955 1063 4022 codd.
1086 3957 1212 4020 τοσόνδε
1234 3951 1258 4018 δ’

160 4061 251 4125 Lasc.

200 4182 275 4249 319.
291 4164 384 4230 οὕτως
397 4164 565 4227 Porsonus.
597 4162 687 4227 Libri
701 4178 733 4227 et
746 4162 969 4250 grammaticus
984 4159 1121 4225 Bekkeri
1136 4157 1260 4224 Aneod.

158 4289 191 4354 p.
205 4285 281 4347 412.
300 4285 352 4348 19.
369 4268 473 4343 οὕτως,
489 4263 575 4353 quod
593 4264 811 4330 revocandum.

202 4387 276 4453 322.
292 4368 399 4455 δραρε]
416 4368 505 4449 ἄρηρε
519 4367 596 4431 Ald.
612 4366 662 4431 hic
676 4382 708 4433 et
722 4368 827 4433 Andr.
847 4383 919 4453 254.

202 4491 277 4558 323.
292 4471 407 4555 μενεῖς]
423 4470 514 4550 μένης
527 4471 614 4535 Α.Β.
630 4469 745 4556 aliique
759 4494 831 4537 cum
848 4471 942 4535 Laoc.

684 4595 702 4637 Ρ
720 4593 738 4640 2
