2864 4914
172 291 239 355 28⁰
505 353 508 357 ,
537 291 917 358 ANNOTATIONES

220 463 293 530 162.
309 462 399 547 κακὰ]
416 467 490 546 κακᾷ
506 464 579 528 Psr.
595 465 689 529 A.H.
707 463 805 550 Soph.
821 465 880 529 Tr.
898 482 967 528 110.
982 473 1144 548 comparet
1159 461 1278 527 Mouk-

174 566 224 632 ius
239 568 332 632 κακάν
347 567 496 631 δύστανον
511 568 691 642 ἐλπίζουσαν
706 566 805 630 αἶσαν.

222 671 292 748 164.
316 671 379 733 Per
400 669 574 751 ἀφροσύνας
595 668 724 737 denotat
745 681 839 756 poeta
852 667 938 733 illam
953 666 1065 732 mentis
1079 666 1276 755 depravatio-

176 792 258 849 nem,
269 793 363 855 quam
379 770 412 834 in
428 772 544 837 morbis
558 771 749 858 quibusdam
760 771 961 836 soeminarum
976 792 1038 834 non
1053 792 1126 835 raro
1139 769 1279 836 accidere

175 886 308 938 testatur
323 874 537 960 Musgrsvius.
583 873 689 940 Aliam
708 875 872 940 lectionem
895 875 1105 957 ἀυσφρσαόνας
1125 886 1278 940 memorat

176 975 271 1040 schol.
290 977 391 1040 MON
398 978 438 1041 K.

223 1081 405 1162 166-170.
421 1081 537 1145 Versus
556 1078 622 1144 duo
636 1079 679 1145 sic
693 1079 868 1168 digerendi,
883 1084 939 1145 τάν
953 1078 977 1145 δ’
993 1081 1123 1164 εόλαχον
1136 1079 1280 1162 οὐρανίου

176 1183 270 1261 τόξων
283 1182 450 1264 μεδέονσαν
465 1181 735 1266 ἀότεννἈρτεμιν·
757 1183 846 1263 aiter,
862 1184 913 1249 καί
928 1208 980 1263 μοι
1000 1181 1208 1262 πολυζήλωτος
1228 1184 1279 1248 ἀεὶ

177 1285 233 1350 σὺν
248 1290 345 1351 θεοῖσι
359 1289 461 1370 φοιτᾷ.

223 1389 293 1453 168.
324 1387 431 1453 ἀότευν
455 1387 598 1472 Ἀρτεμιν
628 1390 700 1453 Par.
728 1391 773 1453 A.
800 1387 886 1453 Flor.
911 1407 958 1452 10.
1004 1387 1110 1476 Vulgo
1134 1387 1278 1469 Ἄρτεμιν

176 1488 295 1556 ἀότευν.

222 1610 293 1677 171.
315 1595 367 1674 ἥδε
390 1596 511 1677 τροφός,
533 1616 572 1658 en
593 1596 760 1674 nutricem,
781 1610 818 1658 ut
833 1593 945 1658 AEsch.
962 1595 995 1658 S.
1009 1618 1036 1660 c.
1054 1593 1119 1658 Th.
1136 1591 1212 1679 368.
1228 1594 1278 1657 καὶ

174 1697 233 1777 μὴν
247 1698 322 1776 ἀναξ
336 1695 378 1761 ὅδ’
395 1697 491 1771 αὐτὸς,
507 1698 633 1762 Οἰδίπου
647 1697 741 1772 τόκος,
759 1699 811 1765 Εἷς
828 1699 1008 1779 ἀρτίκολλον
1028 1699 1161 1780 ἀγγέλου
1181 1698 1277 1779 λόγον

174 1805 291 1881 μαθεῖν.
308 1801 405 1888 Soph.
420 1800 533 1887 Antig.
549 1802 623 1885 516.
652 1802 711 1865 Καὶ
724 1801 783 1883 μὴν
796 1801 853 1883 πρὸ
868 1807 971 1866 πυλῶν
985 1800 1029 1881 ἥδ’
1044 1800 1167 1884 Ἰσμήνη
1183 1799 1274 1884 φιλό-

176 1907 275 1985 ὃελφα
290 1902 367 1967 κάτω
382 1902 480 1986 δάκρυ’
496 1903 648 1984 εἰβομένη.
663 1904 856 1967 ΜΑΤΤΗ.

222 2022 294 2093 173.
309 2005 466 2087 αὐξάνεται
479 2006 571 2071 codd.
586 2021 617 2070 et
633 2008 724 2072 Lssc.
741 2009 859 2087 αὔξεται
873 2005 951 2072 Aid.

222 2128 293 2194 179.
308 2109 458 2192 λαμπρὸν,
474 2107 533 2196 ὅδ’]
550 2109 686 2193 λαμπρὸς
700 2107 742 2175 ὅδ’
760 2112 834 2174 Par.
850 2111 894 2174 A.

223 2213 294 2276 181.
310 2214 425 2301 κοίτας]
443 2211 647 2277 Scribendum
664 2215 760 2292 κοίτης
773 2235 812 2275 ex
826 2214 899 2276 Par.
915 2213 959 2275 A.

221 2314 293 2398 185.
308 2315 377 2380 οὐδέ
392 2313 438 2404 σ’]
454 2316 541 2380 οὐδὲν
557 2314 644 2380 Flor.
660 2333 689 2380 1.
705 2315 797 2379 Lasc.
813 2313 900 2378 οὐδέν
914 2311 942 2376 σ’
958 2311 1108 2398 8101115.

222 2418 293 2482 188.
316 2418 351 2482 τὸ
373 2418 431 2499 μέν
448 2420 531 2483 ἐστιν
545 2418 676 2502 ἀπλοΰν]
695 2416 735 2482 Id
759 2432 806 2482 est
826 2416 860 2481 τὸ
881 2419 938 2497 μὲν
959 2415 1018 2499 γάρ
1041 2418 1124 2481 ἔστιν
1146 2420 1273 2481 ἁπλοῦν.

176 2519 247 2586 vid.
264 2521 303 2585 ad
321 2521 413 2585 Med.
431 2542 524 2606 1094.

222 2642 292 2709 191.
308 2623 378 2688 ἀλλ’
393 2626 411 2687 ό
425 2624 466 2708 τι]
483 2625 563 2688 ἄλλό
576 2649 604 2687 τι
619 2625 664 2687 Η.
681 2622 757 2687 Ald.

221 2746 292 2812 193.
317 2727 490 2813 ἀρπίσχων]
507 2729 659 2810 ἀμπίσχον
675 2728 767 2791 Lasc.
784 2725 876 2803 Ald.,
892 2748 954 2790 non
976 2723 1107 2789 codices.
1129 2727 1146 2788 ὁ
1168 2727 1275 2791 σκότος

175 2828 283 2915 tragici
299 2829 401 2894 dicere
421 2829 531 2906 solent,
548 2851 607 2893 non
627 2829 660 2892 τὸ
679 2833 795 2904 σκότος,
811 2829 898 2918 quod
919 2828 1077 2894 interdum
1100 2828 1274 2892 intulerunt

174 2931 302 3009 librarii,
319 2933 442 3000 σκότους
454 2955 513 3019 pro
528 2934 636 2996 σκότου
651 2933 829 2998 scribentes.

222 3050 291 3120 195.
306 3032 401 3121 τοῦδ’]
418 3035 458 3100 Id
473 3050 520 3100 est
534 3041 586 3100 τοῦ
600 3039 662 3115 ζῆν.

218 3143 277 3221 γάν
291 3140 362 3202 Par.
379 3141 424 3203 A.
440 3139 525 3203 Flor.
543 3159 590 3203 10.
637 3137 741 3226 Vulgo
754 3141 822 3221 γῆν,
839 3138 926 3226 quod
941 3139 1161 3203 revocandum.

222 3244 291 3322 196.
308 3242 521 3326 ἀπειροσύναν]
541 3240 746 3306 scribendum
764 3243 963 3323 ἀπειροσύνην
978 3265 1016 3306 ex
1033 3244 1078 3306 H.

221 3365 291 3428 197.
314 3346 383 3408 κούκ
405 3344 569 3431 ἀπόδειξιν]
586 3343 787 3431 Conjunctim
809 3343 990 3431 accipienda
1011 3344 1100 3431 quasi
1122 3358 1201 3409 esset
1224 3342 1273 3408 κά·

174 3453 279 3528 λυψιν.
304 3447 446 3512 MUSG.
495 3446 566 3511 vid.
587 3446 709 3511 Duker.
728 3447 769 3510 ad
792 3446 943 3535 Thucyd.
967 3469 995 3527 1,
1019 3466 1089 3535 137.
1114 3450 1208 3513 Koen.
1230 3445 1272 3510 ad

177 3551 273 3638 Greg.
291 3553 363 3614 Cor.
380 3573 412 3636 p.
428 3571 482 3631 41.
500 3552 691 3614 MATTH.

217 3654 318 3740 γαίας]
334 3659 425 3735 γαῖαν
441 3655 515 3718 Par.
530 3653 575 3716 A.

221 3754 290 3839 198.
307 3754 420 3841 αἴρετε]
437 3757 527 3838 ἀρατε
543 3754 588 3818 Η.
601 3752 687 3818 Flos.
704 3756 748 3818 A.
765 3753 844 3818 Ald.
869 3756 933 3817 Pro
948 3776 1013 3817 var.
1028 3753 1099 3818 lect.
1117 3755 1202 3819 Flor.
1220 3773 1249 3818 2.

219 3877 292 3940 199.
308 3857 411 3943 φίλαι]
429 3860 527 3938 φίλων
543 3856 630 3921 Flor.
648 3857 722 3921 du0.

218 3977 291 4022 200.
307 3960 469 4046 πρόπολοι]
485 3962 654 4043 πρόσπολοι
668 3961 808 4047 quinque
823 3958 915 4023 codd.

171 4078 174 4084 ’
218 4078 289 4126 101.
305 4061 369 4145 μοι]
386 4088 443 4141 μου
458 4061 544 4128 Flor.
561 4082 590 4129 2.
606 4077 638 4127 et
653 4063 731 4127 Ald.
757 4064 795 4126 In
811 4088 862 4143 μοι
876 4061 1028 4125 consentit
1043 4061 1177 4149 Dionys.
1196 4063 1272 4125 Hal.

172 4165 240 4246 περὶ
255 4165 423 4230 συνθέσεως
437 4166 482 4229 όν.
500 4188 532 4251 p.
546 4184 598 4251 19,
613 4186 667 4246 41.
691 4166 882 4230 ΜΑΤΤΗ.

218 4267 363 4350 κεφαλῆς]
397 4265 602 4332 Scribendum
634 4273 776 4349 κεφαλᾶς,
805 4283 841 4333 ut
869 4268 901 4331 in
932 4267 1001 4331 loco
1030 4266 1119 4331 simili
1145 4264 1271 4329 Medeae

175 4393 205 4436 v.
224 4389 297 4451 144,
321 4368 379 4433 nisi
400 4367 450 4432 hic
471 4369 592 4456 vulgari
609 4371 711 4436 forma
734 4394 808 4436 usus
829 4387 876 4438 est
898 4388 1002 4460 poeta,
1018 4372 1050 4435 in
1069 4367 1272 4456 sequentibus

171 4473 298 4538 demum
320 4469 462 4539 versibus
483 4470 639 4551 Phoedrae,
659 4488 815 4538 crescente
836 4473 931 4538 animi
954 4489 1053 4553 motu,
1075 4472 1114 4537 ad
1137 4470 1271 4536 Doricus
