2864 4914
202 252 267 322 472
295 316 298 323 ,
560 254 941 320 ANNOTATIONES

204 428 279 489 κακὰ
299 447 394 511 quam
423 426 531 504 κακῶν,
556 437 592 490 ut
612 425 668 507 ἤθη
693 429 811 511 χρηστὰ
834 426 1020 492 Menander.
1052 425 1147 490 Plato
1171 425 1256 512 Leg.
1278 442 1314 490 2.

203 527 341 610 ἁμαρτών
363 552 396 592 τε
417 526 475 609 γάρ
496 552 539 594 τις
555 527 671 611 μέγιστ’
687 529 726 593 ἂν
738 529 916 609 βλάπτοιτο,
931 529 988 610 ἤθη
1010 531 1086 593 κατὰ
1103 528 1315 611 φιλοφρονού-

203 653 302 710 μενος.
326 629 481 693 MARK.
526 630 601 694 Non
627 628 708 695 male
729 629 958 695 Marklandus:
982 629 1076 719 cujus
1096 630 1315 718 conjecturam

204 730 260 818 qui
274 730 421 817 probant,
435 735 554 812 βροτῶν
570 733 644 797 κακά
658 732 792 798 scribere
805 733 977 798 debebunt.

248 848 321 916 710.
338 835 524 918 σοφώτερος]
543 833 629 913 Quid
650 834 768 898 audio?
793 834 1016 923 Sapientiorem
1039 857 1114 911 esse,
1128 834 1182 920 qui
1206 832 1315 898 filium

204 933 256 1000 alii
270 934 478 999 erudiendum
494 935 600 1014 tradit,
615 959 712 1023 quam
726 937 782 1024 qui
803 937 870 1024 ipse
892 937 1017 1002 erudire
1039 937 1121 1024 potis
1140 952 1197 1001 est.
1243 938 1314 1001 Le·

204 1035 345 1123 gendum
360 1035 475 1100 scilicet
490 1037 683 1120 σοφωτέροις.
720 1040 859 1126 Sapiens
875 1041 1018 1127 prrstcto
1032 1040 1130 1126 etqui
1149 1039 1316 1115 educavit,

204 1147 235 1202 et
262 1139 318 1225 qai
346 1139 592 1226 sapientioribus
619 1139 816 1205 educandum
841 1143 985 1206 tradidit.
1015 1141 1162 1207 MUSG.
1208 1142 1318 1206 Recte

204 1239 333 1327 corrigit
348 1239 564 1326 Musgravius.

251 1359 323 1426 714.
339 1343 459 1428 ἀπάξει]
486 1343 692 1408 Scribendum
715 1367 786 1409 cum
810 1345 949 1410 Dobrmo
963 1345 1103 1426 ἆπόξειςι
1126 1343 1214 1433 quod
1238 1366 1318 1432 pro-

206 1445 291 1510 xima
305 1446 464 1533 postulant
479 1446 575 1510 verba
589 1447 845 1533 Agamemnonis.

250 1549 324 1632 716.
340 1549 512 1632 εὐηνχοίτην
525 1548 654 1612 Portus.
692 1547 784 1613 Libri
800 1550 979 1633 εὖτνχείτην.

249 1666 324 1734 717.
341 1650 629 1737 εὐτυχὴς-κύκλος]
646 1649 778 1715 Malim:
803 1650 1076 1731 ἐντελὴς-κύκλος
1090 1653 1228 1737 integer,
1247 1651 1319 1714 sive

198 1755 319 1841 plenus
339 1754 436 1818 orbis.
482 1751 533 1816 Sic
555 1752 642 1816 Pelei
665 1767 697 1816 et
717 1752 865 1818 Thetidis
887 1753 1013 1840 nuptias
1034 1750 1209 1838 plenilunio
1227 1753 1316 1817 oele·

204 1855 289 1922 brari
299 1855 394 1942 jubet
409 1854 541 1919 Themis
555 1856 643 1944 apud
659 1856 832 1921 Pindarum
852 1857 964 1922 Isthm.
982 1856 1038 1921 ult.
1062 1856 1208 1920 MUSG.

249 1977 324 2042 719.
339 1957 453 2037 μέλλω·
476 1956 519 2021 ’πὶ
533 1956 663 2023 codices.
686 1959 790 2038 μέλλω
805 1959 844 2043 γ’·
867 1961 915 2024 ἐπὶ
930 1959 1008 2024 Ald.

250 2078 323 2144 720.
341 2062 370 2127 ἐς
383 2058 526 2145 ὕστερον]
543 2062 707 2144 ἐσύστερον
722 2061 801 2126 Ald.
846 2061 1051 2126 scribendum
1068 2062 1255 2142 εἰσύστερον.

251 2180 324 2246 721.
339 2165 396 2244 ἁμὲ
410 2163 468 2246 χρὴ
484 2165 654 2230 Porsonus.
677 2164 753 2246 λπερ
767 2162 795 2246 μ’
809 2166 902 2248 ἐχρῆν
915 2163 996 2228 libri.
1020 2161 1253 2250 interpolatum
1270 2163 1319 2228 ab

206 2264 332 2329 librario
346 2264 440 2330 orasis
454 2264 572 2353 ignaro.

252 2384 324 2451 722.
341 2369 486 2453 θήσομεν]
505 2370 635 2448 θύσομεν
650 2369 724 2432 Par.
741 2370 783 2432 A.

252 2488 326 2553 724.
342 2476 440 2537 καλῶς
452 2467 583 2535 oodices.
608 2475 704 2538 καλῶς
719 2469 743 2534 δ’
758 2468 836 2534 Ald.

252 2577 349 2639 καλῶς
363 2570 399 2645 δ’,
416 2573 583 2654 ἀναγκαίως
597 2597 639 2645 τε,
655 2572 832 2654 συνενέγκαι
847 2570 870 2636 δ’
887 2571 980 2657 ὅμως]
1004 2570 1211 2636 Scribendum
1227 2572 1318 2638 forte

209 2680 302 2740 κακῶς
326 2673 526 2749 incommode,
552 2686 588 2736 ut
617 2695 668 2758 ap.
695 2672 903 2759 Xenophont.
928 2672 1035 2736 Anah.
1059 2693 1091 2752 4.
1114 2679 1210 2741 κακῶς
1236 2701 1316 2756 σκη-

208 2782 337 2848 νοῦντες,
353 2791 384 2839 et
408 2773 570 2839 Plutarch.
594 2773 718 2838 Camill.
741 2798 773 2861 p.
793 2794 862 2860 143.
882 2774 925 2839 E'.
946 2775 981 2838 οὗ
1004 2778 1112 2850 καλῶς,
1129 2773 1199 2839 ἀλλ’
1215 2778 1316 2860 ἀναγ-

209 2879 297 2944 καίως
321 2876 531 2957 ὑπομένοντες.
561 2875 667 2962 scripsi
691 2876 870 2958 συνενέγκαι
894 2875 917 2940 δ’
945 2878 1033 2956 ὅμως,
1053 2879 1160 2962 prosit
1181 2883 1318 2944 tumen!

207 3003 281 3066 quae
305 2979 429 3044 videtur
451 2977 588 3042 formula
617 2975 720 3041 fuisse.
752 2978 916 3042 Demosth.
943 2977 1111 3065 Philippic.
1134 2998 1165 3064 3.
1188 2981 1230 3044 ad
1255 2982 1315 3046 fin.

207 3082 372 3170 Aristoph.
388 3081 528 3146 Acharn.
548 3097 621 3166 251.
653 3079 813 3145 Plutarch.
831 3080 930 3167 Agid.
950 3094 982 3144 et
998 3080 1118 3145 Cleom.
1134 3104 1168 3168 p.
1185 3083 1251 3164 804
1267 3085 1316 3149 D.

207 3187 311 3266 μόνον,
336 3187 404 3268 ἔφη,
421 3184 599 3266 συνενέγκαι
621 3189 712 3247 ταῦτα
732 3187 767 3263 τῇ
790 3182 921 3268 Σπάρτῃ·
946 3192 1081 3262 lantum,
1098 3187 1213 3271 itaquid,
1233 3209 1317 3272 pro-

207 3289 273 3353 sint
287 3289 352 3351 haec
366 3289 517 3374 Spartae!
542 3288 696 3349 MARK.
741 3287 792 3349 De
807 3285 904 3372 hujus
919 3308 1027 3349 versus
1040 3286 1170 3351 lectione
1185 3287 1314 3354 nullum

204 3390 359 3478 judicium
375 3389 457 3453 ferre
471 3403 585 3474 potest,
601 3387 655 3474 qui
678 3409 741 3450 non
763 3387 851 3473 prius
871 3402 1068 3475 perspectum
1092 3388 1215 3469 habeat,
1231 3392 1316 3477 quid

210 3492 451 3580 Clytaemnestra
472 3489 512 3554 de
533 3490 676 3566 convivio
697 3489 854 3567 foemineo,
878 3489 999 3553 Aulide
1024 3490 1221 3571 celebrando,
1244 3516 1317 3558 seu-

209 3595 292 3660 serit.
320 3596 365 3658 Et
381 3591 457 3656 mihi
472 3591 599 3678 quidem
615 3613 655 3654 ex
670 3590 871 3677 sequentibus
885 3589 1049 3655 verisimile
1063 3591 1109 3669 fit,
1126 3591 1228 3678 primo
1241 3617 1317 3661 eam

209 3720 273 3761 non
295 3695 430 3783 penitus,
446 3716 548 3781 neque
569 3693 744 3780 praefracte,
759 3693 847 3779 quod
860 3714 881 3756 a
894 3692 1007 3758 marito
1020 3693 1215 3781 propositum
1232 3713 1316 3777 erat,

209 3798 409 3887 repudiasse3
432 3795 643 3883 gratissimum
665 3795 746 3859 enim
771 3795 1002 3882 Agamemnoni
1023 3796 1145 3877 suisset,
1167 3820 1225 3863 uec
1247 3799 1319 3865 ulla

210 3903 356 3988 deinceps
377 3899 458 3963 inter
475 3921 527 3962 eos
546 3898 730 3986 disceptatio
744 3897 920 3962 exstitisset.
965 3899 1039 3962 Hoc
1060 3899 1208 3985 primurn.
1255 3904 1316 3968 Se-

210 4006 351 4073 cundum
372 4018 430 4081 est,
452 4025 520 4067 eam
547 4001 587 4066 de
609 4000 667 4065 loci
690 3999 943 4064 incommoditate
964 4000 1083 4087 aliquid
1103 4001 1316 4088 significasse:

209 4107 325 4197 alioqui
341 4130 402 4171 non
419 4106 492 4169 satis
506 4119 580 4191 apta
595 4119 640 4168 est
656 4102 903 4190 Agamemnonis
921 4103 1097 4191 responsio:
1121 4107 1190 4169 Fac
1204 4108 1320 4193 igitur

209 4213 324 4277 nostin'
339 4208 417 4298 quid
425 4213 441 4271 t
464 4207 482 4269 i.
499 4231 526 4269 e.
544 4205 697 4284 Quoniam
719 4204 778 4269 hoc
793 4204 848 4268 tibi
863 4227 927 4269 non
943 4228 1168 4293 usquequaque
1182 4209 1320 4291 arridet,

209 4316 293 4392 vide,
308 4336 347 4377 an
364 4310 474 4376 melius
488 4309 579 4386 forat,
596 4308 681 4395 quod
698 4307 840 4372 dicturus
855 4330 934 4373 sum.
979 4309 1050 4375 Jam
1067 4308 1115 4374 his
1132 4310 1319 4396 praemissis,

209 4420 252 4484 sic
266 4415 435 4504 legendum
449 4412 602 4477 arbitror:
