2864 4914
299 282 363 344 ιιι
643 273 1024 342 nunornnlouas

299 450 421 515 dentur.
466 453 545 513 Sunt
569 462 672 512 autem
698 446 876 524 duodecim,
903 465 1041 532 quornm
1067 440 1203 529 primus,
1236 433 1425 511 secundus,

301 568 440 640 quartus,
463 552 590 638 quintus
610 567 641 616 et
663 565 769 615 sextus
790 549 830 613 ad
853 549 934 612 hanc
956 545 1084 610 Medea
1104 541 1286 608 orationem
1311 536 1425 627 perti·

301 670 385 735 nent,
395 678 488 741 quam
504 678 586 718 nunc
601 678 664 741 prae
679 653 822 717 manibus
842 652 1007 716 habemus.
1054 647 1186 711 Primus
1200 660 1234 709 et
1250 639 1427 708 secundus

302 758 366 822 fere
379 757 418 821 ad
434 757 561 820 verbum
577 755 687 820 redditi
703 771 776 819 sunt
790 779 808 818 e
823 778 853 818 v.
869 773 944 837 359.
960 753 1035 836 362.
1055 750 1147 834 [365.
1162 746 1261 833 368]
1306 746 1424 824 Quar-

303 877 353 925 tus
367 860 498 948 pertinet
512 858 551 922 ad
568 882 596 920 v.
611 861 685 944 365.
704 860 810 944 [371]
844 857 984 936 Quintus
998 869 1031 918 et
1046 867 1156 917 sextus
1170 849 1214 914 ad
1229 872 1265 913 v.
1282 867 1370 934 393,
1386 868 1424 929 4.

304 964 392 1047 [398‚
405 963 452 1046 9.]
491 963 551 1024 Sex
568 959 701 1040 ultimos,
715 961 746 1024 in
762 960 878 1047 quibus
901 958 941 1022 de
964 981 1039 1021 nece
1054 953 1192 1042 Absyrti
1207 951 1337 1040 agitur,
1354 971 1425 1014 non

301 1087 338 1127 ex
355 1062 515 1150 Euripidis
530 1063 644 1127 Medea
659 1079 776 1127 sumtus
791 1086 856 1126 esse
871 1060 1072 1125 manifestum
1089 1073 1148 1122 est.
1195 1058 1348 1121 Possunt
1372 1067 1425 1118 ta·

300 1188 368 1230 men
383 1164 578 1230 nihilominus
592 1166 622 1228 in
638 1165 734 1229 Ennii
751 1164 867 1228 Medea
881 1163 986 1227 fuisse.
1011 1162 1129 1225 ELM.

341 1271 413 1352 366.
431 1268 485 1332 εἵσ’
502 1270 625 1352 άγῶνες]
644 1267 774 1352 Corrige
789 1265 965 1352 typothetae
979 1285 1117 1327 errorem
1135 1264 1163 1326 εἴ
1177 1263 1333 1344 άγόντες.

340 1372 414 1454 368.
431 1374 488 1451 γὰρ
503 1372 540 1433 ἄν
553 1371 604 1453 με]
621 1369 678 1451 γάρ
692 1395 729 1449 με
745 1369 784 1432 Β.

342 1471 404 1534 ποτ’
421 1473 471 1556 ἂν]
491 1470 692 1534 Scribendum
709 1496 781 1534 ποτε
796 1494 834 1534 ex
850 1470 937 1533 ΑΒ.
954 1483 986 1531 et
1000 1482 1073 1532 octo
1087 1466 1157 1530 aliis
1170 1463 1358 1530 codicibus.

342 1573 417 1656 380.
438 1571 456 1651 ἢ
479 1574 583 1652 θηκτδν
604 1574 672 1636 ὅσω
694 1574 855 1654 φάσγανον
877 1570 913 1636 δι’
930 1569 1059 1656 ἥπατος]
1084 1566 1258 1633 8ο1ιοῖ.Ἣ
1282 1565 1422 1648 θηκτδνι

299 1676 355 1737 ὦδε
370 1681 465 1741 καλῶς
481 1683 579 1738 κεῖται.
615 1675 744 1754 Δίδυμος
757 1679 930 1753 οημειοῦται
944 1675 992 1736 ὅτι
1007 1679 1104 1738 κακῶς
1118 1675 1148 1735 ol
1162 1669 1329 1753 ὑποκριταὶ
1344 1668 1424 1733 πάσ-

301 1799 407 1837 σουσιν
429 1777 476 1838 ἐπὶ
497 1783 554 1840 τιῖν
574 1763 604 1856 ᾗ
614 1775 711 1860 [δυοῖν
725 1777 774 1839 ed.
792 1774 957 1861 Matthiae]
982 1775 1015 1838 πὸ
1031 1779 1106 1861 σιγῇ
1126 1776 1238 1854 δόμους
1262 1776 1421 1853 εἰσβᾶσο.

301 1875 412 1938 Malim
444 1891 562 1941 mutato
587 1878 711 1942 ordine:
745 1881 1063 1958 Δίδυμος-εὶσβῖισα.
1088 1879 1147 1941 ὦδε
1175 1882 1279 1943 καλῶς
1308 1884 1423 1942 κεῖται.

302 1978 413 2040 Nescio
434 1979 510 2064 quid
532 1980 680 2065 significet
702 1983 751 2046 ἐπὶ
772 1968 882 2059 rond.
921 1980 977 2043 Bis
993 1979 1092 2065 vulgo
1107 1978 1228 2066 legitur
1244 2002 1363 2044 versus
1377 1979 1422 2044 de

299 2101 363 2164 quo
377 2080 491 2165 agitur,
508 2096 541 2146 ut
552 2082 618 2167 jam
633 2084 739 2146 monui
754 2083 793 2146 ad
808 2107 839 2146 v.
855 2103 907 2162 40.
931 2083 1050 2146 ELM.
1087 2081 1256 2169 Didymus
1271 2081 1408 2170 legebat

469 2186 592 2264 πότερον
606 2184 720 2267 ὑφάψω
730 2223 815 2234 -

470 2288 539 2370 σιγῇ
554 2287 753 2365 δόμους-

468 2383 606 2464 ἢθηκτδν
621 2388 782 2450 ὦσιν-

303 2485 350 2547 ἐπὶ
364 2490 423 2548 τῶν
435 2485 584 2571 significat
597 2487 636 2550 ad
654 2504 834 2574 utrumque,
847 2491 882 2553 τὸ
897 2490 1048 2572 ὑφάπτειν
1062 2506 1094 2555 ct
1117 2491 1153 2554 πδ
1172 2491 1319 2574 σφάζειν,
1335 2492 1424 2557 rese·

302 2599 403 2649 rentes
425 2609 546 2649 versum
571 2593 639 2676 σιγῇ
661 2595 687 2652 δ.
724 2591 781 2653 Isti
806 2591 904 2677 igitur
925 2591 1117 2657 ordinabant
1143 2610 1182 2658 ut
1206 2594 1320 2682 vulgo.
1361 2596 1424 2661 Ad

302 2684 387 2748 hunc
407 2684 507 2750 locum
531 2690 689 2754 referenda
713 2692 804 2755 etiam
827 2694 989 2757 annotatio
1013 2694 1194 2762 scholiastae
1217 2696 1317 2762 adv.
1338 2703 1424 2786 356.

303 2788 547 2854 DOBRAEUS.

346 2889 420 2970 381.
436 2890 503 2954 ἀλλ’
521 2894 554 2955 ἕν
568 2919 596 2956 τι
609 2920 658 2972 μοι
672 2895 852 2982 πρόσαντες]
877 2898 993 2962 Noster
1009 2901 1069 2963 Or.
1088 2902 1162 2982 788.
1182 2905 1278 2968 Κεῖνό
1292 2931 1347 2985 μοι
1362 2908 1422 2986 μά·

305 3013 358 3051 νον
372 2993 543 3069 πρόσαντες.
575 2996 649 3081 Iph.
666 2999 708 3060 T.
728 3017 818 3062 1012.
841 3003 867 3063 εἰ
882 3004 1051 3082 πρόσαντες
1072 3006 1112 3085 ἦν
1134 3009 1205 3071 πόδε
1224 3009 1232 3093 Ι
1249 3007 1424 3091 Ἀρτέμιδι,

303 3095 364 3155 πῶς
376 3090 412 3152 ἂν
424 3092 532 3170 Λοξίας
544 3098 685 3163 ἐθέσπισε
705 3099 709 3185 Ι
730 3104 848 3179 κομίσω
861 3101 889 3181 μ’
903 3105 1028 3184 άγολμα
1043 3112 1115 3175 θεᾶς
1129 3109 1256 3190 πόλισμ’
1273 3114 1319 3180 εἰς
1331 3118 1427 3178 Παλ-

303 3190 393 3257 λάδος
407 3220 414 3263 ;
440 3195 502 3258 His
516 3196 597 3260 adde
612 3200 706 3286 hujus
721 3201 837 3266 fabulae
850 3227 880 3266 v.
895 3224 968 3291 299.
982 3222 1014 3271 et
1029 3211 1137 3273 omnia
1151 3213 1304 3300 exempla
1318 3213 1425 3280 habe·

302 3289 350 3352 bis
365 3315 436 3375 qum
456 3297 541 3380 apud
557 3301 687 3385 tragicos
701 3318 832 3367 exstant.
872 3308 1073 3394 Hesychius:
1100 3314 1299 3396 Προσάνπης.
1325 3327 1426 3398 σκλη-

301 3390 363 3466 pde,
392 3395 534 3474 ἐναντίος,
562 3404 716 3484 δυσχερὴς,
743 3406 859 3488 ἐχθρὸς,
888 3409 988 3490 ἀηδής.
1035 3415 1170 3500 Optima
1195 3417 1428 3505 interpretatio

303 3489 415 3596 (lraeca
429 3510 475 3557 est
490 3502 643 3582 δυσχερὴς,
661 3505 774 3570 Latina
789 3510 947 3591 molestia,
963 3515 1085 3603 quippe
1100 3542 1176 3605 quoe
1198 3521 1329 3586 easdem
1353 3525 1427 3589 fere

302 3590 532 3703 significationis
553 3603 715 3668 varietates
739 3610 988 3697 complectantur
1010 3641 1092 3704 quas
1117 3623 1306 3703 προσάντης,
1330 3627 1426 3713 quod

300 3706 448 3766 primario
471 3719 560 3762 sensu
588 3719 633 3766 cst
658 3711 791 3786 arduus,
813 3715 951 3800 difficilia
975 3742 1120 3787 ascensu.
1160 3725 1245 3790 Vide
1271 3729 1426 3796 Lexicon

301 3783 579 3873 Xenophonteutn.
603 3807 715 3872 ELM.

343 3891 418 3998 389.
438 3897 577 3973 κράτιστα
592 3907 645 3983 τὴν
660 3911 785 3987 εὐθεῖαν,
802 3915 820 4002 ᾗ
835 3924 1012 4002 πεφύκαμεν
1031 3924 1037 4011 Ι
1058 3932 1156 4010 σοφοὶ
1176 3931 1333 4021 μάλιστα]
1352 3937 1427 4002 Ac·

297 4002 456 4054 cusatrvus
485 3999 539 4076 τὴν
565 4007 681 4071 εὐθεῖαν
707 4016 832 4102 (nempe
856 4024 942 4101 ὁδὸν)
971 4049 1034 4090 non
1066 4031 1185 4115 pendet
1216 4035 1259 4099 ab
1288 4039 1426 4122 ἐγχειρῶ

299 4101 328 4141 V·
351 4102 427 4211 331.
451 4099 504 4159 sed
528 4125 545 4163 a
566 4108 734 4176 subaudito
759 4121 867 4188 ἰόντος.
908 4128 1144 4216 Aristophanes
1168 4138 1233 4201 Av.
1255 4159 1283 4202 1.
1304 4139 1430 4224 ’OpOltn

297 4188 439 4263 ktdtuttc,
456 4195 475 4280 ᾗ
490 4201 524 4261 τὸ
540 4205 662 4288 δένδρον
677 4220 834 4296 φοίνεται;
860 4228 974 4292 ELM.

336 4286 412 4367 385.
431 4297 528 4385 ἑλεῖν]
546 4320 663 4376 κτανεῖν
679 4318 755 4383 Ald.
774 4340 804 4387 et
819 4326 940 4415 aliquot
955 4335 1050 4400 codd.

335 4384 409 4459 386.
430 4398 478 4458 καὶ
493 4401 529 4479 δὴ
545 4415 681 4502 τεθνᾶσι]
699 4422 732 4482 F
729 4447 766 4487 uc
782 4440 921 4497 mortuos
935 4458 1013 4503 ease.
