<?xml version="1.0" encoding="UTF-8"?>
<!DOCTYPE html PUBLIC "-//W3C//DTD XHTML 1.0 Transitional//EN"
    "http://www.w3.org/TR/xhtml1/DTD/xhtml1-transitional.dtd">
<html xmlns="http://www.w3.org/1999/xhtml" xml:lang="en" lang="en">
 <head>
  <title>
</title>
<meta http-equiv="Content-Type" content="text/html;charset=utf-8" />
  <meta name='ocr-system' content='tesseract 3.04.00' />
  <meta name='ocr-capabilities' content='ocr_page ocr_carea ocr_par ocr_line ocrx_word'/>
</head>
<body>
  <div class='ocr_page' id='page_1' title='image "./tragoediaesuper01eurigoog_0361.png"; bbox 0 0 2864 4914; ppageno 0'>
   <div class='ocr_carea' id='block_1_1' title="bbox 197 278 939 346">
    <p class='ocr_par' dir='ltr' id='par_1_1' title="bbox 197 278 939 346">
     <span class='ocr_line' id='line_1_1' title="bbox 197 278 939 346; baseline -0.005 0"><span class='ocrx_word' id='word_1_1' title='bbox 197 280 263 346; x_wconf 76' lang='lat' dir='ltr'>ato</span> <span class='ocrx_word' id='word_1_2' title='bbox 562 278 939 346; x_wconf 80' lang='lat' dir='ltr'><strong>ANNOTATIONES</strong></span> 
     </span>
    </p>
   </div>
   <div class='ocr_carea' id='block_1_2' title="bbox 198 445 1311 4028">
    <p class='ocr_par' dir='ltr' id='par_1_2' title="bbox 198 445 1311 639">
     <span class='ocr_line' id='line_1_2' title="bbox 198 445 1311 541; baseline -0.007 -23"><span class='ocrx_word' id='word_1_3' title='bbox 198 452 255 541; x_wconf 91' lang='lat' dir='ltr'>qui</span> <span class='ocrx_word' id='word_1_4' title='bbox 268 450 403 530; x_wconf 81' lang='lat' dir='ltr'>addidit,</span> <span class='ocrx_word' id='word_1_5' title='bbox 416 451 643 540; x_wconf 74' lang='lat' dir='ltr'>precedentem</span> <span class='ocrx_word' id='word_1_6' title='bbox 659 450 702 516; x_wconf 80' lang='lat' dir='ltr'>sic</span> <span class='ocrx_word' id='word_1_7' title='bbox 717 450 867 540; x_wconf 75' lang='lat' dir='ltr'>scriptum</span> <span class='ocrx_word' id='word_1_8' title='bbox 882 448 959 538; x_wconf 77' lang='lat' dir='ltr'>legit</span> <span class='ocrx_word' id='word_1_9' title='bbox 974 462 1010 513; x_wconf 93' lang='lat' dir='ltr'>ut</span> <span class='ocrx_word' id='word_1_10' title='bbox 1025 447 1115 513; x_wconf 75' lang='lat' dir='ltr'>Laoc</span> <span class='ocrx_word' id='word_1_11' title='bbox 1131 445 1234 511; x_wconf 83' lang='lat' dir='ltr'>edidit</span> <span class='ocrx_word' id='word_1_12' title='bbox 1249 451 1311 511; x_wconf 76' lang='grc' dir='ltr'>νῦν</span> 
     </span>
     <span class='ocr_line' id='line_1_3' title="bbox 199 553 747 639; baseline -0.004 -19"><span class='ocrx_word' id='word_1_13' title='bbox 199 553 223 620; x_wconf 79' lang='grc' dir='ltr'>δ’</span> <span class='ocrx_word' id='word_1_14' title='bbox 238 556 318 623; x_wconf 69' lang='grc' dir='ltr'>οὔτις</span> <span class='ocrx_word' id='word_1_15' title='bbox 332 556 413 634; x_wconf 75' lang='grc' dir='ltr'>ἄλλη</span> <span class='ocrx_word' id='word_1_16' title='bbox 427 554 649 639; x_wconf 74' lang='grc' dir='ltr'>δνοπνχεστέρα</span> <span class='ocrx_word' id='word_1_17' title='bbox 662 553 747 638; x_wconf 70' lang='grc' dir='ltr'>γονή.</span> 
     </span>
    </p>

    <p class='ocr_par' dir='ltr' id='par_1_3' title="bbox 244 657 933 743">
     <span class='ocr_line' id='line_1_4' title="bbox 244 657 933 743; baseline -0.001 -21"><span class='ocrx_word' id='word_1_18' title='bbox 244 677 294 723; x_wconf 91' lang='lat'>10.</span> <span class='ocrx_word' id='word_1_19' title='bbox 308 657 466 743; x_wconf 72' lang='grc' dir='ltr'>ριφθέντα]</span> <span class='ocrx_word' id='word_1_20' title='bbox 484 657 611 741; x_wconf 74' lang='grc' dir='ltr'>ῥιφέντα</span> <span class='ocrx_word' id='word_1_21' title='bbox 626 659 700 723; x_wconf 90' lang='lat' dir='ltr'>Par.</span> <span class='ocrx_word' id='word_1_22' title='bbox 717 659 761 722; x_wconf 90' lang='lat' dir='ltr'>A.</span> <span class='ocrx_word' id='word_1_23' title='bbox 778 658 825 721; x_wconf 90' lang='lat' dir='ltr'>H.</span> <span class='ocrx_word' id='word_1_24' title='bbox 841 658 933 722; x_wconf 82' lang='lat' dir='ltr'>Laac.</span> 
     </span>
    </p>

    <p class='ocr_par' dir='ltr' id='par_1_4' title="bbox 201 755 1309 950">
     <span class='ocr_line' id='line_1_5' title="bbox 246 755 1309 849; baseline -0.005 -25"><span class='ocrx_word' id='word_1_25' title='bbox 246 778 295 841; x_wconf 88' lang='lat'>14.</span> <span class='ocrx_word' id='word_1_26' title='bbox 320 761 464 845; x_wconf 67' lang='grc' dir='ltr'>νησιώτῃ]</span> <span class='ocrx_word' id='word_1_27' title='bbox 491 760 636 849; x_wconf 81' lang='lat' dir='ltr'>Scyrium</span> <span class='ocrx_word' id='word_1_28' title='bbox 659 760 756 825; x_wconf 79' lang='lat' dir='ltr'>fuiare</span> <span class='ocrx_word' id='word_1_29' title='bbox 778 762 900 826; x_wconf 75' lang='lat' dir='ltr'>constat</span> <span class='ocrx_word' id='word_1_30' title='bbox 921 782 969 824; x_wconf 60' lang='lat' dir='ltr'>ex&gt;</span> <span class='ocrx_word' id='word_1_31' title='bbox 982 758 1082 825; x_wconf 87' lang='lat' dir='ltr'>Hom.</span> <span class='ocrx_word' id='word_1_32' title='bbox 1106 755 1145 820; x_wconf 90' lang='lat' dir='ltr'>Il.</span> <span class='ocrx_word' id='word_1_33' title='bbox 1164 761 1201 834; x_wconf 87' lang='grc' dir='ltr'>Τ,</span> <span class='ocrx_word' id='word_1_34' title='bbox 1225 756 1309 841; x_wconf 76' lang='lat'>326,</span> 
     </span>
     <span class='ocr_line' id='line_1_6' title="bbox 201 861 751 950; baseline 0 -23"><span class='ocrx_word' id='word_1_35' title='bbox 201 861 365 950; x_wconf 73' lang='lat' dir='ltr'>Sophoclis</span> <span class='ocrx_word' id='word_1_36' title='bbox 379 862 555 928; x_wconf 83' lang='lat' dir='ltr'>Philocteta</span> <span class='ocrx_word' id='word_1_37' title='bbox 567 877 599 928; x_wconf 91' lang='lat' dir='ltr'>et</span> <span class='ocrx_word' id='word_1_38' title='bbox 613 861 751 928; x_wconf 83' lang='lat' dir='ltr'>aliunde.</span> 
     </span>
    </p>

    <p class='ocr_par' dir='ltr' id='par_1_5' title="bbox 202 960 1310 1155">
     <span class='ocr_line' id='line_1_7' title="bbox 244 960 1310 1053; baseline -0.005 -23"><span class='ocrx_word' id='word_1_39' title='bbox 244 966 462 1050; x_wconf 74' lang='grc' dir='ltr'>Νεοπτολέμῳ]</span> <span class='ocrx_word' id='word_1_40' title='bbox 492 964 735 1053; x_wconf 85' lang='lat' dir='ltr'>Quadriayllabo</span> <span class='ocrx_word' id='word_1_41' title='bbox 763 987 839 1029; x_wconf 80' lang='lat' dir='ltr'>usus</span> <span class='ocrx_word' id='word_1_42' title='bbox 867 978 914 1029; x_wconf 83' lang='lat' dir='ltr'>est</span> <span class='ocrx_word' id='word_1_43' title='bbox 941 961 1144 1047; x_wconf 72' lang='grc' dir='ltr'>Νσπτολὲμῳε</span> <span class='ocrx_word' id='word_1_44' title='bbox 1171 960 1310 1048; x_wconf 87' lang='lat' dir='ltr'>dequo</span> 
     </span>
     <span class='ocr_line' id='line_1_8' title="bbox 202 1065 639 1155; baseline -0.007 -22"><span class='ocrx_word' id='word_1_45' title='bbox 202 1067 269 1133; x_wconf 86' lang='lat' dir='ltr'>dixi</span> <span class='ocrx_word' id='word_1_46' title='bbox 284 1067 325 1132; x_wconf 86' lang='lat' dir='ltr'>ad</span> <span class='ocrx_word' id='word_1_47' title='bbox 343 1067 441 1155; x_wconf 92' lang='lat' dir='ltr'>Soph.</span> <span class='ocrx_word' id='word_1_48' title='bbox 459 1065 594 1131; x_wconf 87' lang='lat' dir='ltr'>Philoet.</span> <span class='ocrx_word' id='word_1_49' title='bbox 608 1087 639 1147; x_wconf 88' lang='lat'>4.</span> 
     </span>
    </p>

    <p class='ocr_par' dir='ltr' id='par_1_6' title="bbox 203 1161 1309 1462">
     <span class='ocr_line' id='line_1_9' title="bbox 249 1161 1309 1254; baseline -0.003 -20"><span class='ocrx_word' id='word_1_50' title='bbox 249 1182 298 1252; x_wconf 77' lang='lat'>17.</span> <span class='ocrx_word' id='word_1_51' title='bbox 320 1170 423 1235; x_wconf 85' lang='lat' dir='ltr'>Schol.</span> <span class='ocrx_word' id='word_1_52' title='bbox 449 1170 527 1234; x_wconf 86' lang='lat' dir='ltr'>Veu.</span> <span class='ocrx_word' id='word_1_53' title='bbox 549 1167 595 1232; x_wconf 80' lang='lat' dir='ltr'>ad·</span> <span class='ocrx_word' id='word_1_54' title='bbox 612 1168 653 1232; x_wconf 94' lang='lat' dir='ltr'>Il.</span> <span class='ocrx_word' id='word_1_55' title='bbox 668 1161 713 1248; x_wconf 61' lang='lat' dir='ltr'>lt&#39;,</span> <span class='ocrx_word' id='word_1_56' title='bbox 726 1184 798 1254; x_wconf 91' lang='grc'><strong>773.</strong></span> <span class='ocrx_word' id='word_1_57' title='bbox 819 1170 923 1252; x_wconf 81' lang='grc' dir='ltr'>χόρτοι</span> <span class='ocrx_word' id='word_1_58' title='bbox 943 1169 977 1231; x_wconf 70' lang='lat' dir='ltr'>bi</span> <span class='ocrx_word' id='word_1_59' title='bbox 996 1169 1026 1232; x_wconf 78' lang='lat' dir='ltr'>oi</span> <span class='ocrx_word' id='word_1_60' title='bbox 1046 1168 1173 1250; x_wconf 71' lang='grc' dir='ltr'>τρίγχοι,</span> <span class='ocrx_word' id='word_1_61' title='bbox 1193 1167 1234 1233; x_wconf 74' lang='lat' dir='ltr'>dia</span> <span class='ocrx_word' id='word_1_62' title='bbox 1255 1168 1309 1231; x_wconf 79' lang='grc' dir='ltr'>καὶ</span> 
     </span>
     <span class='ocr_line' id='line_1_10' title="bbox 203 1267 1308 1359; baseline -0.005 -22"><span class='ocrx_word' id='word_1_63' title='bbox 203 1272 364 1355; x_wconf 66' lang='grc' dir='ltr'>Βόριπίδηκ</span> <span class='ocrx_word' id='word_1_64' title='bbox 386 1275 422 1337; x_wconf 76' lang='grc' dir='ltr'>ἐν</span> <span class='ocrx_word' id='word_1_65' title='bbox 444 1273 600 1359; x_wconf 70' lang='grc' dir='ltr'>Ἀντιόπῃ,</span> <span class='ocrx_word' id='word_1_66' title='bbox 625 1273 784 1355; x_wconf 69' lang='grc' dir='ltr'>Σύγχορπιι</span> <span class='ocrx_word' id='word_1_67' title='bbox 806 1272 879 1336; x_wconf 70' lang='grc' dir='ltr'>νώ</span> <span class='ocrx_word' id='word_1_68' title='bbox 903 1271 993 1336; x_wconf 65' lang='grc' dir='ltr'>πεδία</span> <span class='ocrx_word' id='word_1_69' title='bbox 1016 1275 1082 1336; x_wconf 64' lang='grc' dir='ltr'>ταῖς</span> <span class='ocrx_word' id='word_1_70' title='bbox 1101 1267 1308 1350; x_wconf 74' lang='grc' dir='ltr'>Ἐλευθεραῖς.</span> 
     </span>
     <span class='ocr_line' id='line_1_11' title="bbox 204 1370 1308 1462; baseline -0.005 -22"><span class='ocrx_word' id='word_1_71' title='bbox 204 1375 255 1440; x_wconf 66' lang='grc' dir='ltr'>καὶ</span> <span class='ocrx_word' id='word_1_72' title='bbox 279 1376 313 1440; x_wconf 73' lang='grc' dir='ltr'>ἐν</span> <span class='ocrx_word' id='word_1_73' title='bbox 338 1372 528 1462; x_wconf 67' lang='grc' dir='ltr'>Ἀνδρομάχῃ</span> <span class='ocrx_word' id='word_1_74' title='bbox 554 1375 669 1455; x_wconf 67' lang='grc' dir='ltr'>ὁμοίως.</span> <span class='ocrx_word' id='word_1_75' title='bbox 702 1373 755 1440; x_wconf 82' lang='lat' dir='ltr'>cf.</span> <span class='ocrx_word' id='word_1_76' title='bbox 782 1372 910 1438; x_wconf 84' lang='lat' dir='ltr'>Stanlei.</span> <span class='ocrx_word' id='word_1_77' title='bbox 935 1371 975 1436; x_wconf 81' lang='lat' dir='ltr'>a&#39;d</span> <span class='ocrx_word' id='word_1_78' title='bbox 1000 1371 1112 1436; x_wconf 76' lang='lat' dir='ltr'>AEaeh.</span> <span class='ocrx_word' id='word_1_79' title='bbox 1136 1370 1250 1459; x_wconf 83' lang='lat' dir='ltr'>Suppl.</span> <span class='ocrx_word' id='word_1_80' title='bbox 1273 1373 1308 1436; x_wconf 86' lang='lat'>6.</span> 
     </span>
    </p>

    <p class='ocr_par' dir='ltr' id='par_1_7' title="bbox 204 1575 1311 2277">
     <span class='ocr_line' id='line_1_12' title="bbox 248 1575 1311 1663; baseline -0.005 -16"><span class='ocrx_word' id='word_1_81' title='bbox 248 1593 301 1647; x_wconf 76' lang='lat'>20.</span> <span class='ocrx_word' id='word_1_82' title='bbox 324 1579 495 1663; x_wconf 71' lang='grc' dir='ltr'>Θετίδειον]</span> <span class='ocrx_word' id='word_1_83' title='bbox 520 1577 654 1644; x_wconf 79' lang='grc' dir='ltr'>Θέτειον·</span> <span class='ocrx_word' id='word_1_84' title='bbox 664 1579 710 1642; x_wconf 90' lang='grc' dir='ltr'><strong>Η.</strong></span> <span class='ocrx_word' id='word_1_85' title='bbox 741 1579 882 1644; x_wconf 79' lang='grc' dir='ltr'>Θετίδιον</span> <span class='ocrx_word' id='word_1_86' title='bbox 902 1599 960 1663; x_wconf 90' lang='lat' dir='ltr'>per</span> <span class='ocrx_word' id='word_1_87' title='bbox 982 1603 992 1640; x_wconf 97' lang='grc' dir='ltr'>ι</span> <span class='ocrx_word' id='word_1_88' title='bbox 1013 1575 1162 1663; x_wconf 84' lang='lat' dir='ltr'>scriptum</span> <span class='ocrx_word' id='word_1_89' title='bbox 1182 1596 1221 1641; x_wconf 80' lang='lat' dir='ltr'>ex</span> <span class='ocrx_word' id='word_1_90' title='bbox 1245 1575 1311 1642; x_wconf 87' lang='lat' dir='ltr'>hoc</span> 
     </span>
     <span class='ocr_line' id='line_1_13' title="bbox 204 1677 1310 1767; baseline -0.001 -23"><span class='ocrx_word' id='word_1_91' title='bbox 204 1677 273 1745; x_wconf 89' lang='lat' dir='ltr'>loco</span> <span class='ocrx_word' id='word_1_92' title='bbox 293 1679 384 1744; x_wconf 82' lang='lat' dir='ltr'>affert</span> <span class='ocrx_word' id='word_1_93' title='bbox 405 1695 437 1744; x_wconf 89' lang='lat' dir='ltr'>et</span> <span class='ocrx_word' id='word_1_94' title='bbox 460 1698 531 1744; x_wconf 88' lang='lat' dir='ltr'>cum</span> <span class='ocrx_word' id='word_1_95' title='bbox 554 1682 678 1745; x_wconf 79' lang='lat' dir='ltr'>’Iclbwv</span> <span class='ocrx_word' id='word_1_96' title='bbox 702 1695 862 1767; x_wconf 89' lang='lat' dir='ltr'>comparat</span> <span class='ocrx_word' id='word_1_97' title='bbox 884 1678 1087 1744; x_wconf 76' lang='lat' dir='ltr'>Herodianus</span> <span class='ocrx_word' id='word_1_98' title='bbox 1111 1679 1143 1743; x_wconf 86' lang='lat' dir='ltr'>iu</span> <span class='ocrx_word' id='word_1_99' title='bbox 1164 1679 1310 1744; x_wconf 89' lang='lat' dir='ltr'>Crameri</span> 
     </span>
     <span class='ocr_line' id='line_1_14' title="bbox 204 1781 1309 1869; baseline -0.004 -20"><span class='ocrx_word' id='word_1_100' title='bbox 204 1782 329 1849; x_wconf 83' lang='lat' dir='ltr'>Aoecd&#39;.</span> <span class='ocrx_word' id='word_1_101' title='bbox 346 1781 406 1847; x_wconf 85' lang='lat' dir='ltr'>vol.</span> <span class='ocrx_word' id='word_1_102' title='bbox 421 1802 454 1868; x_wconf 90' lang='grc'><strong>3.</strong></span> <span class='ocrx_word' id='word_1_103' title='bbox 476 1799 663 1869; x_wconf 77' lang='lat' dir='ltr'>p.·a52,10.</span> <span class='ocrx_word' id='word_1_104' title='bbox 700 1785 773 1861; x_wconf 84' lang='lat' dir='ltr'>Qua</span> <span class='ocrx_word' id='word_1_105' title='bbox 794 1782 895 1847; x_wconf 82' lang='lat' dir='ltr'>forma</span> <span class='ocrx_word' id='word_1_106' title='bbox 917 1797 1052 1847; x_wconf 89' lang='lat' dir='ltr'>utuntur</span> <span class='ocrx_word' id='word_1_107' title='bbox 1074 1781 1186 1869; x_wconf 86' lang='lat' dir='ltr'>Polyb.</span> <span class='ocrx_word' id='word_1_108' title='bbox 1204 1782 1257 1859; x_wconf 91' lang='lat'>18,</span> <span class='ocrx_word' id='word_1_109' title='bbox 1270 1802 1309 1868; x_wconf 89' lang='grc'>3,</span> 
     </span>
     <span class='ocr_line' id='line_1_15' title="bbox 205 1885 1309 1974; baseline 0.001 -24"><span class='ocrx_word' id='word_1_110' title='bbox 205 1887 238 1951; x_wconf 92' lang='grc'><strong>6.</strong></span> <span class='ocrx_word' id='word_1_111' title='bbox 260 1900 347 1968; x_wconf 85' lang='lat' dir='ltr'>et4,</span> <span class='ocrx_word' id='word_1_112' title='bbox 369 1907 397 1952; x_wconf 88' lang='lat'>1.</span> <span class='ocrx_word' id='word_1_113' title='bbox 436 1886 551 1951; x_wconf 89' lang='lat' dir='ltr'>Strabo</span> <span class='ocrx_word' id='word_1_114' title='bbox 572 1906 604 1970; x_wconf 87' lang='lat'>9.</span> <span class='ocrx_word' id='word_1_115' title='bbox 627 1910 658 1974; x_wconf 88' lang='lat' dir='ltr'>p.</span> <span class='ocrx_word' id='word_1_116' title='bbox 677 1906 755 1972; x_wconf 80' lang='lat'>43¹·</span> <span class='ocrx_word' id='word_1_117' title='bbox 778 1886 910 1972; x_wconf 83' lang='lat' dir='ltr'>probata</span> <span class='ocrx_word' id='word_1_118' title='bbox 934 1885 1026 1950; x_wconf 83' lang='lat' dir='ltr'>etiarn</span> <span class='ocrx_word' id='word_1_119' title='bbox 1049 1885 1090 1949; x_wconf 86' lang='lat' dir='ltr'>ab</span> <span class='ocrx_word' id='word_1_120' title='bbox 1116 1887 1227 1972; x_wconf 86' lang='lat' dir='ltr'>Etym.</span> <span class='ocrx_word' id='word_1_121' title='bbox 1253 1887 1309 1951; x_wconf 87' lang='grc' dir='ltr'>Μ.</span> 
     </span>
     <span class='ocr_line' id='line_1_16' title="bbox 205 1985 1309 2076; baseline 0 -24"><span class='ocrx_word' id='word_1_122' title='bbox 205 2011 243 2076; x_wconf 81' lang='lat' dir='ltr'>p.-</span> <span class='ocrx_word' id='word_1_123' title='bbox 257 1988 330 2070; x_wconf 68' lang='lat'>278,</span> <span class='ocrx_word' id='word_1_124' title='bbox 346 2004 401 2074; x_wconf 85' lang='lat'>34.</span> <span class='ocrx_word' id='word_1_125' title='bbox 447 1988 510 2053; x_wconf 87' lang='lat' dir='ltr'>Sed</span> <span class='ocrx_word' id='word_1_126' title='bbox 533 1991 689 2054; x_wconf 79' lang='grc' dir='ltr'>Θετίδειον</span> <span class='ocrx_word' id='word_1_127' title='bbox 710 1987 849 2073; x_wconf 82' lang='lat' dir='ltr'>agnoscit</span> <span class='ocrx_word' id='word_1_128' title='bbox 866 1987 1090 2073; x_wconf 81' lang='lat' dir='ltr'>Theognostua</span> <span class='ocrx_word' id='word_1_129' title='bbox 1111 1985 1143 2050; x_wconf 87' lang='lat' dir='ltr'>in</span> <span class='ocrx_word' id='word_1_130' title='bbox 1164 1988 1309 2052; x_wconf 83' lang='lat' dir='ltr'>Crameri</span> 
     </span>
     <span class='ocr_line' id='line_1_17' title="bbox 206 2088 1307 2180; baseline 0 -24"><span class='ocrx_word' id='word_1_131' title='bbox 206 2091 330 2158; x_wconf 84' lang='lat' dir='ltr'>Aueod.</span> <span class='ocrx_word' id='word_1_132' title='bbox 346 2091 406 2157; x_wconf 84' lang='lat' dir='ltr'>vol.</span> <span class='ocrx_word' id='word_1_133' title='bbox 424 2112 452 2154; x_wconf 79' lang='grc' dir='ltr'>ι.</span> <span class='ocrx_word' id='word_1_134' title='bbox 475 2115 509 2180; x_wconf 84' lang='grc' dir='ltr'>ρ.</span> <span class='ocrx_word' id='word_1_135' title='bbox 528 2109 599 2175; x_wconf 77' lang='lat'>129,</span> <span class='ocrx_word' id='word_1_136' title='bbox 617 2109 669 2171; x_wconf 76' lang='lat'>24.</span> <span class='ocrx_word' id='word_1_137' title='bbox 707 2092 855 2156; x_wconf 85' lang='lat' dir='ltr'>Ceterum</span> <span class='ocrx_word' id='word_1_138' title='bbox 877 2089 918 2153; x_wconf 88' lang='lat' dir='ltr'>de</span> <span class='ocrx_word' id='word_1_139' title='bbox 940 2088 1099 2155; x_wconf 88' lang='lat' dir='ltr'>Thetideo</span> <span class='ocrx_word' id='word_1_140' title='bbox 1121 2088 1185 2154; x_wconf 85' lang='lat' dir='ltr'>vid.</span> <span class='ocrx_word' id='word_1_141' title='bbox 1207 2090 1307 2157; x_wconf 78' lang='lat' dir='ltr'>ochoi.</span> 
     </span>
     <span class='ocr_line' id='line_1_18' title="bbox 207 2194 527 2277; baseline 0 -17"><span class='ocrx_word' id='word_1_142' title='bbox 207 2194 301 2260; x_wconf 82' lang='lat' dir='ltr'>Pind.</span> <span class='ocrx_word' id='word_1_143' title='bbox 317 2197 411 2260; x_wconf 87' lang='lat' dir='ltr'><strong>Nem.</strong></span> <span class='ocrx_word' id='word_1_144' title='bbox 426 2214 459 2277; x_wconf 87' lang='lat'>4,</span> <span class='ocrx_word' id='word_1_145' title='bbox 476 2195 527 2260; x_wconf 90' lang='lat'>81.</span> 
     </span>
    </p>

    <p class='ocr_par' dir='ltr' id='par_1_8' title="bbox 207 2295 1308 2487">
     <span class='ocr_line' id='line_1_19' title="bbox 252 2295 1308 2385; baseline 0.001 -24"><span class='ocrx_word' id='word_1_146' title='bbox 252 2317 303 2379; x_wconf 77' lang='lat'>24.</span> <span class='ocrx_word' id='word_1_147' title='bbox 320 2296 569 2382; x_wconf 72' lang='grc' dir='ltr'>ἄρσεν’-κόρον]</span> <span class='ocrx_word' id='word_1_148' title='bbox 596 2297 647 2363; x_wconf 92' lang='lat' dir='ltr'>Sic</span> <span class='ocrx_word' id='word_1_149' title='bbox 669 2299 782 2380; x_wconf 69' lang='grc' dir='ltr'>ἄρσενα</span> <span class='ocrx_word' id='word_1_150' title='bbox 796 2300 902 2378; x_wconf 83' lang='grc' dir='ltr'>κοῦρον</span> <span class='ocrx_word' id='word_1_151' title='bbox 922 2295 1003 2361; x_wconf 87' lang='lat' dir='ltr'>dixit</span> <span class='ocrx_word' id='word_1_152' title='bbox 1025 2295 1190 2385; x_wconf 83' lang='lat' dir='ltr'>Phocylid.</span> <span class='ocrx_word' id='word_1_153' title='bbox 1204 2322 1308 2378; x_wconf 80' lang='grc' dir='ltr'>ποιημ.</span> 
     </span>
     <span class='ocr_line' id='line_1_20' title="bbox 207 2407 456 2487; baseline -0.016 -20"><span class='ocrx_word' id='word_1_154' title='bbox 207 2407 323 2467; x_wconf 86' lang='grc' dir='ltr'>νονθετ.</span> <span class='ocrx_word' id='word_1_155' title='bbox 338 2425 369 2467; x_wconf 86' lang='grc' dir='ltr'>ν.</span> <span class='ocrx_word' id='word_1_156' title='bbox 385 2417 456 2487; x_wconf 74' lang='grc'><strong>173.</strong></span> 
     </span>
    </p>

    <p class='ocr_par' dir='ltr' id='par_1_9' title="bbox 248 2501 991 2589">
     <span class='ocr_line' id='line_1_21' title="bbox 248 2501 991 2589; baseline -0.003 -20"><span class='ocrx_word' id='word_1_157' title='bbox 248 2503 348 2586; x_wconf 72' lang='grc' dir='ltr'>ἄρσεν’</span> <span class='ocrx_word' id='word_1_158' title='bbox 365 2505 500 2589; x_wconf 75' lang='grc' dir='ltr'>ἑντίκτω]</span> <span class='ocrx_word' id='word_1_159' title='bbox 519 2505 633 2586; x_wconf 74' lang='grc' dir='ltr'>ἄρσενα</span> <span class='ocrx_word' id='word_1_160' title='bbox 647 2506 733 2568; x_wconf 83' lang='grc' dir='ltr'>τίκτω</span> <span class='ocrx_word' id='word_1_161' title='bbox 748 2503 776 2566; x_wconf 90' lang='lat' dir='ltr'>F</span> <span class='ocrx_word' id='word_1_162' title='bbox 779 2501 835 2567; x_wconf 91' lang='lat' dir='ltr'>lor.</span> <span class='ocrx_word' id='word_1_163' title='bbox 854 2521 883 2569; x_wconf 78' lang='lat'>2.</span> <span class='ocrx_word' id='word_1_164' title='bbox 900 2503 991 2567; x_wconf 84' lang='lat' dir='ltr'>Lasc.</span> 
     </span>
    </p>

    <p class='ocr_par' dir='ltr' id='par_1_10' title="bbox 254 2603 978 2692">
     <span class='ocr_line' id='line_1_22' title="bbox 254 2603 978 2692; baseline -0.006 -21"><span class='ocrx_word' id='word_1_165' title='bbox 254 2622 304 2692; x_wconf 85' lang='lat'>25.</span> <span class='ocrx_word' id='word_1_166' title='bbox 320 2604 475 2692; x_wconf 85' lang='grc' dir='ltr'>πλαθεῖσ’]</span> <span class='ocrx_word' id='word_1_167' title='bbox 492 2604 652 2671; x_wconf 84' lang='grc' dir='ltr'>πλασθεῖσ’</span> <span class='ocrx_word' id='word_1_168' title='bbox 668 2604 745 2669; x_wconf 83' lang='lat' dir='ltr'>Ald.</span> <span class='ocrx_word' id='word_1_169' title='bbox 761 2620 793 2669; x_wconf 88' lang='lat' dir='ltr'>et</span> <span class='ocrx_word' id='word_1_170' title='bbox 807 2603 873 2668; x_wconf 91' lang='lat' dir='ltr'>duo</span> <span class='ocrx_word' id='word_1_171' title='bbox 885 2604 978 2669; x_wconf 88' lang='lat' dir='ltr'>codd.</span> 
     </span>
    </p>

    <p class='ocr_par' dir='ltr' id='par_1_11' title="bbox 253 2706 984 2794">
     <span class='ocr_line' id='line_1_23' title="bbox 253 2706 984 2794; baseline -0.003 -21"><span class='ocrx_word' id='word_1_172' title='bbox 253 2708 277 2773; x_wconf 84' lang='grc' dir='ltr'>δ’</span> <span class='ocrx_word' id='word_1_173' title='bbox 294 2708 463 2772; x_wconf 84' lang='lat' dir='ltr'>Elmsleius</span> <span class='ocrx_word' id='word_1_174' title='bbox 477 2706 516 2771; x_wconf 86' lang='lat' dir='ltr'>ad</span> <span class='ocrx_word' id='word_1_175' title='bbox 535 2707 624 2771; x_wconf 91' lang='lat' dir='ltr'>Med.</span> <span class='ocrx_word' id='word_1_176' title='bbox 641 2728 716 2792; x_wconf 82' lang='lat'>940.</span> <span class='ocrx_word' id='word_1_177' title='bbox 753 2707 937 2794; x_wconf 81' lang='lat' dir='ltr'>Legebutur</span> <span class='ocrx_word' id='word_1_178' title='bbox 950 2707 984 2772; x_wconf 84' lang='lat' dir='ltr'>r’.</span> 
     </span>
    </p>

    <p class='ocr_par' dir='ltr' id='par_1_12' title="bbox 210 2809 1308 3000">
     <span class='ocr_line' id='line_1_24' title="bbox 254 2809 1308 2896; baseline -0.001 -20"><span class='ocrx_word' id='word_1_179' title='bbox 254 2824 306 2893; x_wconf 69' lang='grc'><strong>37.</strong></span> <span class='ocrx_word' id='word_1_180' title='bbox 329 2810 475 2893; x_wconf 80' lang='grc' dir='ltr'>προσῆγε]</span> <span class='ocrx_word' id='word_1_181' title='bbox 503 2811 602 2874; x_wconf 85' lang='lat' dir='ltr'>Recte</span> <span class='ocrx_word' id='word_1_182' title='bbox 624 2809 772 2874; x_wconf 74' lang='lat' dir='ltr'>Matthiae</span> <span class='ocrx_word' id='word_1_183' title='bbox 786 2810 913 2896; x_wconf 84' lang='lat' dir='ltr'>corrigit</span> <span class='ocrx_word' id='word_1_184' title='bbox 932 2814 1055 2893; x_wconf 74' lang='grc' dir='ltr'>προῆγε.</span> <span class='ocrx_word' id='word_1_185' title='bbox 1100 2811 1221 2875; x_wconf 85' lang='lat' dir='ltr'>Eadem</span> <span class='ocrx_word' id='word_1_186' title='bbox 1237 2836 1308 2876; x_wconf 90' lang='lat' dir='ltr'>cor-</span> 
     </span>
     <span class='ocr_line' id='line_1_25' title="bbox 210 2911 633 3000; baseline 0.002 -24"><span class='ocrx_word' id='word_1_187' title='bbox 210 2911 333 3000; x_wconf 88' lang='lat' dir='ltr'>ruptela</span> <span class='ocrx_word' id='word_1_188' title='bbox 348 2928 394 2976; x_wconf 88' lang='lat' dir='ltr'>est</span> <span class='ocrx_word' id='word_1_189' title='bbox 410 2912 542 2999; x_wconf 91' lang='lat' dir='ltr'>Hippol.</span> <span class='ocrx_word' id='word_1_190' title='bbox 558 2914 633 2997; x_wconf 88' lang='lat'>496.</span> 
     </span>
    </p>

    <p class='ocr_par' dir='ltr' id='par_1_13' title="bbox 209 3013 1310 3412">
     <span class='ocr_line' id='line_1_26' title="bbox 255 3013 1310 3104; baseline 0.001 -25"><span class='ocrx_word' id='word_1_191' title='bbox 255 3016 307 3079; x_wconf 83' lang='lat'>28.</span> <span class='ocrx_word' id='word_1_192' title='bbox 330 3014 425 3095; x_wconf 74' lang='grc' dir='ltr'>ἀλκήν</span> <span class='ocrx_word' id='word_1_193' title='bbox 446 3013 500 3079; x_wconf 89' lang='grc' dir='ltr'>τιν’</span> <span class='ocrx_word' id='word_1_194' title='bbox 526 3017 623 3097; x_wconf 78' lang='grc' dir='ltr'>εὑρεῖν</span> <span class='ocrx_word' id='word_1_195' title='bbox 646 3016 855 3097; x_wconf 82' lang='grc' dir='ltr'>κᾶπικούρησιν</span> <span class='ocrx_word' id='word_1_196' title='bbox 881 3015 992 3103; x_wconf 80' lang='grc' dir='ltr'>κακῶν]</span> <span class='ocrx_word' id='word_1_197' title='bbox 1018 3015 1165 3080; x_wconf 85' lang='lat' dir='ltr'>Similiter</span> <span class='ocrx_word' id='word_1_198' title='bbox 1187 3017 1310 3104; x_wconf 88' lang='lat' dir='ltr'>Sopho-</span> 
     </span>
     <span class='ocr_line' id='line_1_27' title="bbox 210 3116 1310 3202; baseline 0.002 -20"><span class='ocrx_word' id='word_1_199' title='bbox 210 3117 272 3182; x_wconf 82' lang='lat' dir='ltr'>cles</span> <span class='ocrx_word' id='word_1_200' title='bbox 295 3116 373 3182; x_wconf 86' lang='lat' dir='ltr'>OEd.</span> <span class='ocrx_word' id='word_1_201' title='bbox 397 3119 440 3181; x_wconf 89' lang='lat' dir='ltr'>T.</span> <span class='ocrx_word' id='word_1_202' title='bbox 458 3118 530 3182; x_wconf 79' lang='lat'>218.</span> <span class='ocrx_word' id='word_1_203' title='bbox 553 3119 649 3198; x_wconf 68' lang='grc' dir='ltr'>ἀλκὴν</span> <span class='ocrx_word' id='word_1_204' title='bbox 671 3119 781 3198; x_wconf 77' lang='grc' dir='ltr'>λάβοις</span> <span class='ocrx_word' id='word_1_205' title='bbox 804 3119 843 3183; x_wconf 79' lang='grc' dir='ltr'>ἃν</span> <span class='ocrx_word' id='word_1_206' title='bbox 862 3121 1078 3202; x_wconf 82' lang='grc' dir='ltr'>κὰνακούφισιν</span> <span class='ocrx_word' id='word_1_207' title='bbox 1098 3126 1201 3183; x_wconf 82' lang='grc' dir='ltr'>κακῶν.</span> <span class='ocrx_word' id='word_1_208' title='bbox 1224 3123 1310 3184; x_wconf 88' lang='lat' dir='ltr'>unde</span> 
     </span>
     <span class='ocr_line' id='line_1_28' title="bbox 210 3220 1307 3310; baseline -0.003 -22"><span class='ocrx_word' id='word_1_209' title='bbox 210 3220 359 3310; x_wconf 83' lang='lat' dir='ltr'>Euripidi</span> <span class='ocrx_word' id='word_1_210' title='bbox 381 3222 592 3304; x_wconf 81' lang='grc' dir='ltr'>κάπικούφισιν</span> <span class='ocrx_word' id='word_1_211' title='bbox 611 3221 792 3286; x_wconf 82' lang='lat' dir='ltr'>restituebat</span> <span class='ocrx_word' id='word_1_212' title='bbox 812 3220 980 3286; x_wconf 82' lang='lat' dir='ltr'>Elmaleius</span> <span class='ocrx_word' id='word_1_213' title='bbox 994 3223 1171 3309; x_wconf 84' lang='lat' dir='ltr'>conjectura</span> <span class='ocrx_word' id='word_1_214' title='bbox 1193 3220 1307 3306; x_wconf 75' lang='lat' dir='ltr'>proba-</span> 
     </span>
     <span class='ocr_line' id='line_1_29' title="bbox 209 3324 1102 3412; baseline -0.002 -22"><span class='ocrx_word' id='word_1_215' title='bbox 209 3326 276 3404; x_wconf 90' lang='lat' dir='ltr'>bili,</span> <span class='ocrx_word' id='word_1_216' title='bbox 293 3324 346 3390; x_wconf 90' lang='lat' dir='ltr'>sed</span> <span class='ocrx_word' id='word_1_217' title='bbox 361 3346 457 3411; x_wconf 90' lang='lat' dir='ltr'>quam</span> <span class='ocrx_word' id='word_1_218' title='bbox 472 3326 670 3389; x_wconf 82' lang='lat' dir='ltr'>necessariam</span> <span class='ocrx_word' id='word_1_219' title='bbox 686 3349 752 3389; x_wconf 82' lang='lat' dir='ltr'>esse</span> <span class='ocrx_word' id='word_1_220' title='bbox 765 3325 969 3389; x_wconf 84' lang='lat' dir='ltr'>demonstrari</span> <span class='ocrx_word' id='word_1_221' title='bbox 984 3327 1102 3412; x_wconf 90' lang='lat' dir='ltr'>nequit.</span> 
     </span>
    </p>

    <p class='ocr_par' dir='ltr' id='par_1_14' title="bbox 210 3427 1311 4028">
     <span class='ocr_line' id='line_1_30' title="bbox 252 3427 1309 3514; baseline 0.001 -23"><span class='ocrx_word' id='word_1_222' title='bbox 252 3432 304 3512; x_wconf 83' lang='lat'>36.</span> <span class='ocrx_word' id='word_1_223' title='bbox 328 3429 362 3492; x_wconf 87' lang='grc' dir='ltr'>τὸ</span> <span class='ocrx_word' id='word_1_224' title='bbox 377 3427 508 3514; x_wconf 75' lang='grc' dir='ltr'>πρῶτον]</span> <span class='ocrx_word' id='word_1_225' title='bbox 532 3428 566 3491; x_wconf 84' lang='grc' dir='ltr'>τὸ</span> <span class='ocrx_word' id='word_1_226' title='bbox 584 3431 716 3509; x_wconf 87' lang='grc' dir='ltr'>πρόσθεν</span> <span class='ocrx_word' id='word_1_227' title='bbox 730 3429 804 3491; x_wconf 82' lang='grc' dir='ltr'>Ριιτ.</span> <span class='ocrx_word' id='word_1_228' title='bbox 820 3429 914 3493; x_wconf 89' lang='lat' dir='ltr'><strong>A.H.</strong></span> <span class='ocrx_word' id='word_1_229' title='bbox 947 3429 981 3492; x_wconf 82' lang='grc' dir='ltr'>τὸ</span> <span class='ocrx_word' id='word_1_230' title='bbox 996 3435 1112 3510; x_wconf 86' lang='grc' dir='ltr'>πρῶτον</span> <span class='ocrx_word' id='word_1_231' title='bbox 1127 3428 1173 3491; x_wconf 91' lang='lat' dir='ltr'>vel</span> <span class='ocrx_word' id='word_1_232' title='bbox 1197 3435 1309 3510; x_wconf 81' lang='grc' dir='ltr'>τοπρῶ-</span> 
     </span>
     <span class='ocr_line' id='line_1_31' title="bbox 210 3529 1309 3611; baseline 0.004 -19"><span class='ocrx_word' id='word_1_233' title='bbox 210 3555 272 3602; x_wconf 88' lang='grc' dir='ltr'>τον,</span> <span class='ocrx_word' id='word_1_234' title='bbox 298 3545 334 3593; x_wconf 94' lang='lat' dir='ltr'>ut</span> <span class='ocrx_word' id='word_1_235' title='bbox 359 3529 504 3594; x_wconf 89' lang='lat' dir='ltr'>scribitur</span> <span class='ocrx_word' id='word_1_236' title='bbox 527 3529 557 3593; x_wconf 91' lang='lat' dir='ltr'>in</span> <span class='ocrx_word' id='word_1_237' title='bbox 583 3531 649 3594; x_wconf 89' lang='lat' dir='ltr'>Gu.</span> <span class='ocrx_word' id='word_1_238' title='bbox 676 3545 708 3593; x_wconf 88' lang='lat' dir='ltr'>et</span> <span class='ocrx_word' id='word_1_239' title='bbox 734 3532 849 3608; x_wconf 86' lang='lat' dir='ltr'>Taur.,</span> <span class='ocrx_word' id='word_1_240' title='bbox 877 3544 922 3596; x_wconf 85' lang='lat' dir='ltr'>est</span> <span class='ocrx_word' id='word_1_241' title='bbox 949 3534 1056 3595; x_wconf 81' lang='lat' dir='ltr'>atatim</span> <span class='ocrx_word' id='word_1_242' title='bbox 1081 3533 1120 3595; x_wconf 82' lang='lat' dir='ltr'>ab</span> <span class='ocrx_word' id='word_1_243' title='bbox 1144 3533 1248 3611; x_wconf 78' lang='lat' dir='ltr'>initio,</span> <span class='ocrx_word' id='word_1_244' title='bbox 1273 3546 1309 3596; x_wconf 90' lang='lat' dir='ltr'>ut</span> 
     </span>
     <span class='ocr_line' id='line_1_32' title="bbox 211 3629 1307 3716; baseline 0.004 -21"><span class='ocrx_word' id='word_1_245' title='bbox 211 3630 274 3695; x_wconf 93' lang='lat' dir='ltr'>Od.</span> <span class='ocrx_word' id='word_1_246' title='bbox 292 3631 326 3711; x_wconf 79' lang='grc' dir='ltr'>ξ’,</span> <span class='ocrx_word' id='word_1_247' title='bbox 343 3634 417 3713; x_wconf 84' lang='grc'><strong>467.</strong></span> <span class='ocrx_word' id='word_1_248' title='bbox 433 3629 502 3695; x_wconf 75' lang='grc' dir='ltr'>ἀλλ’</span> <span class='ocrx_word' id='word_1_249' title='bbox 523 3632 588 3695; x_wconf 78' lang='grc' dir='ltr'>ἐπεὶ</span> <span class='ocrx_word' id='word_1_250' title='bbox 609 3632 663 3695; x_wconf 78' lang='grc' dir='ltr'>οὖν</span> <span class='ocrx_word' id='word_1_251' title='bbox 683 3632 717 3695; x_wconf 83' lang='grc' dir='ltr'>τὸ</span> <span class='ocrx_word' id='word_1_252' title='bbox 739 3638 857 3714; x_wconf 81' lang='grc' dir='ltr'>πρῶτον</span> <span class='ocrx_word' id='word_1_253' title='bbox 877 3633 1052 3716; x_wconf 77' lang='grc' dir='ltr'>ἀνέκραγον,</span> <span class='ocrx_word' id='word_1_254' title='bbox 1076 3635 1128 3698; x_wconf 78' lang='grc' dir='ltr'>οὐκ</span> <span class='ocrx_word' id='word_1_255' title='bbox 1151 3637 1307 3699; x_wconf 77' lang='grc' dir='ltr'>ἐπικεύσω.</span> 
     </span>
     <span class='ocr_line' id='line_1_33' title="bbox 211 3731 1311 3819; baseline 0.004 -22"><span class='ocrx_word' id='word_1_256' title='bbox 211 3731 257 3816; x_wconf 77' lang='grc' dir='ltr'>ψ’,</span> <span class='ocrx_word' id='word_1_257' title='bbox 275 3752 347 3813; x_wconf 85' lang='lat'>214.</span> <span class='ocrx_word' id='word_1_258' title='bbox 371 3733 478 3799; x_wconf 76' lang='grc' dir='ltr'>οὕνεκά</span> <span class='ocrx_word' id='word_1_259' title='bbox 500 3731 529 3796; x_wconf 83' lang='grc' dir='ltr'>α’</span> <span class='ocrx_word' id='word_1_260' title='bbox 548 3734 583 3798; x_wconf 81' lang='lat' dir='ltr'>orl</span> <span class='ocrx_word' id='word_1_261' title='bbox 603 3733 637 3797; x_wconf 81' lang='grc' dir='ltr'>τὸ</span> <span class='ocrx_word' id='word_1_262' title='bbox 659 3740 785 3816; x_wconf 78' lang='grc' dir='ltr'>πρῶτον,</span> <span class='ocrx_word' id='word_1_263' title='bbox 809 3737 873 3799; x_wconf 74' lang='grc' dir='ltr'>ἐπεὶ</span> <span class='ocrx_word' id='word_1_264' title='bbox 892 3739 965 3809; x_wconf 76' lang='grc' dir='ltr'>ἴδον,</span> <span class='ocrx_word' id='word_1_265' title='bbox 990 3736 1037 3800; x_wconf 82' lang='grc' dir='ltr'>ὧδ’</span> <span class='ocrx_word' id='word_1_266' title='bbox 1059 3737 1210 3819; x_wconf 81' lang='grc' dir='ltr'>ἀγάπησα.</span> <span class='ocrx_word' id='word_1_267' title='bbox 1258 3738 1311 3801; x_wconf 81' lang='lat' dir='ltr'>lta</span> 
     </span>
     <span class='ocr_line' id='line_1_34' title="bbox 211 3836 1311 3927; baseline 0.002 -26"><span class='ocrx_word' id='word_1_268' title='bbox 211 3837 354 3901; x_wconf 88' lang='lat' dir='ltr'>convenit</span> <span class='ocrx_word' id='word_1_269' title='bbox 369 3859 440 3899; x_wconf 90' lang='lat' dir='ltr'>cum</span> <span class='ocrx_word' id='word_1_270' title='bbox 457 3836 562 3918; x_wconf 80' lang='grc' dir='ltr'>ἀρχήν.</span> <span class='ocrx_word' id='word_1_271' title='bbox 585 3860 656 3901; x_wconf 89' lang='lat' dir='ltr'>nam</span> <span class='ocrx_word' id='word_1_272' title='bbox 673 3836 732 3901; x_wconf 81' lang='grc' dir='ltr'>οὐδ’</span> <span class='ocrx_word' id='word_1_273' title='bbox 750 3839 845 3921; x_wconf 77' lang='grc' dir='ltr'>ἀρχήν</span> <span class='ocrx_word' id='word_1_274' title='bbox 867 3839 991 3925; x_wconf 86' lang='lat' dir='ltr'>proprie</span> <span class='ocrx_word' id='word_1_275' title='bbox 1014 3856 1113 3903; x_wconf 80' lang='lat' dir='ltr'>estne</span> <span class='ocrx_word' id='word_1_276' title='bbox 1135 3839 1227 3904; x_wconf 79' lang='lat' dir='ltr'>initio</span> <span class='ocrx_word' id='word_1_277' title='bbox 1241 3842 1311 3927; x_wconf 80' lang='lat' dir='ltr'>qui-</span> 
     </span>
     <span class='ocr_line' id='line_1_35' title="bbox 212 3937 1309 4028; baseline 0.003 -25"><span class='ocrx_word' id='word_1_278' title='bbox 212 3939 293 4016; x_wconf 83' lang='lat' dir='ltr'>dem,</span> <span class='ocrx_word' id='word_1_279' title='bbox 318 3937 388 4002; x_wconf 88' lang='lat' dir='ltr'>hinc</span> <span class='ocrx_word' id='word_1_280' title='bbox 409 3940 537 4002; x_wconf 77' lang='lat' dir='ltr'>omnino</span> <span class='ocrx_word' id='word_1_281' title='bbox 558 3961 630 4002; x_wconf 83' lang='lat' dir='ltr'>non.</span> <span class='ocrx_word' id='word_1_282' title='bbox 660 3940 694 4003; x_wconf 82' lang='grc' dir='ltr'>τὸ</span> <span class='ocrx_word' id='word_1_283' title='bbox 717 3941 850 4021; x_wconf 85' lang='grc' dir='ltr'>πρόσθεν</span> <span class='ocrx_word' id='word_1_284' title='bbox 870 3941 1019 4028; x_wconf 85' lang='lat' dir='ltr'>scriptum</span> <span class='ocrx_word' id='word_1_285' title='bbox 1038 3965 1104 4006; x_wconf 86' lang='lat' dir='ltr'>esse</span> <span class='ocrx_word' id='word_1_286' title='bbox 1127 3942 1251 4006; x_wconf 89' lang='lat' dir='ltr'>videtur</span> <span class='ocrx_word' id='word_1_287' title='bbox 1269 3943 1309 4006; x_wconf 89' lang='lat' dir='ltr'>ab</span> 
     </span>
    </p>
   </div>
   <div class='ocr_carea' id='block_1_3' title="bbox 212 4039 1277 4228">
    <p class='ocr_par' dir='ltr' id='par_1_15' title="bbox 212 4039 1277 4228">
     <span class='ocr_line' id='line_1_36' title="bbox 212 4039 1277 4128; baseline 0.002 -22"><span class='ocrx_word' id='word_1_288' title='bbox 212 4065 260 4118; x_wconf 91' lang='lat' dir='ltr'>eo,</span> <span class='ocrx_word' id='word_1_289' title='bbox 275 4041 330 4128; x_wconf 91' lang='lat' dir='ltr'>qui</span> <span class='ocrx_word' id='word_1_290' title='bbox 346 4063 393 4126; x_wconf 82' lang='lat' dir='ltr'>sq.</span> <span class='ocrx_word' id='word_1_291' title='bbox 408 4045 462 4104; x_wconf 86' lang='grc' dir='ltr'>νῦν</span> <span class='ocrx_word' id='word_1_292' title='bbox 476 4039 501 4103; x_wconf 79' lang='grc' dir='ltr'>δ’</span> <span class='ocrx_word' id='word_1_293' title='bbox 517 4041 633 4127; x_wconf 90' lang='lat' dir='ltr'>opponi</span> <span class='ocrx_word' id='word_1_294' title='bbox 648 4041 766 4128; x_wconf 87' lang='lat' dir='ltr'>aliquid</span> <span class='ocrx_word' id='word_1_295' title='bbox 781 4043 895 4108; x_wconf 87' lang='lat' dir='ltr'>debere</span> <span class='ocrx_word' id='word_1_296' title='bbox 909 4045 1062 4110; x_wconf 87' lang='lat' dir='ltr'>censebat.</span> <span class='ocrx_word' id='word_1_297' title='bbox 1087 4047 1277 4111; x_wconf 86' lang='lat' dir='ltr'><strong>MATTH.</strong></span> 
     </span>
     <span class='ocr_line' id='line_1_37' title="bbox 255 4141 644 4228; baseline 0.003 -22"><span class='ocrx_word' id='word_1_298' title='bbox 255 4160 306 4228; x_wconf 93' lang='grc'><strong>37.</strong></span> <span class='ocrx_word' id='word_1_299' title='bbox 323 4141 400 4227; x_wconf 78' lang='grc' dir='ltr'>τάδ’]</span> <span class='ocrx_word' id='word_1_300' title='bbox 417 4142 454 4206; x_wconf 83' lang='grc' dir='ltr'>τά</span> <span class='ocrx_word' id='word_1_301' title='bbox 468 4145 495 4224; x_wconf 87' lang='grc' dir='ltr'>γ’</span> <span class='ocrx_word' id='word_1_302' title='bbox 512 4145 583 4206; x_wconf 80' lang='lat' dir='ltr'>Pur.</span> <span class='ocrx_word' id='word_1_303' title='bbox 601 4146 644 4207; x_wconf 88' lang='lat' dir='ltr'>A.</span> 
     </span>
    </p>
   </div>
   <div class='ocr_carea' id='block_1_4' title="bbox 254 4243 1045 4337">
    <p class='ocr_par' dir='ltr' id='par_1_16' title="bbox 254 4243 1045 4337">
     <span class='ocr_line' id='line_1_38' title="bbox 254 4243 1045 4337; baseline 0.009 -27"><span class='ocrx_word' id='word_1_304' title='bbox 254 4266 308 4328; x_wconf 90' lang='lat'>41.</span> <span class='ocrx_word' id='word_1_305' title='bbox 325 4243 475 4329; x_wconf 78' lang='grc' dir='ltr'>Σπάρτης]</span> <span class='ocrx_word' id='word_1_306' title='bbox 492 4244 605 4326; x_wconf 77' lang='grc' dir='ltr'>πάτρας</span> <span class='ocrx_word' id='word_1_307' title='bbox 620 4248 691 4311; x_wconf 87' lang='lat' dir='ltr'>Par.</span> <span class='ocrx_word' id='word_1_308' title='bbox 708 4248 745 4310; x_wconf 87' lang='lat' dir='ltr'>B.</span> <span class='ocrx_word' id='word_1_309' title='bbox 764 4248 849 4314; x_wconf 88' lang='lat' dir='ltr'>Flor.</span> <span class='ocrx_word' id='word_1_310' title='bbox 866 4253 909 4316; x_wconf 83' lang='grc' dir='ltr'><strong>Α.</strong></span> <span class='ocrx_word' id='word_1_311' title='bbox 929 4273 976 4316; x_wconf 90' lang='lat'>10.</span> <span class='ocrx_word' id='word_1_312' title='bbox 998 4273 1045 4337; x_wconf 88' lang='lat'>15.</span> 
     </span>
    </p>
   </div>
   <div class='ocr_carea' id='block_1_5' title="bbox 216 4347 1308 4516">
    <p class='ocr_par' dir='ltr' id='par_1_17' title="bbox 216 4347 1308 4516">
     <span class='ocr_line' id='line_1_39' title="bbox 255 4347 1308 4437; baseline 0.002 -24"><span class='ocrx_word' id='word_1_313' title='bbox 255 4369 307 4429; x_wconf 84' lang='lat'>44.</span> <span class='ocrx_word' id='word_1_314' title='bbox 331 4349 381 4433; x_wconf 86' lang='grc' dir='ltr'>ἤν]</span> <span class='ocrx_word' id='word_1_315' title='bbox 408 4347 448 4412; x_wconf 90' lang='lat' dir='ltr'>Id</span> <span class='ocrx_word' id='word_1_316' title='bbox 471 4363 518 4411; x_wconf 87' lang='lat' dir='ltr'>est</span> <span class='ocrx_word' id='word_1_317' title='bbox 539 4349 704 4428; x_wconf 68' lang='grc' dir='ltr'>πειρωμένη</span> <span class='ocrx_word' id='word_1_318' title='bbox 725 4351 813 4429; x_wconf 86' lang='grc' dir='ltr'>ἤν-.</span> <span class='ocrx_word' id='word_1_319' title='bbox 854 4353 923 4416; x_wconf 93' lang='lat' dir='ltr'>Vid.</span> <span class='ocrx_word' id='word_1_320' title='bbox 941 4355 1083 4418; x_wconf 88' lang='lat' dir='ltr'>Gramm.</span> <span class='ocrx_word' id='word_1_321' title='bbox 1103 4355 1161 4418; x_wconf 93' lang='lat' dir='ltr'>Gr.</span> <span class='ocrx_word' id='word_1_322' title='bbox 1187 4356 1216 4435; x_wconf 70' lang='grc' dir='ltr'><strong>ξ.</strong></span> <span class='ocrx_word' id='word_1_323' title='bbox 1234 4356 1308 4437; x_wconf 86' lang='lat'>526.</span> 
     </span>
     <span class='ocr_line' id='line_1_40' title="bbox 216 4449 778 4516; baseline -0.004 0"><span class='ocrx_word' id='word_1_324' title='bbox 216 4452 407 4516; x_wconf 88' lang='lat' dir='ltr'>MATTH.</span> <span class='ocrx_word' id='word_1_325' title='bbox 446 4453 485 4515; x_wconf 81' lang='lat' dir='ltr'>dv</span> <span class='ocrx_word' id='word_1_326' title='bbox 501 4449 578 4514; x_wconf 86' lang='lat' dir='ltr'>Ald.</span> <span class='ocrx_word' id='word_1_327' title='bbox 595 4451 696 4514; x_wconf 65' lang='lat' dir='ltr'>&#39;Pauo</span> <span class='ocrx_word' id='word_1_328' title='bbox 713 4453 778 4515; x_wconf 90' lang='lat' dir='ltr'>Gu.</span> 
     </span>
    </p>
   </div>
   <div class='ocr_carea' id='block_1_6' title="bbox 0 0 1447 4914">
    <p class='ocr_par' dir='ltr' id='par_1_18' title="bbox 0 0 1447 4914">
     <span class='ocr_line' id='line_1_41' title="bbox 0 0 1447 4914; baseline 0 0"><span class='ocrx_word' id='word_1_329' title='bbox 0 0 1447 4914; x_wconf 95' lang='lat' dir='ltr'> </span> 
     </span>
    </p>
   </div>
  </div>
 </body>
</html>
