2864 4914
205 278 272 340 384
567 276 945 341 ANNOTATIONES

210 449 341 513 Utinam
363 468 403 510 ne
418 448 526 534 proles
545 469 614 511 mea
627 449 663 510 ῖιι
677 456 731 512 tuo
744 448 821 511 lecto
832 457 976 535 οιιοοερια
990 448 1128 531 influe-iti
1143 449 1178 509 in
1191 447 1309 511 liberos

204 561 236 616 τι
249 551 374 615 domum
389 551 504 614 οπιῖιιῖσ
513 551 688 636 perniciem
701 551 741 613 αά
756 551 932 615 Hermione
941 551 1117 637 proficiam
1131 553 1167 612 ῖιι
1184 558 1214 613 te
1230 570 1308 613 οοτι·

194 654 349 739 jecisset!
372 654 557 716 Hermanno
579 651 658 730 hec,
680 651 705 716 si
729 651 805 716 nihil
826 652 987 731 exciderit,
1008 651 1049 717 ad
1068 650 1224 717 Achillem
1245 650 1311 717 dici

207 755 355 819 videnlur
369 753 428 818 hoc
442 777 553 818 sensu:
579 754 695 818 utinam
713 778 751 818 ne
769 755 813 818 tui
833 755 981 820 connubii
1001 754 1109 820 infelix
1131 754 1172 820 ad
1191 755 1311 820 liberos

205 871 240 922 et
258 856 388 922 domum
411 856 513 943 prole·
536 857 578 922 ab
601 858 774 922 Hermiona
796 875 926 924 mortem
948 860 1115 945 accepisset
1137 875 1311 924 maenum

208 959 246 1046 (i.
261 984 288 1024 e.
300 958 438 1045 ¹Delphis
459 958 626 1024 vindictum
650 960 747 1046 patris
768 960 892 1048 exigere
912 962 1076 1044 creditus),
1098 960 1152 1026 sed
1172 959 1311 1025 fulmine

207 1061 313 1150 potius
327 1061 456 1148 perisset
470 1077 525 1125 etc.
545 1062 735 1127 MATTH.

253 1183 347 1251 1192.
362 1163 534 1248 Ἑρμιόνης]
551 1162 713 1246 Ἑρμιόναν
729 1167 801 1229 Pur.
818 1167 861 1229 D.

255 1290 346 1353 1194
363 1267 452 1333 Ordo
466 1283 523 1344 est,
538 1267 602 1348 μηδ’
621 1269 763 1351 (ὤφελες)
780 1294 853 1332 ποτε
869 1270 917 1332 ἐπὶ
931 1266 1079 1353 τοξοσύνα
1089 1271 1185 1354 φονίῳ
1195 1269 1311 1351 πατρὸς

209 1373 327 1455 ἀνάψαι
356 1372 428 1451 αῖμα
453 1372 488 1434 τὸ
518 1374 650 1452 διογενὲς
676 1374 718 1439 εἰς
743 1378 871 1452 Φοῖβον,
894 1373 1004 1454 βροτὸς
1029 1375 1072 1440 εἰς
1099 1375 1179 1437 θεάν.
1209 1395 1311 1460 neque

203 1486 338 1564 propter
346 1477 442 1562 jacta
461 1477 497 1537 ῖιι
512 1482 637 1561 patrem
660 1476 826 1559 num-lisera
850 1476 912 1540 tela
937 1477 1031 1539 ιὀιῖυι
1051 1477 1132 1539 Jove
1150 1477 1214 1538 orti
1231 1497 1311 1539 συα-

203 1580 322 1667 guinis
340 1599 453 1664 ροισιαυ
477 1577 517 1640 ab
539 1577 695 1662 Apolline,
718 1577 861 1640 mortalis
883 1599 905 1639 α
927 1579 993 1653 deo,
1015 1579 1144 1664 exigere
1168 1577 1310 1641 debebas.

210 1684 387 1745 Homerum
402 1677 508 1742 attulit
524 1679 561 1741 M
566 1700 649 1762 mgr.
666 1677 728 1742 od.
745 1684 781 1754 B,
797 1680 846 1742 86.
868 1678 985 1746 ἐθέλοις
1006 1681 1040 1742 δέ
1061 1705 1093 1743 κε
1114 1685 1217 1759 μῶμον
1236 1679 1312 1744 ἀνά-

209 1792 279 1867 ψαι.
303 1780 438 1849 Anthol.
455 1781 555 1845 Palm„
568 1801 600 1864 9,
609 1798 685 1864 397.
703 1780 809 1864 αἶσχος
824 1781 1101 1861 ἀνάπτειν-Αἷμα
1114 1781 1149 1844 τὸ
1165 1784 1311 1863 διογενές,

210 1910 272 1951 non
286 1886 374 1974 quod
389 1887 472 1949 Jove
492 1899 584 1948 natus
597 1883 748 1962 Achilles,
764 1884 818 1948 sed
839 1885 926 1971 quod
950 1908 1024 1949 rex:
1051 1885 1083 1949 hi
1106 1885 1188 1948 enim
1209 1890 1311 1967 διογε-

210 1996 281 2058 νεῖς.
299 1989 506 2054 PFLUGK.

252 2091 414 2176 τοξοσόνᾳ]
429 2093 596 2170 τοξοσύναν
610 2089 695 2154 Flor.
713 2093 755 2154 Α.

258 2214 316 2277 119
317 2211 348 2277 5.
364 2200 482 2274 Φοῖβον
497 2193 672 2256 Bernesius.
696 2195 812 2273 Φοίβου
827 2192 908 2257 libri.

131 2293 135 2300 ’
258 2297 348 2380 1198.
365 2298 530 2384 δεσπόταν]
546 2298 694 2374 δεσπότην
709 2296 796 2359 Flor.
814 2314 844 2361 2.
861 2297 961 2359 Ταυτ.
980 2296 1047 2359 Gu.

257 2418 352 2484 1199.
368 2399 501 2479 καπάρξυ
516 2400 541 2462 F
543 2398 598 2462 lor.
611 2418 659 2462 10.
678 2399 722 2460 H.
768 2397 873 2485 Vulgo
888 2397 1076 2478 κατάρξοραι.

257 2520 351 2566 1201.
367 2499 390 2565 ὦ
404 2500 531 2564 accessit
544 2524 582 2564 ex
600 2503 674 2564 Par.
692 2501 779 2565 Am.

258 2622 350 2668 1202.
365 2604 494 2690 δακρύω]
511 2605 643 2684 δαιφιῖαιν
659 2605 732 2666 Per.
749 2604 790 2666 Ε.
807 2603 897 2666 Lasc.
1300 2673 1313 2702 v

257 2726 348 2791 1203.
379 2705 552 2790 συμφοράν]
578 2706 734 2787 συμφοράς
761 2707 833 2768 Per.
858 2706 899 2768 E.
930 2704 1019 2767 Lasc.
1046 2701 1124 2765 Ald.
1154 2701 1315 2782 συμφοράς

210 2813 313 2874 Ταυτ.

260 2928 350 2996 1205.
368 2910 403 2994 ὦ]
423 2913 457 2974 ἰὼ
471 2909 592 2974 codices
606 2924 636 2973 et
654 2911 743 2973 Lasc.
791 2910 907 2972 Versus
920 2931 958 2971 ex
974 2907 1088 2971 cretico
1107 2922 1137 2971 et
1152 2905 1314 2993 ithyphal-

210 3014 269 3078 lico
283 3012 483 3099 compositus.

255 3117 356 3183 ἔλιπες
371 3116 442 3179 Ρατ.
462 3117 595 3179 Α.Ε.Η.
613 3116 704 3179 Lasc.
750 3113 839 3177 Libri
856 3111 964 3198 reliqui
982 3113 1110 3179 ἔλειπες.

258 3221 349 3282 1206.
361 3217 476 3301 γέροντ’
489 3221 600 3282 ἀπαιὸα
611 3217 775 3300 νοσφίσας]
789 3218 823 3279 lul
834 3241 945 3295 μοιμοι
963 3216 1049 3294 (ὤμοι
1061 3241 1112 3295 ραι
1124 3215 1209 3279 Flor.
1224 3234 1252 3279 2.
1264 3215 1312 3277 H.

212 3321 318 3401 Lase.)
341 3320 346 3407 Ι
365 3323 554 3401 ταλαίπωρον
568 3323 620 3399 ἐμὲ
643 3317 756 3401 γέροντ’
777 3316 782 3405 Ι
802 3319 912 3381 ἄπαιδα
935 3320 1085 3398 νοσφίσας
1102 3317 1177 3380 ΑΜ.
1223 3316 1312 3380 Illud

210 3425 246 3487 m
260 3424 314 3503 μοι’
324 3448 374 3503 μοι
397 3437 478 3485 reete
499 3421 586 3484 abest
609 3421 649 3484 ab
666 3420 752 3484 Flor.
768 3423 812 3483 A.
828 3441 876 3482 10.
923 3419 1026 3482 Verba
1047 3421 1236 3500 ταλαίπωρον
1259 3421 1314 3498 ἐμὲ

210 3523 344 3588 delenda
359 3547 423 3587 esse
440 3522 517 3586 vidit
533 3522 691 3585 Matthiae.

256 3627 418 3709 νοσφίσας]
439 3627 501 3697 Qui
520 3626 671 3711 privasti.
695 3625 858 3706 νοσφίζειν,
880 3625 1024 3709 peluem,
1049 3639 1084 3687 ut
1103 3624 1187 3711 apud
1213 3623 1314 3709 Soph.

213 3728 296 3793 Phil.
313 3729 386 3805 684.
403 3727 517 3812 Eurip.
534 3725 646 3813 Suppl.
659 3746 734 3811 539.
750 3727 793 3789 ita
810 3741 844 3788 ut
860 3727 970 3789 ἄπαιδα
984 3725 1129 3790 effectum
1145 3724 1231 3789 verbi
1252 3724 1316 3811 sig-

213 3833 326 3896 nificet.
347 3832 538 3894 MATTH.

258 3953 348 4016 1207.
365 3939 468 3998 θανεῖν
483 3940 586 3997 θανεῖν
600 3958 649 4009 σε,
665 3931 794 4012 πρέσβυ,
809 3935 886 4014 χρῆν
900 3931 993 4012 πάρος
1007 3930 1120 3994 τέκνων
1136 3932 1207 3994 Par.
1221 3932 1264 3993 A.
1279 3947 1316 3994 et

210 4037 254 4102 sic
280 4039 354 4100 Par.
378 4038 421 4100 D.
447 4059 574 4122 quoque
603 4034 661 4098 nisi
686 4033 772 4120 quod
796 4034 887 4114 γέρον
909 4056 968 4120 pro
993 4034 1112 4114 πρέσβυ
1137 4032 1256 4119 pmebet
1280 4048 1316 4097 et

210 4140 323 4205 τέκνων
338 4140 464 4214 omittit,
482 4138 639 4224 adscripto
662 4136 705 4223 gl.
726 4163 762 4200 σε
785 4137 947 4200 ἀποθανεῖν
969 4138 1039 4217 πρὶν
1060 4140 1123 4220 ἴδῃς
1145 4136 1198 4197 τὸν
1220 4140 1316 4198 παῖδα

211 4244 402 4307 ἀποθανόντα
416 4241 491 4305 Ald.
509 4242 539 4302 Τ
542 4262 610 4304 aur.
628 4241 694 4304 Gu.
711 4245 814 4304 θανεῖν
828 4264 875 4316 σε,
892 4238 1020 4320 πρέσβυ,
1041 4242 1117 4321 χρῆν
1139 4237 1232 4317 πάρος
1253 4241 1315 4299 τῶν

212 4352 275 4408 σῶν
288 4344 409 4407 τέκνων.
431 4350 490 4406 τῶν
510 4348 572 4405 σῶν
589 4341 739 4404 omittunt
760 4343 831 4406 Per.
850 4343 890 4404 E.
911 4342 997 4404 Flor.
1015 4359 1044 4403 υ.
1061 4342 1168 4402 Havn.
1187 4340 1278 4401 Lasc.
1295 4363 1315 4402 e

213 4447 328 4532 quibus
344 4448 425 4509 Flor.
446 4463 477 4506 ει
494 4446 585 4506 me.
599 4443 691 4507 eliam
708 4445 765 4525 χρὴ
781 4443 904 4506 hebent.
947 4444 1109 4506 Lacunam
1126 4441 1169 4503 sic
1184 4440 1315 4525 explent
