<?xml version="1.0" encoding="UTF-8"?>
<!DOCTYPE html PUBLIC "-//W3C//DTD XHTML 1.0 Transitional//EN"
    "http://www.w3.org/TR/xhtml1/DTD/xhtml1-transitional.dtd">
<html xmlns="http://www.w3.org/1999/xhtml" xml:lang="en" lang="en">
 <head>
  <title>
</title>
<meta http-equiv="Content-Type" content="text/html;charset=utf-8" />
  <meta name='ocr-system' content='tesseract 3.04.00' />
  <meta name='ocr-capabilities' content='ocr_page ocr_carea ocr_par ocr_line ocrx_word'/>
</head>
<body>
  <div class='ocr_page' id='page_1' title='image "./tragoediaesuper01eurigoog_0215.png"; bbox 0 0 2864 4914; ppageno 0'>
   <div class='ocr_carea' id='block_1_1' title="bbox 185 268 926 335">
    <p class='ocr_par' dir='ltr' id='par_1_1' title="bbox 185 268 926 335">
     <span class='ocr_line' id='line_1_1' title="bbox 185 268 926 335; baseline -0.005 0"><span class='ocrx_word' id='word_1_1' title='bbox 185 268 250 335; x_wconf 73' lang='lat'>206</span> <span class='ocrx_word' id='word_1_2' title='bbox 547 268 926 335; x_wconf 87' lang='lat' dir='ltr'>ANNOTATIONES</span> 
     </span>
    </p>
   </div>
   <div class='ocr_carea' id='block_1_2' title="bbox 185 436 1289 836">
    <p class='ocr_par' dir='ltr' id='par_1_2' title="bbox 185 436 1289 836">
     <span class='ocr_line' id='line_1_2' title="bbox 230 436 1289 525; baseline -0.005 -20"><span class='ocrx_word' id='word_1_3' title='bbox 230 457 304 505; x_wconf 80' lang='grc'><strong>220.</strong></span> <span class='ocrx_word' id='word_1_4' title='bbox 326 441 419 514; x_wconf 79' lang='grc' dir='ltr'>ὅστις,</span> <span class='ocrx_word' id='word_1_5' title='bbox 441 441 512 523; x_wconf 78' lang='grc' dir='ltr'>πρὶν</span> <span class='ocrx_word' id='word_1_6' title='bbox 534 442 641 523; x_wconf 79' lang='grc' dir='ltr'>ἀνδρὸς</span> <span class='ocrx_word' id='word_1_7' title='bbox 660 441 841 525; x_wconf 77' lang='grc' dir='ltr'>σπλάγχνον</span> <span class='ocrx_word' id='word_1_8' title='bbox 862 443 1001 521; x_wconf 73' lang='grc' dir='ltr'>ἐκμαθεῖν</span> <span class='ocrx_word' id='word_1_9' title='bbox 1022 442 1137 522; x_wconf 81' lang='grc' dir='ltr'>σαφώς,</span> <span class='ocrx_word' id='word_1_10' title='bbox 1157 436 1163 524; x_wconf 89' lang='grc' dir='ltr'>Ι</span> <span class='ocrx_word' id='word_1_11' title='bbox 1182 441 1289 519; x_wconf 87' lang='grc' dir='ltr'>στνγεῖ</span> 
     </span>
     <span class='ocr_line' id='line_1_3' title="bbox 185 541 1287 630; baseline -0.004 -22"><span class='ocrx_word' id='word_1_12' title='bbox 185 543 337 625; x_wconf 76' lang='grc' dir='ltr'>δεδορκώς,</span> <span class='ocrx_word' id='word_1_13' title='bbox 358 543 446 608; x_wconf 79' lang='grc' dir='ltr'>οὗδέν</span> <span class='ocrx_word' id='word_1_14' title='bbox 464 543 650 629; x_wconf 72' lang='grc' dir='ltr'>ἠδικημένος]</span> <span class='ocrx_word' id='word_1_15' title='bbox 673 543 838 630; x_wconf 85' lang='lat' dir='ltr'>Singulare</span> <span class='ocrx_word' id='word_1_16' title='bbox 860 545 944 610; x_wconf 85' lang='grc' dir='ltr'>ὅστις</span> <span class='ocrx_word' id='word_1_17' title='bbox 964 541 1004 606; x_wconf 86' lang='lat' dir='ltr'>ad</span> <span class='ocrx_word' id='word_1_18' title='bbox 1029 541 1149 629; x_wconf 77' lang='lat' dir='ltr'><strong>plurale</strong></span> <span class='ocrx_word' id='word_1_19' title='bbox 1168 542 1287 623; x_wconf 77' lang='grc' dir='ltr'>βροτὸν</span> 
     </span>
     <span class='ocr_line' id='line_1_4' title="bbox 185 640 1285 731; baseline -0.002 -22"><span class='ocrx_word' id='word_1_20' title='bbox 185 645 330 710; x_wconf 86' lang='lat' dir='ltr'>refertur.</span> <span class='ocrx_word' id='word_1_21' title='bbox 385 647 546 710; x_wconf 84' lang='lat' dir='ltr'>Homerus</span> <span class='ocrx_word' id='word_1_22' title='bbox 569 647 609 711; x_wconf 93' lang='lat' dir='ltr'>Il.</span> <span class='ocrx_word' id='word_1_23' title='bbox 633 653 667 710; x_wconf 89' lang='grc' dir='ltr'>Γ.</span> <span class='ocrx_word' id='word_1_24' title='bbox 692 665 766 731; x_wconf 89' lang='lat'>279.</span> <span class='ocrx_word' id='word_1_25' title='bbox 789 648 960 729; x_wconf 79' lang='grc' dir='ltr'>ἀνθρώπους</span> <span class='ocrx_word' id='word_1_26' title='bbox 985 647 1154 719; x_wconf 89' lang='grc' dir='ltr'>τίνννσθον,</span> <span class='ocrx_word' id='word_1_27' title='bbox 1177 646 1239 710; x_wconf 83' lang='grc' dir='ltr'>ὅτις</span> <span class='ocrx_word' id='word_1_28' title='bbox 1260 640 1285 707; x_wconf 92' lang='grc' dir='ltr'>κ’</span> 
     </span>
     <span class='ocr_line' id='line_1_5' title="bbox 186 748 1284 836; baseline -0.004 -25"><span class='ocrx_word' id='word_1_29' title='bbox 186 748 325 831; x_wconf 84' lang='grc' dir='ltr'>ἐπίορκον</span> <span class='ocrx_word' id='word_1_30' title='bbox 339 751 468 829; x_wconf 79' lang='grc' dir='ltr'>ὀμόσσῃ.</span> <span class='ocrx_word' id='word_1_31' title='bbox 494 749 682 814; x_wconf 85' lang='lat' dir='ltr'>Eustathius</span> <span class='ocrx_word' id='word_1_32' title='bbox 696 749 737 814; x_wconf 90' lang='lat' dir='ltr'>ad</span> <span class='ocrx_word' id='word_1_33' title='bbox 752 749 820 814; x_wconf 86' lang='lat' dir='ltr'>haec</span> <span class='ocrx_word' id='word_1_34' title='bbox 833 750 927 814; x_wconf 86' lang='lat' dir='ltr'>verbs</span> <span class='ocrx_word' id='word_1_35' title='bbox 941 764 1057 836; x_wconf 86' lang='lat' dir='ltr'>praeter</span> <span class='ocrx_word' id='word_1_36' title='bbox 1070 748 1131 812; x_wconf 89' lang='lat' dir='ltr'>alia</span> <span class='ocrx_word' id='word_1_37' title='bbox 1145 763 1284 810; x_wconf 84' lang='lat' dir='ltr'>nostrum</span> 
     </span>
    </p>
   </div>
   <div class='ocr_carea' id='block_1_3' title="bbox 184 846 1287 939">
    <p class='ocr_par' dir='ltr' id='par_1_3' title="bbox 184 846 1287 939">
     <span class='ocr_line' id='line_1_6' title="bbox 184 846 1287 939; baseline -0.003 -26"><span class='ocrx_word' id='word_1_38' title='bbox 184 849 287 914; x_wconf 85' lang='lat' dir='ltr'>loeurn</span> <span class='ocrx_word' id='word_1_39' title='bbox 299 849 422 938; x_wconf 82' lang='lat' dir='ltr'>allegat.</span> <span class='ocrx_word' id='word_1_40' title='bbox 467 852 572 917; x_wconf 90' lang='lat' dir='ltr'>Verba</span> <span class='ocrx_word' id='word_1_41' title='bbox 586 852 655 939; x_wconf 89' lang='lat' dir='ltr'>ejus</span> <span class='ocrx_word' id='word_1_42' title='bbox 667 852 739 917; x_wconf 86' lang='lat' dir='ltr'>vide</span> <span class='ocrx_word' id='word_1_43' title='bbox 754 851 841 939; x_wconf 94' lang='lat' dir='ltr'>apud</span> <span class='ocrx_word' id='word_1_44' title='bbox 855 850 1050 916; x_wconf 86' lang='lat' dir='ltr'>Brunckium</span> <span class='ocrx_word' id='word_1_45' title='bbox 1066 850 1107 915; x_wconf 86' lang='lat' dir='ltr'>ad</span> <span class='ocrx_word' id='word_1_46' title='bbox 1124 846 1287 936; x_wconf 82' lang='lat' dir='ltr'>Sophoclis</span> 
     </span>
    </p>
   </div>
   <div class='ocr_carea' id='block_1_4' title="bbox 184 950 1288 1961">
    <p class='ocr_par' dir='ltr' id='par_1_4' title="bbox 184 950 1287 1350">
     <span class='ocr_line' id='line_1_7' title="bbox 186 950 1286 1043; baseline -0.003 -26"><span class='ocrx_word' id='word_1_47' title='bbox 186 953 242 1040; x_wconf 91' lang='lat' dir='ltr'>Aj.</span> <span class='ocrx_word' id='word_1_48' title='bbox 269 955 342 1036; x_wconf 86' lang='lat'><strong>760.</strong></span> <span class='ocrx_word' id='word_1_49' title='bbox 373 953 428 1040; x_wconf 92' lang='lat' dir='ltr'>qui</span> <span class='ocrx_word' id='word_1_50' title='bbox 457 955 551 1041; x_wconf 87' lang='lat' dir='ltr'>plura</span> <span class='ocrx_word' id='word_1_51' title='bbox 579 954 666 1020; x_wconf 86' lang='lat' dir='ltr'>dedit</span> <span class='ocrx_word' id='word_1_52' title='bbox 695 955 835 1043; x_wconf 86' lang='lat' dir='ltr'>ejusdem</span> <span class='ocrx_word' id='word_1_53' title='bbox 865 953 1105 1020; x_wconf 83' lang='lat' dir='ltr'>constructionis</span> <span class='ocrx_word' id='word_1_54' title='bbox 1132 950 1286 1039; x_wconf 84' lang='lat' dir='ltr'>exempla.</span> 
     </span>
     <span class='ocr_line' id='line_1_8' title="bbox 185 1054 1287 1142; baseline -0.002 -23"><span class='ocrx_word' id='word_1_55' title='bbox 185 1056 347 1121; x_wconf 76' lang='lat' dir='ltr'><strong>Nonnulla</strong></span> <span class='ocrx_word' id='word_1_56' title='bbox 367 1055 475 1121; x_wconf 81' lang='lat' dir='ltr'>addidi</span> <span class='ocrx_word' id='word_1_57' title='bbox 495 1056 536 1121; x_wconf 90' lang='lat' dir='ltr'>ad</span> <span class='ocrx_word' id='word_1_58' title='bbox 552 1057 633 1122; x_wconf 89' lang='lat' dir='ltr'>OEd.</span> <span class='ocrx_word' id='word_1_59' title='bbox 647 1059 689 1122; x_wconf 87' lang='lat' dir='ltr'>T.</span> <span class='ocrx_word' id='word_1_60' title='bbox 706 1075 779 1142; x_wconf 86' lang='lat'><strong>713.</strong></span> <span class='ocrx_word' id='word_1_61' title='bbox 796 1059 835 1125; x_wconf 81' lang='grc' dir='ltr'>ὣς</span> <span class='ocrx_word' id='word_1_62' title='bbox 848 1056 939 1122; x_wconf 82' lang='grc' dir='ltr'>αι’πδν</span> <span class='ocrx_word' id='word_1_63' title='bbox 952 1058 1015 1136; x_wconf 69' lang='grc' dir='ltr'>ἥξει</span> <span class='ocrx_word' id='word_1_64' title='bbox 1028 1063 1118 1138; x_wconf 89' lang='grc' dir='ltr'>μοῖρα</span> <span class='ocrx_word' id='word_1_65' title='bbox 1130 1054 1203 1136; x_wconf 81' lang='grc' dir='ltr'>πρὸς</span> <span class='ocrx_word' id='word_1_66' title='bbox 1216 1079 1287 1118; x_wconf 88' lang='grc' dir='ltr'>παι·</span> 
     </span>
     <span class='ocr_line' id='line_1_9' title="bbox 184 1156 1285 1247; baseline -0.008 -19"><span class='ocrx_word' id='word_1_67' title='bbox 184 1158 236 1228; x_wconf 75' lang='grc' dir='ltr'>δὸς</span> <span class='ocrx_word' id='word_1_68' title='bbox 247 1163 359 1233; x_wconf 77' lang='grc' dir='ltr'>θανεῖν,</span> <span class='ocrx_word' id='word_1_69' title='bbox 380 1158 386 1247; x_wconf 89' lang='grc' dir='ltr'>Ι</span> <span class='ocrx_word' id='word_1_70' title='bbox 404 1159 488 1240; x_wconf 78' lang='grc' dir='ltr'>ὅστις</span> <span class='ocrx_word' id='word_1_71' title='bbox 501 1158 609 1243; x_wconf 82' lang='grc' dir='ltr'>γίνοιτ’</span> <span class='ocrx_word' id='word_1_72' title='bbox 623 1161 695 1240; x_wconf 77' lang='grc' dir='ltr'>ἐμοῦ</span> <span class='ocrx_word' id='word_1_73' title='bbox 705 1186 739 1224; x_wconf 90' lang='grc' dir='ltr'>τε</span> <span class='ocrx_word' id='word_1_74' title='bbox 754 1161 890 1224; x_wconf 81' lang='grc' dir='ltr'>κάκείνου</span> <span class='ocrx_word' id='word_1_75' title='bbox 904 1156 994 1240; x_wconf 80' lang='grc' dir='ltr'>πάρα.</span> <span class='ocrx_word' id='word_1_76' title='bbox 1018 1157 1085 1223; x_wconf 90' lang='lat' dir='ltr'>Ubi</span> <span class='ocrx_word' id='word_1_77' title='bbox 1100 1156 1285 1244; x_wconf 81' lang='lat' dir='ltr'><strong>scripturam</strong></span> 
     </span>
     <span class='ocr_line' id='line_1_10' title="bbox 185 1261 1103 1350; baseline -0.002 -24"><span class='ocrx_word' id='word_1_78' title='bbox 185 1261 278 1327; x_wconf 84' lang='lat' dir='ltr'>valde</span> <span class='ocrx_word' id='word_1_79' title='bbox 290 1261 459 1350; x_wconf 76' lang='lat' dir='ltr'>speciosam</span> <span class='ocrx_word' id='word_1_80' title='bbox 474 1267 588 1328; x_wconf 78' lang='grc' dir='ltr'>παίδων</span> <span class='ocrx_word' id='word_1_81' title='bbox 602 1262 730 1327; x_wconf 81' lang='lat' dir='ltr'>exhibet</span> <span class='ocrx_word' id='word_1_82' title='bbox 743 1262 811 1326; x_wconf 84' lang='lat' dir='ltr'>eod.</span> <span class='ocrx_word' id='word_1_83' title='bbox 826 1263 916 1348; x_wconf 85' lang='lat' dir='ltr'><strong>Aug.</strong></span> <span class='ocrx_word' id='word_1_84' title='bbox 932 1263 972 1326; x_wconf 86' lang='lat' dir='ltr'>B.</span> <span class='ocrx_word' id='word_1_85' title='bbox 986 1261 1103 1324; x_wconf 87' lang='lat' dir='ltr'><strong>ELM.</strong></span> 
     </span>
    </p>

    <p class='ocr_par' dir='ltr' id='par_1_5' title="bbox 184 1360 1288 1736">
     <span class='ocr_line' id='line_1_11' title="bbox 229 1360 1288 1454; baseline -0.008 -25"><span class='ocrx_word' id='word_1_86' title='bbox 229 1364 385 1450; x_wconf 79' lang='grc' dir='ltr'>ἐκμαθεῖν]</span> <span class='ocrx_word' id='word_1_87' title='bbox 409 1365 521 1454; x_wconf 83' lang='grc' dir='ltr'>ε’κμόθη</span> <span class='ocrx_word' id='word_1_88' title='bbox 540 1365 729 1431; x_wconf 84' lang='lat' dir='ltr'>Eustathius</span> <span class='ocrx_word' id='word_1_89' title='bbox 749 1388 781 1452; x_wconf 93' lang='lat' dir='ltr'>p.</span> <span class='ocrx_word' id='word_1_90' title='bbox 795 1381 872 1449; x_wconf 83' lang='grc'>415,</span> <span class='ocrx_word' id='word_1_91' title='bbox 888 1383 936 1428; x_wconf 84' lang='grc'><strong>12.</strong></span> <span class='ocrx_word' id='word_1_92' title='bbox 983 1362 1045 1427; x_wconf 89' lang='lat' dir='ltr'>Sed</span> <span class='ocrx_word' id='word_1_93' title='bbox 1068 1360 1288 1448; x_wconf 82' lang='lat' dir='ltr'>subjunctivus</span> 
     </span>
     <span class='ocr_line' id='line_1_12' title="bbox 184 1461 1286 1554; baseline -0.005 -25"><span class='ocrx_word' id='word_1_94' title='bbox 184 1481 254 1552; x_wconf 89' lang='lat' dir='ltr'>post</span> <span class='ocrx_word' id='word_1_95' title='bbox 272 1466 342 1546; x_wconf 82' lang='grc' dir='ltr'>πρὶν</span> <span class='ocrx_word' id='word_1_96' title='bbox 356 1488 417 1530; x_wconf 91' lang='lat' dir='ltr'>non</span> <span class='ocrx_word' id='word_1_97' title='bbox 438 1482 620 1554; x_wconf 83' lang='lat' dir='ltr'>usurpetur,</span> <span class='ocrx_word' id='word_1_98' title='bbox 635 1467 694 1531; x_wconf 86' lang='lat' dir='ltr'>nisi</span> <span class='ocrx_word' id='word_1_99' title='bbox 715 1466 746 1530; x_wconf 92' lang='lat' dir='ltr'>in</span> <span class='ocrx_word' id='word_1_100' title='bbox 769 1467 873 1554; x_wconf 88' lang='lat' dir='ltr'>priore</span> <span class='ocrx_word' id='word_1_101' title='bbox 895 1465 1046 1543; x_wconf 88' lang='lat' dir='ltr'>membro,</span> <span class='ocrx_word' id='word_1_102' title='bbox 1060 1462 1148 1551; x_wconf 92' lang='lat' dir='ltr'>quod</span> <span class='ocrx_word' id='word_1_103' title='bbox 1167 1461 1217 1525; x_wconf 89' lang='lat' dir='ltr'>hic</span> <span class='ocrx_word' id='word_1_104' title='bbox 1239 1475 1286 1524; x_wconf 86' lang='lat' dir='ltr'>est</span> 
     </span>
     <span class='ocr_line' id='line_1_13' title="bbox 184 1564 1285 1657; baseline -0.004 -26"><span class='ocrx_word' id='word_1_105' title='bbox 184 1567 268 1634; x_wconf 81' lang='grc' dir='ltr'>ὅστις</span> <span class='ocrx_word' id='word_1_106' title='bbox 282 1574 389 1649; x_wconf 90' lang='grc' dir='ltr'>στυγεῖ</span> <span class='ocrx_word' id='word_1_107' title='bbox 400 1571 553 1650; x_wconf 79' lang='grc' dir='ltr'>δεδορκὼς,</span> <span class='ocrx_word' id='word_1_108' title='bbox 567 1568 649 1634; x_wconf 89' lang='lat' dir='ltr'>adsit</span> <span class='ocrx_word' id='word_1_109' title='bbox 663 1569 800 1657; x_wconf 87' lang='lat' dir='ltr'>negandi</span> <span class='ocrx_word' id='word_1_110' title='bbox 814 1584 871 1633; x_wconf 84' lang='lat' dir='ltr'>aut</span> <span class='ocrx_word' id='word_1_111' title='bbox 889 1565 1076 1656; x_wconf 90' lang='lat' dir='ltr'>prohibendi</span> <span class='ocrx_word' id='word_1_112' title='bbox 1091 1564 1285 1652; x_wconf 75' lang='lat' dir='ltr'>significatio.</span> 
     </span>
     <span class='ocr_line' id='line_1_14' title="bbox 185 1669 510 1736; baseline 0.009 -3"><span class='ocrx_word' id='word_1_113' title='bbox 185 1669 317 1733; x_wconf 84' lang='lat' dir='ltr'>Monuit</span> <span class='ocrx_word' id='word_1_114' title='bbox 330 1670 510 1736; x_wconf 84' lang='lat' dir='ltr'>Elmsleius.</span> 
     </span>
    </p>

    <p class='ocr_par' dir='ltr' id='par_1_6' title="bbox 184 1770 1287 1961">
     <span class='ocr_line' id='line_1_15' title="bbox 229 1770 1286 1858; baseline -0.004 -21"><span class='ocrx_word' id='word_1_115' title='bbox 229 1791 303 1838; x_wconf 88' lang='grc'><strong>222.</strong></span> <span class='ocrx_word' id='word_1_116' title='bbox 327 1773 385 1856; x_wconf 70' lang='grc' dir='ltr'>χρὴ</span> <span class='ocrx_word' id='word_1_117' title='bbox 404 1776 437 1838; x_wconf 84' lang='grc' dir='ltr'>δέ</span> <span class='ocrx_word' id='word_1_118' title='bbox 454 1773 544 1853; x_wconf 73' lang='grc' dir='ltr'>ξένον</span> <span class='ocrx_word' id='word_1_119' title='bbox 555 1777 612 1856; x_wconf 85' lang='grc' dir='ltr'>μέν</span> <span class='ocrx_word' id='word_1_120' title='bbox 626 1773 718 1857; x_wconf 86' lang='grc' dir='ltr'>κόρτα</span> <span class='ocrx_word' id='word_1_121' title='bbox 729 1781 918 1858; x_wconf 81' lang='grc' dir='ltr'>προσχωρεῖν</span> <span class='ocrx_word' id='word_1_122' title='bbox 932 1770 1036 1857; x_wconf 90' lang='grc' dir='ltr'>πόλει]</span> <span class='ocrx_word' id='word_1_123' title='bbox 1054 1770 1159 1836; x_wconf 89' lang='lat' dir='ltr'>Schol.</span> <span class='ocrx_word' id='word_1_124' title='bbox 1176 1773 1213 1835; x_wconf 85' lang='grc' dir='ltr'>σέ</span> <span class='ocrx_word' id='word_1_125' title='bbox 1229 1793 1286 1857; x_wconf 90' lang='lat' dir='ltr'>pro</span> 
     </span>
     <span class='ocr_line' id='line_1_16' title="bbox 184 1871 1287 1961; baseline -0.003 -22"><span class='ocrx_word' id='word_1_126' title='bbox 184 1874 229 1940; x_wconf 85' lang='grc' dir='ltr'>δέ.</span> <span class='ocrx_word' id='word_1_127' title='bbox 274 1877 373 1940; x_wconf 88' lang='lat' dir='ltr'>Hunc</span> <span class='ocrx_word' id='word_1_128' title='bbox 395 1899 519 1940; x_wconf 88' lang='lat' dir='ltr'>versum</span> <span class='ocrx_word' id='word_1_129' title='bbox 541 1877 616 1942; x_wconf 85' lang='lat' dir='ltr'>citat</span> <span class='ocrx_word' id='word_1_130' title='bbox 638 1877 733 1942; x_wconf 84' lang='lat' dir='ltr'>schol.</span> <span class='ocrx_word' id='word_1_131' title='bbox 756 1877 797 1941; x_wconf 84' lang='lat' dir='ltr'>ad</span> <span class='ocrx_word' id='word_1_132' title='bbox 821 1875 983 1961; x_wconf 79' lang='lat' dir='ltr'><strong>Sophoclis</strong></span> <span class='ocrx_word' id='word_1_133' title='bbox 1002 1874 1082 1938; x_wconf 87' lang='lat' dir='ltr'>(Ed.</span> <span class='ocrx_word' id='word_1_134' title='bbox 1099 1876 1138 1938; x_wconf 91' lang='lat' dir='ltr'>C.</span> <span class='ocrx_word' id='word_1_135' title='bbox 1158 1871 1287 1956; x_wconf 75' lang='lat' dir='ltr'>171.’tl</span> 
     </span>
    </p>
   </div>
   <div class='ocr_carea' id='block_1_5' title="bbox 183 1975 1288 2067">
    <p class='ocr_par' dir='ltr' id='par_1_7' title="bbox 183 1975 1288 2067">
     <span class='ocr_line' id='line_1_17' title="bbox 183 1975 1288 2067; baseline -0.006 -22"><span class='ocrx_word' id='word_1_136' title='bbox 183 1977 287 2060; x_wconf 79' lang='grc' dir='ltr'>πότερ,</span> <span class='ocrx_word' id='word_1_137' title='bbox 300 1979 403 2046; x_wconf 74' lang='grc' dir='ltr'>ἀστοῖς</span> <span class='ocrx_word' id='word_1_138' title='bbox 416 1981 469 2043; x_wconf 85' lang='grc' dir='ltr'>ίσα</span> <span class='ocrx_word' id='word_1_139' title='bbox 483 1979 542 2063; x_wconf 74' lang='grc' dir='ltr'>χρὴ</span> <span class='ocrx_word' id='word_1_140' title='bbox 554 1985 694 2060; x_wconf 78' lang='grc' dir='ltr'>μελετᾶν,</span> <span class='ocrx_word' id='word_1_141' title='bbox 715 1978 721 2067; x_wconf 95' lang='grc' dir='ltr'>Ι</span> <span class='ocrx_word' id='word_1_142' title='bbox 741 1984 873 2046; x_wconf 77' lang='grc' dir='ltr'>εἴκοντας</span> <span class='ocrx_word' id='word_1_143' title='bbox 888 1979 908 2043; x_wconf 84' lang='grc' dir='ltr'>δ</span> <span class='ocrx_word' id='word_1_144' title='bbox 923 1984 970 2043; x_wconf 86' lang='grc' dir='ltr'>δεῖ</span> <span class='ocrx_word' id='word_1_145' title='bbox 982 1980 1169 2045; x_wconf 82' lang='grc' dir='ltr'>κὰκοόοντας.</span> <span class='ocrx_word' id='word_1_146' title='bbox 1192 1975 1288 2040; x_wconf 83' lang='lat' dir='ltr'>Euri-</span> 
     </span>
    </p>
   </div>
   <div class='ocr_carea' id='block_1_6' title="bbox 59 2079 1284 2170">
    <p class='ocr_par' dir='ltr' id='par_1_8' title="bbox 59 2079 1284 2170">
     <span class='ocr_line' id='line_1_18' title="bbox 59 2079 1284 2170; baseline 0.016 -31"><span class='ocrx_word' id='word_1_147' title='bbox 59 2134 61 2139; x_wconf 92' lang='lat'><strong>.</strong></span> <span class='ocrx_word' id='word_1_148' title='bbox 183 2079 274 2167; x_wconf 85' lang='lat' dir='ltr'>pides</span> <span class='ocrx_word' id='word_1_149' title='bbox 296 2081 409 2170; x_wconf 89' lang='lat' dir='ltr'>Suppl.</span> <span class='ocrx_word' id='word_1_150' title='bbox 434 2084 509 2168; x_wconf 91' lang='grc'><strong>892.</strong></span> <span class='ocrx_word' id='word_1_151' title='bbox 533 2089 652 2166; x_wconf 77' lang='grc' dir='ltr'>πρῦτον</span> <span class='ocrx_word' id='word_1_152' title='bbox 672 2087 729 2165; x_wconf 82' lang='grc' dir='ltr'>μέν</span> <span class='ocrx_word' id='word_1_153' title='bbox 757 2085 809 2165; x_wconf 83' lang='grc' dir='ltr'>(ὣς</span> <span class='ocrx_word' id='word_1_154' title='bbox 833 2083 891 2166; x_wconf 71' lang='grc' dir='ltr'>χρὴ</span> <span class='ocrx_word' id='word_1_155' title='bbox 913 2083 982 2149; x_wconf 65' lang='grc' dir='ltr'>τοὺς</span> <span class='ocrx_word' id='word_1_156' title='bbox 1003 2086 1211 2162; x_wconf 60' lang='grc' dir='ltr'>μετοικοῦντας</span> <span class='ocrx_word' id='word_1_157' title='bbox 1235 2079 1284 2158; x_wconf 58' lang='grc' dir='ltr'>δέ·</span> 
     </span>
    </p>
   </div>
   <div class='ocr_carea' id='block_1_7' title="bbox 182 2182 1290 4529">
    <p class='ocr_par' dir='ltr' id='par_1_9' title="bbox 183 2182 1287 2888">
     <span class='ocr_line' id='line_1_19' title="bbox 185 2182 1286 2271; baseline -0.001 -24"><span class='ocrx_word' id='word_1_158' title='bbox 185 2186 265 2267; x_wconf 91' lang='grc' dir='ltr'>νονς)</span> <span class='ocrx_word' id='word_1_159' title='bbox 286 2182 292 2271; x_wconf 98' lang='grc' dir='ltr'>Ι</span> <span class='ocrx_word' id='word_1_160' title='bbox 310 2186 440 2267; x_wconf 84' lang='grc' dir='ltr'>λυπηρὸς</span> <span class='ocrx_word' id='word_1_161' title='bbox 454 2187 506 2250; x_wconf 78' lang='lat' dir='ltr'>oth&lt;</span> <span class='ocrx_word' id='word_1_162' title='bbox 527 2186 565 2266; x_wconf 84' lang='grc' dir='ltr'>ιΙν</span> <span class='ocrx_word' id='word_1_163' title='bbox 580 2185 639 2252; x_wconf 77' lang='grc' dir='ltr'>οὐδ’</span> <span class='ocrx_word' id='word_1_164' title='bbox 656 2189 817 2269; x_wconf 80' lang='grc' dir='ltr'>ἐπίφθονος</span> <span class='ocrx_word' id='word_1_165' title='bbox 837 2187 934 2258; x_wconf 91' lang='grc' dir='ltr'>πόλει,</span> <span class='ocrx_word' id='word_1_166' title='bbox 955 2184 961 2271; x_wconf 89' lang='grc' dir='ltr'>Ι</span> <span class='ocrx_word' id='word_1_167' title='bbox 980 2183 1039 2248; x_wconf 77' lang='grc' dir='ltr'>οὐδ’</span> <span class='ocrx_word' id='word_1_168' title='bbox 1056 2184 1206 2266; x_wconf 74' lang='grc' dir='ltr'>ἐξεριστὴς</span> <span class='ocrx_word' id='word_1_169' title='bbox 1226 2188 1286 2246; x_wconf 78' lang='grc' dir='ltr'>τῶν</span> 
     </span>
     <span class='ocr_line' id='line_1_20' title="bbox 183 2285 1286 2376; baseline -0.002 -26"><span class='ocrx_word' id='word_1_170' title='bbox 183 2288 295 2370; x_wconf 77' lang='grc' dir='ltr'>λόγων,</span> <span class='ocrx_word' id='word_1_171' title='bbox 312 2290 383 2352; x_wconf 83' lang='grc' dir='ltr'>ὅθεν</span> <span class='ocrx_word' id='word_1_172' title='bbox 397 2288 492 2370; x_wconf 76' lang='grc' dir='ltr'>βαρὺς</span> <span class='ocrx_word' id='word_1_173' title='bbox 510 2286 515 2376; x_wconf 95' lang='grc' dir='ltr'>Ι</span> <span class='ocrx_word' id='word_1_174' title='bbox 533 2287 654 2369; x_wconf 77' lang='grc' dir='ltr'>μάλιστ’</span> <span class='ocrx_word' id='word_1_175' title='bbox 670 2289 709 2354; x_wconf 81' lang='grc' dir='ltr'>δν</span> <span class='ocrx_word' id='word_1_176' title='bbox 723 2293 768 2369; x_wconf 77' lang='grc' dir='ltr'>εἴη</span> <span class='ocrx_word' id='word_1_177' title='bbox 782 2290 907 2370; x_wconf 77' lang='grc' dir='ltr'>δημότης</span> <span class='ocrx_word' id='word_1_178' title='bbox 925 2312 959 2352; x_wconf 89' lang='grc' dir='ltr'>τε</span> <span class='ocrx_word' id='word_1_179' title='bbox 982 2288 1029 2352; x_wconf 73' lang='grc' dir='ltr'>καὶ</span> <span class='ocrx_word' id='word_1_180' title='bbox 1043 2286 1138 2366; x_wconf 73' lang='grc' dir='ltr'>ξένος.</span> <span class='ocrx_word' id='word_1_181' title='bbox 1175 2285 1286 2350; x_wconf 88' lang='lat' dir='ltr'>Cioero</span> 
     </span>
     <span class='ocr_line' id='line_1_21' title="bbox 184 2388 1287 2480; baseline -0.003 -27"><span class='ocrx_word' id='word_1_182' title='bbox 184 2388 225 2453; x_wconf 89' lang='lat' dir='ltr'>de</span> <span class='ocrx_word' id='word_1_183' title='bbox 249 2389 367 2454; x_wconf 88' lang='lat' dir='ltr'>Officiis</span> <span class='ocrx_word' id='word_1_184' title='bbox 390 2390 420 2454; x_wconf 91' lang='lat'>1.</span> <span class='ocrx_word' id='word_1_185' title='bbox 435 2410 488 2476; x_wconf 85' lang='lat'>34.</span> <span class='ocrx_word' id='word_1_186' title='bbox 508 2389 681 2480; x_wconf 62' lang='lat' dir='ltr'>Peregrini</span> <span class='ocrx_word' id='word_1_187' title='bbox 699 2401 803 2456; x_wconf 74' lang='lat' dir='ltr'>autem</span> <span class='ocrx_word' id='word_1_188' title='bbox 824 2400 855 2455; x_wconf 85' lang='lat' dir='ltr'>et</span> <span class='ocrx_word' id='word_1_189' title='bbox 872 2390 981 2454; x_wconf 74' lang='lat' dir='ltr'>incola</span> <span class='ocrx_word' id='word_1_190' title='bbox 1001 2390 1136 2475; x_wconf 68' lang='lat' dir='ltr'>‹ffo&#39;om</span> <span class='ocrx_word' id='word_1_191' title='bbox 1158 2397 1214 2465; x_wconf 81' lang='lat' dir='ltr'>est,</span> <span class='ocrx_word' id='word_1_192' title='bbox 1236 2391 1287 2451; x_wconf 79' lang='lat' dir='ltr'>ni-</span> 
     </span>
     <span class='ocr_line' id='line_1_22' title="bbox 183 2493 1285 2582; baseline -0.002 -25"><span class='ocrx_word' id='word_1_193' title='bbox 183 2494 231 2558; x_wconf 76' lang='lat' dir='ltr'>tit</span> <span class='ocrx_word' id='word_1_194' title='bbox 245 2504 368 2581; x_wconf 72' lang='grc' dir='ltr'>μνοίαν</span> <span class='ocrx_word' id='word_1_195' title='bbox 388 2516 481 2559; x_wconf 69' lang='lat' dir='ltr'>atum</span> <span class='ocrx_word' id='word_1_196' title='bbox 507 2497 669 2582; x_wconf 75' lang='lat' dir='ltr'>negotium</span> <span class='ocrx_word' id='word_1_197' title='bbox 687 2515 797 2582; x_wconf 77' lang='lat' dir='ltr'>ogere,</span> <span class='ocrx_word' id='word_1_198' title='bbox 816 2493 900 2557; x_wconf 75' lang='lat' dir='ltr'>nihil</span> <span class='ocrx_word' id='word_1_199' title='bbox 918 2493 956 2556; x_wconf 84' lang='grc' dir='ltr'>όν</span> <span class='ocrx_word' id='word_1_200' title='bbox 980 2493 1084 2556; x_wconf 75' lang='lat' dir='ltr'>elimo</span> <span class='ocrx_word' id='word_1_201' title='bbox 1104 2493 1285 2578; x_wconf 78' lang='lat' dir='ltr'>anquirere,</span> 
     </span>
     <span class='ocr_line' id='line_1_23' title="bbox 183 2596 1287 2684; baseline -0.003 -24"><span class='ocrx_word' id='word_1_202' title='bbox 183 2599 371 2684; x_wconf 64' lang='lat' dir='ltr'>ministroque</span> <span class='ocrx_word' id='word_1_203' title='bbox 385 2599 421 2660; x_wconf 77' lang='lat' dir='ltr'>in</span> <span class='ocrx_word' id='word_1_204' title='bbox 434 2598 620 2660; x_wconf 76' lang='lat' dir='ltr'>eliensem</span> <span class='ocrx_word' id='word_1_205' title='bbox 633 2597 793 2683; x_wconf 75' lang='lat' dir='ltr'>republica</span> <span class='ocrx_word' id='word_1_206' title='bbox 807 2598 975 2660; x_wconf 83' lang='grc' dir='ltr'>οιιτῖοςιιοι.</span> <span class='ocrx_word' id='word_1_207' title='bbox 1016 2596 1079 2658; x_wconf 84' lang='grc' dir='ltr'>Ρτο</span> <span class='ocrx_word' id='word_1_208' title='bbox 1098 2599 1287 2678; x_wconf 87' lang='grc' dir='ltr'>προσχωρεῖν</span> 
     </span>
     <span class='ocr_line' id='line_1_24' title="bbox 184 2698 1286 2784; baseline -0.002 -22"><span class='ocrx_word' id='word_1_209' title='bbox 184 2698 329 2764; x_wconf 77' lang='lat' dir='ltr'>usitatius</span> <span class='ocrx_word' id='word_1_210' title='bbox 343 2715 422 2763; x_wconf 89' lang='lat' dir='ltr'>esset</span> <span class='ocrx_word' id='word_1_211' title='bbox 437 2704 614 2782; x_wconf 84' lang='grc' dir='ltr'>συγχωρεῖν.</span> <span class='ocrx_word' id='word_1_212' title='bbox 639 2698 876 2784; x_wconf 86' lang='lat' dir='ltr'>EuripidesEl.</span> <span class='ocrx_word' id='word_1_213' title='bbox 892 2715 983 2783; x_wconf 81' lang='grc'><strong>1052.</strong></span> <span class='ocrx_word' id='word_1_214' title='bbox 998 2704 1126 2780; x_wconf 89' lang='grc' dir='ltr'>γυναῖκα</span> <span class='ocrx_word' id='word_1_215' title='bbox 1138 2701 1197 2780; x_wconf 76' lang='grc' dir='ltr'>γὰρ</span> <span class='ocrx_word' id='word_1_216' title='bbox 1210 2701 1286 2780; x_wconf 78' lang='grc' dir='ltr'>χρῆν</span> 
     </span>
     <span class='ocr_line' id='line_1_25' title="bbox 183 2801 995 2888; baseline -0.001 -23"><span class='ocrx_word' id='word_1_217' title='bbox 183 2802 283 2866; x_wconf 78' lang='grc' dir='ltr'>πάντα</span> <span class='ocrx_word' id='word_1_218' title='bbox 297 2808 465 2885; x_wconf 87' lang='grc' dir='ltr'>συγχωρεῖν</span> <span class='ocrx_word' id='word_1_219' title='bbox 478 2803 576 2874; x_wconf 86' lang='grc' dir='ltr'>πόσει,</span> <span class='ocrx_word' id='word_1_220' title='bbox 597 2801 602 2888; x_wconf 95' lang='grc' dir='ltr'>Ι</span> <span class='ocrx_word' id='word_1_221' title='bbox 620 2804 683 2881; x_wconf 82' lang='grc' dir='ltr'>ἥτις</span> <span class='ocrx_word' id='word_1_222' title='bbox 697 2801 856 2884; x_wconf 82' lang='grc' dir='ltr'>φρενήρης.</span> <span class='ocrx_word' id='word_1_223' title='bbox 879 2802 995 2865; x_wconf 88' lang='lat' dir='ltr'><strong>ELM.</strong></span> 
     </span>
    </p>

    <p class='ocr_par' dir='ltr' id='par_1_10' title="bbox 229 2903 852 2991">
     <span class='ocr_line' id='line_1_26' title="bbox 229 2903 852 2991; baseline -0.003 -23"><span class='ocrx_word' id='word_1_224' title='bbox 229 2921 300 2984; x_wconf 86' lang='lat'>224.</span> <span class='ocrx_word' id='word_1_225' title='bbox 317 2905 464 2988; x_wconf 85' lang='grc' dir='ltr'>πολίταις]</span> <span class='ocrx_word' id='word_1_226' title='bbox 483 2903 617 2991; x_wconf 86' lang='lat' dir='ltr'>Aliquot</span> <span class='ocrx_word' id='word_1_227' title='bbox 632 2904 702 2968; x_wconf 81' lang='lat' dir='ltr'>libri</span> <span class='ocrx_word' id='word_1_228' title='bbox 718 2907 852 2985; x_wconf 85' lang='grc' dir='ltr'>πολίτης.</span> 
     </span>
    </p>

    <p class='ocr_par' dir='ltr' id='par_1_11' title="bbox 182 3004 1290 4014">
     <span class='ocr_line' id='line_1_27' title="bbox 229 3004 1284 3092; baseline -0.003 -22"><span class='ocrx_word' id='word_1_229' title='bbox 229 3007 303 3070; x_wconf 89' lang='grc'><strong>228.</strong></span> <span class='ocrx_word' id='word_1_230' title='bbox 325 3008 359 3070; x_wconf 91' lang='grc' dir='ltr'>ἐν</span> <span class='ocrx_word' id='word_1_231' title='bbox 373 3004 396 3092; x_wconf 76' lang='grc' dir='ltr'><strong><em>ᾧ</em></strong></span> <span class='ocrx_word' id='word_1_232' title='bbox 410 3009 468 3088; x_wconf 83' lang='grc' dir='ltr'>γδρ</span> <span class='ocrx_word' id='word_1_233' title='bbox 482 3006 520 3086; x_wconf 77' lang='grc' dir='ltr'>ιΙν</span> <span class='ocrx_word' id='word_1_234' title='bbox 533 3032 584 3087; x_wconf 89' lang='grc' dir='ltr'>μοι</span> <span class='ocrx_word' id='word_1_235' title='bbox 598 3007 696 3072; x_wconf 80' lang='grc' dir='ltr'>πάντα</span> <span class='ocrx_word' id='word_1_236' title='bbox 710 3010 890 3091; x_wconf 80' lang='grc' dir='ltr'>γιγνώσκειν</span> <span class='ocrx_word' id='word_1_237' title='bbox 904 3008 1016 3090; x_wconf 84' lang='grc' dir='ltr'>καλῶς]</span> <span class='ocrx_word' id='word_1_238' title='bbox 1042 3005 1190 3092; x_wconf 89' lang='lat' dir='ltr'>Sophocl.</span> <span class='ocrx_word' id='word_1_239' title='bbox 1205 3004 1284 3069; x_wconf 87' lang='lat' dir='ltr'>OEd.</span> 
     </span>
     <span class='ocr_line' id='line_1_28' title="bbox 185 3109 1288 3195; baseline -0.002 -21"><span class='ocrx_word' id='word_1_240' title='bbox 185 3111 230 3174; x_wconf 88' lang='lat' dir='ltr'>T.</span> <span class='ocrx_word' id='word_1_241' title='bbox 249 3129 325 3195; x_wconf 83' lang='lat'>314.</span> <span class='ocrx_word' id='word_1_242' title='bbox 351 3111 385 3174; x_wconf 93' lang='grc' dir='ltr'>ἐν</span> <span class='ocrx_word' id='word_1_243' title='bbox 403 3110 453 3173; x_wconf 85' lang='grc' dir='ltr'>σοὶ</span> <span class='ocrx_word' id='word_1_244' title='bbox 473 3109 531 3192; x_wconf 84' lang='grc' dir='ltr'>γάρ</span> <span class='ocrx_word' id='word_1_245' title='bbox 556 3112 659 3191; x_wconf 81' lang='grc' dir='ltr'>ἐσμεν.</span> <span class='ocrx_word' id='word_1_246' title='bbox 705 3111 746 3174; x_wconf 83' lang='grc' dir='ltr'>Ιώ</span> <span class='ocrx_word' id='word_1_247' title='bbox 770 3126 827 3189; x_wconf 86' lang='lat' dir='ltr'>est,</span> <span class='ocrx_word' id='word_1_248' title='bbox 851 3127 978 3175; x_wconf 89' lang='lat' dir='ltr'>auctore</span> <span class='ocrx_word' id='word_1_249' title='bbox 1004 3109 1176 3186; x_wconf 86' lang='lat' dir='ltr'>Brunckio‚</span> <span class='ocrx_word' id='word_1_250' title='bbox 1197 3111 1234 3172; x_wconf 81' lang='lat' dir='ltr'>in</span> <span class='ocrx_word' id='word_1_251' title='bbox 1259 3118 1288 3173; x_wconf 81' lang='lat' dir='ltr'>le</span> 
     </span>
     <span class='ocr_line' id='line_1_29' title="bbox 182 3213 1285 3300; baseline 0 -23"><span class='ocrx_word' id='word_1_252' title='bbox 182 3214 286 3277; x_wconf 77' lang='lat' dir='ltr'>munis</span> <span class='ocrx_word' id='word_1_253' title='bbox 304 3214 411 3300; x_wconf 80' lang='lat' dir='ltr'>posito</span> <span class='ocrx_word' id='word_1_254' title='bbox 425 3222 470 3276; x_wconf 80' lang='lat' dir='ltr'>eat</span> <span class='ocrx_word' id='word_1_255' title='bbox 488 3235 559 3300; x_wconf 80' lang='lat' dir='ltr'>spes</span> <span class='ocrx_word' id='word_1_256' title='bbox 573 3223 693 3279; x_wconf 78' lang='lat' dir='ltr'>nostro.</span> <span class='ocrx_word' id='word_1_257' title='bbox 739 3213 828 3277; x_wconf 87' lang='lat' dir='ltr'><strong>Idem</strong></span> <span class='ocrx_word' id='word_1_258' title='bbox 842 3213 922 3277; x_wconf 87' lang='lat' dir='ltr'>(Ed.</span> <span class='ocrx_word' id='word_1_259' title='bbox 940 3215 979 3277; x_wconf 91' lang='lat' dir='ltr'>C.</span> <span class='ocrx_word' id='word_1_260' title='bbox 997 3231 1071 3294; x_wconf 85' lang='lat'>247.</span> <span class='ocrx_word' id='word_1_261' title='bbox 1087 3215 1120 3277; x_wconf 88' lang='grc' dir='ltr'>ἐν</span> <span class='ocrx_word' id='word_1_262' title='bbox 1134 3215 1203 3293; x_wconf 85' lang='grc' dir='ltr'>ὑμῖν</span> <span class='ocrx_word' id='word_1_263' title='bbox 1217 3215 1285 3294; x_wconf 73' lang='grc' dir='ltr'>γὰρ,</span> 
     </span>
     <span class='ocr_line' id='line_1_30' title="bbox 184 3313 1289 3402; baseline -0.003 -22"><span class='ocrx_word' id='word_1_264' title='bbox 184 3317 224 3384; x_wconf 79' lang='grc' dir='ltr'>ὥς</span> <span class='ocrx_word' id='word_1_265' title='bbox 246 3319 313 3402; x_wconf 72' lang='grc' dir='ltr'>θεῷ,</span> <span class='ocrx_word' id='word_1_266' title='bbox 333 3313 339 3402; x_wconf 93' lang='grc' dir='ltr'>Ι</span> <span class='ocrx_word' id='word_1_267' title='bbox 356 3317 479 3394; x_wconf 87' lang='grc' dir='ltr'>κείμεθα</span> <span class='ocrx_word' id='word_1_268' title='bbox 500 3315 658 3396; x_wconf 81' lang='grc' dir='ltr'>τλάμονες.</span> <span class='ocrx_word' id='word_1_269' title='bbox 697 3315 783 3380; x_wconf 91' lang='lat' dir='ltr'>Ibid.</span> <span class='ocrx_word' id='word_1_270' title='bbox 797 3334 873 3401; x_wconf 80' lang='lat'>392.</span> <span class='ocrx_word' id='word_1_271' title='bbox 896 3314 951 3380; x_wconf 88' lang='grc' dir='ltr'>Ἐν</span> <span class='ocrx_word' id='word_1_272' title='bbox 969 3316 1018 3379; x_wconf 83' lang='grc' dir='ltr'>σοὶ</span> <span class='ocrx_word' id='word_1_273' title='bbox 1040 3318 1078 3379; x_wconf 77' lang='grc' dir='ltr'>τὰ</span> <span class='ocrx_word' id='word_1_274' title='bbox 1091 3318 1197 3379; x_wconf 89' lang='grc' dir='ltr'>κείνων</span> <span class='ocrx_word' id='word_1_275' title='bbox 1211 3316 1289 3396; x_wconf 86' lang='grc' dir='ltr'>φασὶ</span> 
     </span>
     <span class='ocr_line' id='line_1_31' title="bbox 184 3417 1287 3503; baseline -0.003 -22"><span class='ocrx_word' id='word_1_276' title='bbox 184 3419 343 3500; x_wconf 89' lang='grc' dir='ltr'>γίγνεσθαι</span> <span class='ocrx_word' id='word_1_277' title='bbox 358 3417 456 3500; x_wconf 81' lang='grc' dir='ltr'>κράτη.</span> <span class='ocrx_word' id='word_1_278' title='bbox 480 3419 538 3503; x_wconf 86' lang='lat' dir='ltr'>Aj.</span> <span class='ocrx_word' id='word_1_279' title='bbox 553 3436 627 3502; x_wconf 85' lang='grc'><strong>519.</strong></span> <span class='ocrx_word' id='word_1_280' title='bbox 645 3422 678 3483; x_wconf 84' lang='grc' dir='ltr'>ἐν</span> <span class='ocrx_word' id='word_1_281' title='bbox 694 3421 743 3483; x_wconf 84' lang='grc' dir='ltr'>σοὶ</span> <span class='ocrx_word' id='word_1_282' title='bbox 757 3417 828 3482; x_wconf 77' lang='grc' dir='ltr'>πᾶσ’</span> <span class='ocrx_word' id='word_1_283' title='bbox 842 3419 938 3500; x_wconf 82' lang='grc' dir='ltr'>ἔγωγε</span> <span class='ocrx_word' id='word_1_284' title='bbox 951 3419 1092 3498; x_wconf 81' lang='grc' dir='ltr'>σώζομαι.</span> <span class='ocrx_word' id='word_1_285' title='bbox 1116 3417 1287 3503; x_wconf 79' lang='lat' dir='ltr'>Euripides</span> 
     </span>
     <span class='ocr_line' id='line_1_32' title="bbox 185 3518 1286 3607; baseline -0.001 -25"><span class='ocrx_word' id='word_1_286' title='bbox 185 3518 258 3584; x_wconf 87' lang='lat' dir='ltr'>Alc.</span> <span class='ocrx_word' id='word_1_287' title='bbox 273 3539 344 3603; x_wconf 87' lang='lat'><strong>279.</strong></span> <span class='ocrx_word' id='word_1_288' title='bbox 358 3523 392 3584; x_wconf 87' lang='grc' dir='ltr'>ἐν</span> <span class='ocrx_word' id='word_1_289' title='bbox 406 3522 457 3585; x_wconf 81' lang='grc' dir='ltr'>σοὶ</span> <span class='ocrx_word' id='word_1_290' title='bbox 472 3520 496 3585; x_wconf 87' lang='grc' dir='ltr'>δ’</span> <span class='ocrx_word' id='word_1_291' title='bbox 513 3523 605 3601; x_wconf 82' lang='grc' dir='ltr'>ἐσμέν</span> <span class='ocrx_word' id='word_1_292' title='bbox 621 3523 668 3585; x_wconf 81' lang='grc' dir='ltr'>καὶ</span> <span class='ocrx_word' id='word_1_293' title='bbox 681 3525 734 3600; x_wconf 56' lang='grc' dir='ltr'>ὕην</span> <span class='ocrx_word' id='word_1_294' title='bbox 746 3522 794 3585; x_wconf 84' lang='grc' dir='ltr'>καὶ</span> <span class='ocrx_word' id='word_1_295' title='bbox 807 3520 856 3601; x_wconf 80' lang='grc' dir='ltr'>μιΙ.</span> <span class='ocrx_word' id='word_1_296' title='bbox 879 3522 1109 3607; x_wconf 89' lang='lat' dir='ltr'>Aristophanes</span> <span class='ocrx_word' id='word_1_297' title='bbox 1120 3519 1203 3583; x_wconf 85' lang='lat' dir='ltr'>Ach.</span> <span class='ocrx_word' id='word_1_298' title='bbox 1213 3538 1286 3602; x_wconf 79' lang='lat'>472.</span> 
     </span>
     <span class='ocr_line' id='line_1_33' title="bbox 184 3618 1290 3709; baseline -0.001 -24"><span class='ocrx_word' id='word_1_299' title='bbox 184 3623 375 3702; x_wconf 83' lang='grc' dir='ltr'>ἐπελαθόμην</span> <span class='ocrx_word' id='word_1_300' title='bbox 393 3622 399 3709; x_wconf 95' lang='grc' dir='ltr'>Ι</span> <span class='ocrx_word' id='word_1_301' title='bbox 419 3625 453 3686; x_wconf 89' lang='grc' dir='ltr'>ἐν</span> <span class='ocrx_word' id='word_1_302' title='bbox 490 3618 570 3708; x_wconf 73' lang='grc' dir='ltr'>ᾤπέρ</span> <span class='ocrx_word' id='word_1_303' title='bbox 600 3626 666 3687; x_wconf 89' lang='grc' dir='ltr'>ἐστι</span> <span class='ocrx_word' id='word_1_304' title='bbox 694 3623 792 3688; x_wconf 81' lang='grc' dir='ltr'>πάντα</span> <span class='ocrx_word' id='word_1_305' title='bbox 827 3649 878 3703; x_wconf 91' lang='grc' dir='ltr'>μοι</span> <span class='ocrx_word' id='word_1_306' title='bbox 907 3627 944 3686; x_wconf 79' lang='grc' dir='ltr'>τὰ</span> <span class='ocrx_word' id='word_1_307' title='bbox 976 3623 1145 3705; x_wconf 82' lang='grc' dir='ltr'>πράγματα.</span> <span class='ocrx_word' id='word_1_308' title='bbox 1191 3620 1290 3684; x_wconf 90' lang='lat' dir='ltr'>Plura</span> 
     </span>
     <span class='ocr_line' id='line_1_34' title="bbox 185 3723 1289 3811; baseline 0 -24"><span class='ocrx_word' id='word_1_309' title='bbox 185 3723 410 3787; x_wconf 79' lang='lat' dir='ltr'>Valckenarius</span> <span class='ocrx_word' id='word_1_310' title='bbox 430 3724 470 3788; x_wconf 84' lang='lat' dir='ltr'>ad</span> <span class='ocrx_word' id='word_1_311' title='bbox 495 3724 606 3789; x_wconf 90' lang='lat' dir='ltr'>Phoen.</span> <span class='ocrx_word' id='word_1_312' title='bbox 625 3727 720 3810; x_wconf 84' lang='lat'><strong>1256.</strong></span> <span class='ocrx_word' id='word_1_313' title='bbox 742 3725 797 3811; x_wconf 91' lang='lat' dir='ltr'>qui</span> <span class='ocrx_word' id='word_1_314' title='bbox 820 3749 891 3789; x_wconf 89' lang='lat' dir='ltr'>curn</span> <span class='ocrx_word' id='word_1_315' title='bbox 915 3740 1021 3789; x_wconf 84' lang='lat' dir='ltr'>nostro</span> <span class='ocrx_word' id='word_1_316' title='bbox 1040 3725 1108 3790; x_wconf 90' lang='lat' dir='ltr'><strong>looo</strong></span> <span class='ocrx_word' id='word_1_317' title='bbox 1130 3740 1289 3811; x_wconf 86' lang='lat' dir='ltr'>comparat</span> 
     </span>
     <span class='ocr_line' id='line_1_35' title="bbox 185 3824 1286 3914; baseline -0.003 -23"><span class='ocrx_word' id='word_1_318' title='bbox 185 3824 423 3906; x_wconf 86' lang='lat' dir='ltr'>Terentianum,</span> <span class='ocrx_word' id='word_1_319' title='bbox 438 3830 473 3890; x_wconf 83' lang='grc' dir='ltr'>ι’τν</span> <span class='ocrx_word' id='word_1_320' title='bbox 487 3850 548 3914; x_wconf 84' lang='lat' dir='ltr'>qao</span> <span class='ocrx_word' id='word_1_321' title='bbox 562 3837 680 3893; x_wconf 81' lang='lat' dir='ltr'>nostrae</span> <span class='ocrx_word' id='word_1_322' title='bbox 693 3849 763 3914; x_wconf 83' lang='lat' dir='ltr'>spes</span> <span class='ocrx_word' id='word_1_323' title='bbox 777 3849 908 3914; x_wconf 80' lang='lat' dir='ltr'>opesque</span> <span class='ocrx_word' id='word_1_324' title='bbox 922 3850 1027 3892; x_wconf 83' lang='lat' dir='ltr'>omnes</span> <span class='ocrx_word' id='word_1_325' title='bbox 1048 3830 1130 3905; x_wconf 81' lang='lat' dir='ltr'>sitoe,</span> <span class='ocrx_word' id='word_1_326' title='bbox 1146 3826 1286 3914; x_wconf 80' lang='lat' dir='ltr'>Adelph.</span> 
     </span>
     <span class='ocr_line' id='line_1_36' title="bbox 183 3930 518 4014; baseline -0.006 -21"><span class='ocrx_word' id='word_1_327' title='bbox 183 3949 214 4014; x_wconf 83' lang='lat'>3.</span> <span class='ocrx_word' id='word_1_328' title='bbox 232 3948 260 3993; x_wconf 88' lang='lat'>2.</span> <span class='ocrx_word' id='word_1_329' title='bbox 277 3953 306 3993; x_wconf 90' lang='lat' dir='ltr'>v.</span> <span class='ocrx_word' id='word_1_330' title='bbox 324 3948 376 4013; x_wconf 81' lang='lat'>32.</span> <span class='ocrx_word' id='word_1_331' title='bbox 400 3930 518 3993; x_wconf 85' lang='lat' dir='ltr'><strong>ELM.</strong></span> 
     </span>
    </p>

    <p class='ocr_par' dir='ltr' id='par_1_12' title="bbox 182 4030 1289 4529">
     <span class='ocr_line' id='line_1_37' title="bbox 226 4030 1289 4119; baseline -0.003 -23"><span class='ocrx_word' id='word_1_332' title='bbox 226 4033 407 4115; x_wconf 74' lang='grc' dir='ltr'>γιγνώσκειν</span> <span class='ocrx_word' id='word_1_333' title='bbox 428 4033 539 4116; x_wconf 80' lang='grc' dir='ltr'>καλῶς]</span> <span class='ocrx_word' id='word_1_334' title='bbox 563 4031 746 4110; x_wconf 85' lang='lat' dir='ltr'>Scholiasta,</span> <span class='ocrx_word' id='word_1_335' title='bbox 762 4038 921 4097; x_wconf 84' lang='grc' dir='ltr'>κατθανεῖν</span> <span class='ocrx_word' id='word_1_336' title='bbox 934 4031 1048 4119; x_wconf 78' lang='grc' dir='ltr'>χρῄζωι</span> <span class='ocrx_word' id='word_1_337' title='bbox 1073 4036 1159 4095; x_wconf 84' lang='grc' dir='ltr'>τοῦτο</span> <span class='ocrx_word' id='word_1_338' title='bbox 1176 4033 1209 4094; x_wconf 85' lang='grc' dir='ltr'>ἐν</span> <span class='ocrx_word' id='word_1_339' title='bbox 1223 4030 1289 4109; x_wconf 83' lang='grc' dir='ltr'>ἤθει</span> 
     </span>
     <span class='ocr_line' id='line_1_38' title="bbox 182 4133 1287 4220; baseline -0.003 -21"><span class='ocrx_word' id='word_1_340' title='bbox 182 4135 424 4216; x_wconf 76' lang='grc' dir='ltr'>ἀναπεφώνηται.</span> <span class='ocrx_word' id='word_1_341' title='bbox 449 4133 585 4201; x_wconf 79' lang='grc' dir='ltr'>κάκιστος</span> <span class='ocrx_word' id='word_1_342' title='bbox 599 4136 731 4215; x_wconf 77' lang='grc' dir='ltr'>ἀνδρῶνι</span> <span class='ocrx_word' id='word_1_343' title='bbox 758 4137 792 4199; x_wconf 93' lang='grc' dir='ltr'>ἐν</span> <span class='ocrx_word' id='word_1_344' title='bbox 806 4133 829 4220; x_wconf 64' lang='grc' dir='ltr'><strong><em>ᾧ</em></strong></span> <span class='ocrx_word' id='word_1_345' title='bbox 843 4135 881 4215; x_wconf 77' lang='grc' dir='ltr'>ιΙν</span> <span class='ocrx_word' id='word_1_346' title='bbox 894 4161 944 4216; x_wconf 89' lang='grc' dir='ltr'>μοι</span> <span class='ocrx_word' id='word_1_347' title='bbox 959 4135 1066 4207; x_wconf 90' lang='grc' dir='ltr'>πόνπα,</span> <span class='ocrx_word' id='word_1_348' title='bbox 1085 4134 1221 4200; x_wconf 87' lang='grc' dir='ltr'>κόκιστος</span> <span class='ocrx_word' id='word_1_349' title='bbox 1236 4135 1287 4197; x_wconf 80' lang='grc' dir='ltr'>θν-</span> 
     </span>
     <span class='ocr_line' id='line_1_39' title="bbox 183 4234 1287 4322; baseline -0.003 -20"><span class='ocrx_word' id='word_1_350' title='bbox 183 4242 261 4321; x_wconf 77' lang='grc' dir='ltr'>δρόν</span> <span class='ocrx_word' id='word_1_351' title='bbox 276 4237 454 4317; x_wconf 81' lang='grc' dir='ltr'>ἐκβέβηκεν.</span> <span class='ocrx_word' id='word_1_352' title='bbox 485 4239 515 4301; x_wconf 78' lang='lat' dir='ltr'>ol</span> <span class='ocrx_word' id='word_1_353' title='bbox 536 4234 560 4300; x_wconf 88' lang='grc' dir='ltr'>δ’</span> <span class='ocrx_word' id='word_1_354' title='bbox 578 4238 731 4319; x_wconf 77' lang='grc' dir='ltr'>ὑποκριταί</span> <span class='ocrx_word' id='word_1_355' title='bbox 752 4239 787 4301; x_wconf 82' lang='grc' dir='ltr'>οὐ</span> <span class='ocrx_word' id='word_1_356' title='bbox 809 4239 1097 4319; x_wconf 87' lang='grc' dir='ltr'>συμπεριφερόμενοι</span> <span class='ocrx_word' id='word_1_357' title='bbox 1117 4240 1157 4322; x_wconf 76' lang='grc' dir='ltr'>τῷ</span> <span class='ocrx_word' id='word_1_358' title='bbox 1179 4239 1287 4320; x_wconf 84' lang='grc' dir='ltr'>τρόπῳ,</span> 
     </span>
     <span class='ocr_line' id='line_1_40' title="bbox 183 4338 1287 4424; baseline -0.003 -20"><span class='ocrx_word' id='word_1_359' title='bbox 183 4340 309 4424; x_wconf 85' lang='grc' dir='ltr'>λέγσνσι</span> <span class='ocrx_word' id='word_1_360' title='bbox 322 4342 481 4422; x_wconf 88' lang='grc' dir='ltr'>γινώσκειν</span> <span class='ocrx_word' id='word_1_361' title='bbox 496 4346 601 4407; x_wconf 81' lang='grc' dir='ltr'>καλῶς.</span> <span class='ocrx_word' id='word_1_362' title='bbox 648 4338 762 4403; x_wconf 88' lang='lat' dir='ltr'>Similis</span> <span class='ocrx_word' id='word_1_363' title='bbox 780 4340 821 4403; x_wconf 91' lang='lat' dir='ltr'>de</span> <span class='ocrx_word' id='word_1_364' title='bbox 843 4339 1045 4404; x_wconf 88' lang='lat' dir='ltr'>histrionibus</span> <span class='ocrx_word' id='word_1_365' title='bbox 1066 4338 1226 4403; x_wconf 86' lang='lat' dir='ltr'>annotatio</span> <span class='ocrx_word' id='word_1_366' title='bbox 1240 4353 1287 4401; x_wconf 89' lang='lat' dir='ltr'>est</span> 
     </span>
     <span class='ocr_line' id='line_1_41' title="bbox 184 4440 1287 4529; baseline -0.004 -21"><span class='ocrx_word' id='word_1_367' title='bbox 184 4442 225 4508; x_wconf 87' lang='lat' dir='ltr'>ad</span> <span class='ocrx_word' id='word_1_368' title='bbox 240 4466 269 4507; x_wconf 90' lang='lat' dir='ltr'>v.</span> <span class='ocrx_word' id='word_1_369' title='bbox 288 4445 339 4529; x_wconf 84' lang='lat'>85.</span> <span class='ocrx_word' id='word_1_370' title='bbox 368 4446 486 4508; x_wconf 89' lang='lat' dir='ltr'>Nostro</span> <span class='ocrx_word' id='word_1_371' title='bbox 501 4457 605 4507; x_wconf 90' lang='lat' dir='ltr'>autem</span> <span class='ocrx_word' id='word_1_372' title='bbox 621 4441 690 4504; x_wconf 86' lang='lat' dir='ltr'>loeo</span> <span class='ocrx_word' id='word_1_373' title='bbox 704 4441 729 4505; x_wconf 92' lang='lat' dir='ltr'>si</span> <span class='ocrx_word' id='word_1_374' title='bbox 745 4442 904 4524; x_wconf 89' lang='grc' dir='ltr'>γινώσκειν</span> <span class='ocrx_word' id='word_1_375' title='bbox 919 4448 1015 4508; x_wconf 78' lang='grc' dir='ltr'>καλῶς</span> <span class='ocrx_word' id='word_1_376' title='bbox 1027 4441 1069 4507; x_wconf 84' lang='lat' dir='ltr'>ab</span> <span class='ocrx_word' id='word_1_377' title='bbox 1084 4440 1287 4506; x_wconf 90' lang='lat' dir='ltr'>histrionibus</span> 
     </span>
    </p>
   </div>
   <div class='ocr_carea' id='block_1_8' title="bbox 525 4602 640 4630">
    <p class='ocr_par' dir='ltr' id='par_1_13' title="bbox 525 4602 640 4630">
     <span class='ocr_line' id='line_1_42' title="bbox 525 4602 640 4630; baseline 0 0"><span class='ocrx_word' id='word_1_378' title='bbox 525 4602 640 4630; x_wconf 59' lang='grc' dir='ltr'><strong>Α</strong></span> 
     </span>
    </p>
   </div>
   <div class='ocr_carea' id='block_1_9' title="bbox 0 0 1436 4914">
    <p class='ocr_par' dir='ltr' id='par_1_14' title="bbox 0 0 1436 4914">
     <span class='ocr_line' id='line_1_43' title="bbox 0 0 1436 4914; baseline 0 0"><span class='ocrx_word' id='word_1_379' title='bbox 0 0 1436 4914; x_wconf 95' lang='lat' dir='ltr'> </span> 
     </span>
    </p>
   </div>
  </div>
 </body>
</html>
