2864 4914
510 290 577 353 AD
601 289 839 355 ORESTEM.
1181 288 1224 354 99

120 462 199 540 ὃμὲν
213 458 350 526 Ἀθάναν
371 461 500 526 ἱκετεύω.
545 461 655 526 AEsch.
675 461 787 549 Suppl.
803 478 875 541 242.
890 458 968 524 τόνδ’
984 459 1138 537 ἆνέλληνα
1153 460 1222 521 ord-

121 571 191 628 λον.
215 563 317 629 POR.

165 667 421 732 mmmR

164 771 239 855 635.
254 770 326 853 ὅπη]
343 769 550 835 scribendum
567 771 635 836 ὅποι
649 793 689 836 ex
704 770 869 837 duodecim
884 770 1052 837 codicibus.

165 874 242 958 636.
255 871 297 953 μή
311 876 377 958 ννν]
395 873 436 953 μὴ
451 877 504 938 νῦν
517 873 599 938 libri.

165 976 242 1056 646.
258 976 362 1059 ἆδικό]
381 975 422 1041 Id
437 989 485 1040 est
500 979 527 1040 εἰ
542 978 641 1041 ἀδικό.

167 1078 242 1159 648.
258 1080 302 1164 ἐς]
321 1079 421 1143 Recte
435 1081 479 1146 cle
492 1079 570 1144 Ald.
591 1079 640 1145 ὑπ’
655 1079 721 1143 duo
734 1079 826 1145 codd.

163 1183 239 1267 654.
254 1180 423 1262 ἀπολάβοις
437 1183 501 1247 duo
514 1180 645 1246 codices.
668 1182 827 1262 ἆπολάβῃε
842 1181 919 1249 Ald.

168 1286 243 1370 656.
258 1283 372 1367 ἡμέραν
385 1283 517 1350 codices.
541 1285 655 1367 ἁμέραν
669 1283 747 1348 Ald.

168 1390 244 1453 660.
259 1391 297 1452 rb
312 1391 377 1473 νῦν]
398 1389 498 1453 Recte
512 1394 604 1453 τανῦν
618 1388 694 1454 Ald.

169 1494 244 1556 661.
260 1491 407 1573 φέρεσθαι
415 1492 442 1575 3]
468 1490 689 1579 Interrogandi
708 1491 831 1578 signum
844 1491 949 1578 posuit
963 1490 1137 1579 typotheta.
1164 1493 1228 1555 De-

122 1594 219 1661 bebut
234 1615 366 1658 commu

169 1699 244 1780 667.
266 1701 315 1760 δεῖ
327 1694 425 1759 codex
441 1695 669 1760 recentissimus
688 1697 794 1761 Musei
818 1695 988 1761 Britannici
1003 1718 1074 1760 cum
1094 1695 1226 1760 Aristot.

125 1799 204 1866 Eth.
222 1798 292 1864 Nic.
308 1819 341 1884 9,
357 1819 388 1883 9.
403 1813 436 1863 et
450 1798 538 1863 Plut.
554 1800 639 1864 Mor.
655 1822 690 1887 p.
703 1799 757 1863 68.
790 1799 895 1864 Ceteri
913 1798 1004 1864 codd.
1021 1813 1053 1864 et
1067 1798 1147 1863 Ald.
1169 1799 1227 1882 χρὴ

122 1925 199 1969 cum
215 1902 344 1966 Thomu
359 1901 407 1965 M.
422 1925 447 1966 s.
462 1900 498 1965 h.
512 1924 542 1966 v.

167 2007 241 2088 672.
259 2006 303 2091 ts]
320 2006 419 2069 Recte
433 2006 477 2071 ele
491 2002 569 2068 Ald.

170 2105 695 2191 6nfflmfflmmffl.

171 2209 247 2275 680.
262 2208 336 2273 681.
360 2207 467 2273 Choro
482 2207 628 2272 tribuunt
642 2208 763 2273 codices
777 2223 857 2273 trec:
881 2207 974 2273 ceteri
989 2223 1021 2272 et
1035 2207 1114 2272 Ald.
1138 2207 1228 2272 Elec-

125 2327 198 2391 trae,
212 2334 287 2399 quae
301 2333 340 2376 ex
357 2333 448 2376 scena
461 2310 539 2375 abiit
552 2323 623 2397 poet
638 2334 667 2374 v.
680 2327 754 2397 315.

172 2413 247 2499 685.
268 2413 497 2498 ξυνεκκομίζειν]
523 2416 741 2494 οννεκκομίζειν
761 2413 839 2478 Ald.
861 2428 893 2478 et
915 2413 1079 2497 συμμάχων
1100 2436 1131 2477 ν.
1154 2414 1228 2478 688.

126 2519 188 2586 obv
202 2520 277 2604 690.
299 2518 456 2599 σύλλογον
471 2533 544 2602 730.
567 2519 745 2600 σνγγενείακ
760 2536 832 2604 733.
856 2517 1132 2600 συγκατασκάπτοις
1147 2532 1220 2601 735.

172 2620 248 2702 687.
270 2621 359 2709 πρὸς]
383 2623 464 2703 παρὰ
485 2621 655 2694 Ροτεοααα,
670 2621 849 2707 conjectura
870 2618 1035 2707 probabili,
1059 2619 1112 2683 sed
1131 2640 1227 2705 quam

128 2721 330 2788 necessariam
345 2744 411 2786 esse
425 2720 629 2787 demonstrari
645 2722 765 2808 nequit.

172 2826 248 2891 688.
278 2825 367 2891 κενὸν
390 2827 473 2909 δόρυ]
505 2825 621 2889 Sensus
648 2837 706 2902 est,
733 2825 847 2889 adeum
874 2824 944 2888 dum
970 2827 1039 2889 uine
1067 2824 1228 2889 militium.

127 2928 320 2994 MATTH.

171 3034 246 3116 694
269 3030 342 3117 γαρ]
368 3027 457 3093 Libri
470 3030 528 3108 μὲν
543 3032 611 3111 γὰρ,
628 3027 687 3092 nisi
701 3028 786 3115 quod
803 3033 862 3112 γὰρ
876 3030 1026 3094 omittunt
1042 3030 1079 3092 B.
1096 3044 1129 3093 et
1144 3029 1228 3094 Flor.

127 3156 223 3199 nuuc.
256 3135 313 3214 μὲν
333 3132 439 3220 potius
459 3130 629 3197 delendum
651 3155 716 3197 esce
731 3132 810 3196 vidit
832 3132 1008 3198 Barnesius.
1049 3131 1229 3196 Articulum

128 3241 168 3302 τὰ
181 3235 325 3302 omittere
340 3232 450 3300 maluit
465 3233 654 3299 Brunckius.

171 3341 247 3426 695.
264 3341 363 3403 Hunc
377 3360 500 3402 versum
517 3337 634 3403 omittit
649 3339 689 3401 B.

172 3444 248 3529 696.
270 3442 344 3506 ὅταν
365 3444 423 3524 γαρ
444 3442 507 3525 ἡβᾷ
530 3444 620 3520 δῆμος
643 3442 684 3507 εἰς
702 3439 796 3522 ὀργῆν
817 3440 934 3527 πεσὼν]
954 3440 994 3502 ὅτ’
1016 3439 1054 3505 ἂν
1078 3444 1136 3523 γὰρ
1156 3443 1230 3524 ὀργῇ

125 3549 220 3627 δῆμος
234 3546 278 3612 εἷς
292 3542 386 3626 coptu
400 3542 479 3630 πέσῃ
495 3541 641 3607 Stobaeus
654 3544 709 3622 46,
724 3556 757 3626 5.

173 3650 249 3731 697.
278 3647 382 3728 ὅμοιον
405 3646 450 3710 Η.
475 3660 507 3711 et
529 3644 673 3709 undecim
699 3644 752 3708 ulii
774 3644 895 3709 codices
916 3668 988 3709 cum
1013 3645 1177 3711 scholiasta
1199 3661 1230 3713 ct

129 3749 269 3816 Stobaeo.
292 3751 393 3829 ὅμοιος
408 3747 486 3813 Ald.

172 3852 264 3936 ὥστε]
283 3852 384 3934 ὥσπερ
401 3852 555 3916 Stobaeus.

172 3956 249 4042 698.
271 3955 360 4023 αὐτὸς
380 3954 502 4021 codices
522 3953 674 4043 plerique.
706 3953 783 4040 αὐτῷ
804 3954 842 4017 Β.
858 3965 891 4018 et
905 3953 971 4018 duo
984 3953 1036 4018 ulii
1058 3976 1130 4018 cum
1148 3954 1229 4018 Ald.

127 4059 221 4126 αὐτὸν
243 4058 398 4124 Stoboeus.
422 4058 543 4126 “abde
563 4072 611 4121 est
631 4078 693 4121 οιια
713 4065 833 4144 sponte,
859 4078 923 4120 non
946 4071 1129 4144 exspectans
1153 4056 1229 4122 dum

129 4174 225 4226 vento
238 4161 472 4249 ingravescente
485 4160 586 4224 facere
600 4156 678 4222 illud
693 4158 851 4245 cogatur.”
874 4159 1066 4224 MATTH.

172 4265 249 4350 699.
264 4265 391 4350 ὑπείκοι]
412 4265 512 4329 ἕποιτο
528 4262 684 4328 Stobaeus.

174 4383 249 4451 700.
265 4366 430 4433 ἔκπνεύσει’
447 4366 534 4431 Flor.
551 4365 616 4429 duo
629 4377 662 4428 et
677 4364 834 4429 Stoboeus.
857 4365 1050 4429 ἐκπνεύσειεν
1064 4363 1145 4429 Ald.

173 4472 249 4553 706.
274 4470 322 4534 rol
336 4475 409 4538 ναῢς
423 4473 481 4553 γὰρ
496 4471 656 4534 ἐνταθεῖσα
670 4467 743 4550 πρὸς
755 4471 830 4549 βίαν
844 4468 912 4532 ποδὶ
928 4467 1062 4552 ἔβαψεν]
1089 4468 1145 4533 Ad
1161 4490 1229 4533 sen·
1258 4544 1261 4547 Δ

654 4591 679 4634 Η
697 4589 715 4637 2
