2864 4914
296 289 365 352 AD
388 289 693 356 IPHIGENIAM
718 293 1050 359 AULIDENSEM.
1158 297 1223 363 lor

125 457 154 522 α’
178 457 221 541 (σ’
244 479 307 524 om.
333 461 405 526 Par.
428 463 516 526 A.B.
539 475 581 540 et,
605 479 641 527 ut
663 463 813 551 suspioor,
832 463 918 529 Flor.
942 485 971 528 1.
993 468 1036 550 2.)
1061 466 1133 549 δγά.
1153 467 1223 532 otae

123 560 259 624 restituit
282 563 493 642 Hermannus,
509 571 659 629 κατατενῶ
681 565 859 632 Boeclhius
880 565 912 630 iu
933 565 1036 632 indice
1053 566 1221 633 lectionum

126 662 262 728 Berolin.
284 686 313 728 a.
333 667 424 752 1823.
446 666 558 733 collato
579 667 696 755 praete'r
715 667 777 732 alis
799 669 881 734 Heo.
896 691 927 735 v.
946 687 1017 754 132.
1040 672 1168 735 σπονδαὶ
1189 672 1222 735 δὲ

127 766 226 847 λόγων
241 767 493 848 καταπεινομίνων
506 770 586 850 ἦσαν
599 772 664 835 ίσαι
677 796 749 838 πως.

169 887 242 952 339.
278 868 346 948 ἧσθ’
376 871 509 960 ἁπάσης]
548 871 639 937 Libri
674 871 709 951 ἧς
740 870 867 952 ἁπάσης.
912 871 1118 937 Scribeudum
1147 893 1220 937 cum

127 968 317 1035 Marklando
329 971 409 1051 ἦσθα
422 973 527 1054 πάσης.

167 1086 241 1156 345.
258 1071 393 1159 κλῄθρων
406 1073 536 1139 codices.
560 1077 706 1159 κλείθρων
719 1074 797 1140 Ald.

166 1193 241 1258 349.
257 1199 294 1239 σε
310 1177 382 1239 Par.
398 1177 436 1240 C.
452 1177 537 1241 Flor.
555 1197 581 1242 1.
594 1196 625 1241 2.
648 1203 699 1242 σοι
712 1176 793 1242 Ald.
817 1177 994 1241 Pronomen
1009 1198 1073 1240 om.
1090 1176 1162 1241 Por.
1174 1178 1217 1240 A.

167 1278 254 1357 εὗρον
271 1276 417 1359 (debebat
430 1279 532 1362 ηὗρον)
549 1278 709 1345 Reiskius.
734 1278 824 1344 Libri
839 1281 924 1361 εὕρω.

166 1396 239 1464 350.
254 1376 362 1464 ἦλθες]
377 1379 471 1460 ἦλθεν
486 1381 572 1446 Flor.
591 1401 620 1446 1.
637 1400 666 1445 ω.

165 1482 223 1566 χώ]
243 1481 516 1549 raliFlor.1.2.

163 1600 240 1668 354.
257 1581 281 1647 δ’
296 1606 358 1647 om.
375 1583 503 1650 Flor.1.

164 1687 245 1764 ὄμμα
258 1684 388 1750 codices.
410 1689 506 1767 ὄνομα
519 1686 598 1752 Ald.

161 1805 236 1872 355.
260 1787 397 1869 Πριάμου
414 1790 464 1873 τε]
487 1789 522 1853 rb
545 1789 682 1871 Πριάμου
704 1786 871 1853 Elmsleius
892 1786 924 1852 in
939 1785 1137 1875 Edirtbrsrgb
1151 1786 1218 1850 Re·

121 1890 198 1952 νὶιισ
215 1888 273 1952 vol.
295 1910 343 1973 19.
364 1911 395 1977 p.
414 1909 466 1973 71.
483 1898 506 1931 ‘⁴
518 1893 739 1971 meministine,
753 1912 848 1978 quom
870 1889 1122 1976 irfiliaefirerin
1136 1885 1221 1974 qood

120 1992 290 2055 exereitum
303 1993 340 2054 in
359 1994 491 2079 Trm'am
506 1995 653 2077 trcy'icere
665 2015 730 2057 non
741 2014 859 2080 posses,
874 1995 1019 2079 quamvis
1030 1990 1113 2055 mille
1126 1991 1220 2054 navi·

121 2092 178 2155 bus
192 2094 353 2179 imperans
363 2094 397 2156 δ”
418 2108 455 2157 ιιι
469 2093 692 2181 interpretatur
707 2093 862 2159 Matthiae.
887 2096 967 2173 Quae
982 2092 1099 2158 Latina
1112 2090 1220 2180 paullo

122 2193 249 2259 meliora
273 2209 347 2259 sunt
370 2195 501 2274 Graecis,
522 2218 596 2282 quae
621 2196 723 2261 multo
747 2196 861 2260 rectius
886 2194 1089 2282 procederent
1109 2192 1220 2258 deletis

122 2296 248 2361 duobus
263 2297 403 2362 versibus
416 2297 591 2377 inutilibus,
607 2320 673 2362 uno
687 2312 792 2362 sutem
807 2295 1011 2383 transposito:

208 2449 247 2516 ὥς
263 2447 286 2512 δ’
305 2451 335 2517 ἐς
349 2451 444 2513 Αὖλιν
458 2449 550 2529 ἦλθες
564 2449 646 2517 αὖθις
659 2448 705 2532 χῶ
720 2445 929 2526 Πανελλήνων
943 2445 1079 2528 σπρατδς,

207 2552 306 2633 αιἰρίαι
319 2555 436 2633 πομπῆς
451 2554 610 2628 σπανίζων,
626 2549 773 2616 Δαναΐδαι
788 2548 812 2614 δ’
829 2547 951 2631 ἀφιέναι

207 2659 278 2720 ναῦς
292 2652 481 2736 διήγγελλον,
496 2653 591 2734 μάτην
606 2655 638 2717 δὲ
652 2653 693 2733 μή
706 2657 811 2717 πονεῖν
825 2653 859 2714 ἐν
873 2650 989 2726 Αὐλίδι,

207 2756 293 2820 οὐδὲν
307 2755 385 2836 ήσή,
401 2753 470 2819 ἀλλ’
487 2753 676 2836 ἐξεπλήσσου
690 2757 726 2842 τῇ
740 2754 815 2839 τύχῃ
829 2754 864 2839 τῇ
877 2755 937 2816 τῶν
951 2755 1037 2825 θεῶν,

208 2859 280 2937 κάμέ
294 2857 525 2939 παρεκάλεις-.

164 3011 239 3094 356.
256 3011 348 3074 πάθεν
364 3011 404 3073 L.
420 3009 616 3073 Dindorlius.
641 3006 747 3094 Vulgo
760 3005 837 3072 ποθί
856 3053 864 3070 .

163 3126 237 3196 357.
253 3110 343 3176 κακδν
357 3133 443 3175 error
457 3110 630 3197 typothetae
645 3131 703 3197 pro
719 3111 822 3174 καλόν.

163 3212 239 3298 358.
256 3211 344 3297 lpois]
362 3211 563 3277 Scribebatur
577 3214 673 3293 ίεροῖς.

163 3316 237 3400 363·
253 3316 390 3397 λέληψαι
403 3313 534 3379 codices.
557 3313 688 3393 κέλησι.
701 3309 780 3376 Ald.

163 3418 238 3501 364.
255 3418 294 3484 ὣς
308 3416 417 3499 φονεὺς
431 3415 529 3481 οὐκίτι
543 3415 688 3498 θυγατρὸς
702 3418 757 3495 σῆς
772 3413 836 3478 ἔσει
849 3412 983 3494 μάλιστά
996 3417 1048 3503 γε]
1065 3416 1181 3481 Versus
1200 3440 1220 3481 α

120 3518 323 3604 grammatico
337 3517 443 3604 aliquo
464 3517 504 3582 od
527 3516 711 3606 explicanda
731 3516 827 3580 verbs
848 3515 1056 3603 proeoedentia
1069 3519 1220 3605 oomposi-

121 3633 173 3684 tus
194 3635 226 3685 et
247 3620 320 3686 sotis
342 3623 453 3686 misere
472 3620 616 3709 quidem:
641 3641 712 3684 nam
735 3617 898 3706 purtioulae
919 3618 963 3683 ἔτι
982 3633 1013 3683 et
1029 3618 1162 3700 μάλιστά
1183 3645 1220 3702 γε

121 3722 243 3787 nullum
271 3722 366 3788 alium
393 3745 483 3788 usum
509 3721 626 3786 habeut
650 3743 744 3808 quam
769 3735 806 3785 ut
831 3742 1007 3786 mensuram
1033 3744 1142 3787 versus
1166 3745 1220 3788 ex-

121 3824 239 3911 pleant.

163 3931 240 4015 365.
254 3931 357 4018 atros]
374 3929 464 3994 Libri
480 3930 577 3997 αὐτάς.

163 4028 243 4116 τάδ’]
274 4032 490 4095 Mactaturum
521 4044 552 4095 te
584 4028 781 4117 Iphigeniam
811 4050 894 4092 esse:
917 4027 1004 4113 quod
1033 4028 1159 4114 publice
1187 4042 1219 4093 et

118 4155 222 4198 ooram
237 4133 375 4197 exercitu
391 4133 547 4220 pollicitus
560 4145 627 4198 erat
643 4134 874 4217 Agamemnon.

161 4237 236 4320 367.
253 4237 371 4303 ἑκόντες
386 4237 551 4300 Canterus.
589 4233 680 4298 Libri
697 4232 826 4315 ἔχοντες.

161 4339 235 4423 368.
253 4339 386 4402 Comma
400 4353 470 4424 post
486 4339 605 4406 ἐνδίκως
622 4349 705 4401 recte
720 4332 842 4398 eddidit
856 4333 902 4397 H.
919 4333 1108 4420 Stephanus.
1143 4336 1220 4400 ἐνδί-

119 4466 175 4508 κως
189 4439 324 4506 refertur
338 4441 378 4504 ad
395 4445 497 4514 κακῶς,
512 4438 597 4528 quod
612 4434 792 4526 ignominiae
806 4432 1060 4522 significationem
1075 4435 1179 4502 habet.
