2864 4914
534 607 932 694 HECUBA.

601 839 866 874 -Φ-

184 990 259 1075 DE
284 1028 424 1102 tempore
445 1015 542 1103 hujus
563 1017 679 1081 fabulae
701 1031 822 1082 tantum
838 1032 969 1096 constat,
983 1019 1117 1106 priorem
1132 1044 1198 1086 esse
1214 1023 1282 1086 Nu-

182 1116 275 1181 bibus
294 1119 516 1207 Aristophanis
538 1121 571 1205 (i.
589 1145 615 1185 e.
638 1120 757 1208 olymp.
774 1123 905 1206 89,1.):
930 1145 1001 1185 narn
1021 1145 1113 1187 versu
1138 1125 1281 1189 Hecubae

185 1241 254 1306 174.
280 1223 310 1286 in
337 1223 445 1288 fabula
470 1224 523 1289 illa
549 1248 624 1288 usus
648 1239 694 1288 est
719 1224 856 1289 comicus
875 1247 906 1288 r.
926 1227 1017 1312 1165.
1065 1227 1281 1292 Recentiorem

181 1324 290 1389 Rheso
300 1325 461 1391 Alcestide
473 1326 589 1391 Medea
602 1340 634 1390 et
646 1325 824 1413 Hippolyto
838 1349 904 1391 esse
917 1350 957 1391 ex
972 1342 1143 1392 metrorum
1158 1328 1281 1394 delectu

178 1450 446 1516 numerorumque
474 1428 697 1516 compositione
724 1429 828 1516 colligi
860 1444 973 1517 potest.
1020 1430 1155 1495 Videtur
1184 1431 1281 1518 igitur

177 1530 357 1619 olympiade
381 1532 570 1619 octogesima
590 1545 701 1597 octava
725 1532 838 1619 scriptu
861 1556 938 1611 esse,
961 1533 1047 1597 brevi
1072 1548 1145 1600 ante
1169 1534 1282 1601 Nubes

179 1633 279 1698 editas
303 1651 453 1722 tempore.
498 1635 554 1700 Ad
578 1634 694 1700 Delum
718 1635 864 1714 insulam,
887 1659 982 1723 quam
1005 1636 1078 1702 inde
1099 1639 1140 1702 ab
1161 1638 1279 1726 olymp.

180 1739 234 1816 88,
241 1759 272 1823 3.
288 1738 345 1802 sibi
358 1738 581 1803 vindicaverint
590 1738 810 1817 Athenienses,
822 1739 933 1827 respici
947 1764 975 1803 v.
988 1744 1061 1826 463.
1077 1741 1280 1828 probabiliter

176 1842 309 1928 conjecit
326 1842 481 1908 Matthiae.

224 2170 252 2212 1.
277 2149 400 2212 Locum
420 2148 504 2213 hunc
518 2147 646 2213 liberius
662 2147 754 2211 vertit
768 2162 859 2232 poeta
876 2145 1031 2230 [Ennius]
1048 2146 1132 2232 apud
1149 2147 1275 2212 Cicero-

175 2272 242 2313 rem
259 2252 461 2328 Tusc.1‚16.
493 2252 615 2316 Adutm
628 2260 721 2338 utque
735 2251 870 2314 adversio
883 2249 1055 2313 Acheronte
1069 2251 1126 2312 uia
1141 2252 1195 2313 viu
1210 2252 1278 2314 ulta

174 2362 271 2438 atque
291 2354 405 2428 ardua.
451 2355 541 2418 Inter
563 2352 629 2417 loca
650 2353 852 2438 tragicorum,
869 2375 941 2438 quae
957 2350 1122 2416 AEsehines
1137 2376 1277 2440 pronun-

174 2454 287 2519 ciando
308 2457 495 2543 corruperit,
517 2456 602 2520 hunc
623 2471 760 2519 recenset
783 2452 1010 2517 Demosthenes
1031 2452 1071 2516 de
1094 2455 1220 2519 Corona
1241 2480 1275 2543 p.

173 2576 249 2643 315.
273 2558 382 2623 Reisk.
427 2562 549 2645 Aperte
570 2558 651 2623 ridet
666 2555 894 2644 Aristophanes
915 2555 1001 2643 apud
1016 2556 1209 2621 Athenaeum
1225 2579 1275 2624 12.

172 2684 202 2748 p.
218 2675 294 2746 551.
312 2661 349 2723 B.
366 2663 426 2725 Kal
439 2663 484 2729 τίς
498 2668 609 2743 νεκρῶν
624 2666 776 2740 κευθμῶνα
791 2661 839 2724 καὶ
858 2661 967 2723 σκότου
986 2661 1082 2727 πύλας
1092 2658 1189 2740 ’Έτλη
1206 2689 1274 2727 κατ-

173 2769 297 2836 ελθεῖν;
327 2763 438 2827 tectius
457 2786 532 2828 vero
552 2763 668 2828 ibidem
683 2783 715 2849 3.
732 2787 764 2850 p.
778 2782 848 2829 112·
866 2765 903 2826 F.
925 2761 1013 2827 Ἥκω
1029 2766 1200 2845 Θεαρίωνος
1222 2767 1275 2848 ἆρ-

172 2866 324 2930 τοπῶλιον
338 2869 451 2941 Λιπὼν,
467 2866 504 2932 ἵν’
521 2869 586 2931 ἐστὶ
600 2866 750 2948 κριβάνων
765 2868 881 2930 ἑδώλια
928 2868 1050 2930 Totum
1067 2865 1221 2930 distichon
1242 2867 1273 2930 in

172 2991 249 3032 usus
264 2991 337 3033 suos
350 2969 503 3034 convertit
518 2970 692 3058 Menippus
706 2970 737 3033 in
755 2969 889 3035 Luciani
900 2969 1137 3057 Necyomantia,
1154 2971 1274 3056 fingens

172 3095 205 3135 se
226 3072 268 3136 ab
287 3072 393 3136 inferis
412 3072 546 3137 rediisse.
592 3072 709 3137 Christi
726 3073 877 3138 Patientis
890 3073 1044 3152 conditor,
1060 3072 1157 3160 vulgo
1170 3073 1274 3137 dietus
1409 3092 1425 3115 ⁴·

172 3174 347 3263 Gregorius
363 3176 591 3254 Nazianzenus
607 3177 664 3263 qui
678 3177 758 3241 hanc
772 3176 910 3241 fabulam
927 3200 997 3240 raro
1008 3177 1095 3253 citat,
1111 3176 1195 3239 hunc
1206 3199 1273 3239 ver-

172 3300 241 3342 sum
264 3278 360 3343 habet
380 3277 489 3343 leviter
511 3291 667 3343 mutatum
693 3282 783 3365 1506.
809 3294 844 3343 ut
869 3294 902 3343 et
924 3278 1010 3343 hunc
1033 3300 1104 3342 cum
1131 3279 1272 3364 sequenti

173 3400 266 3446 2021.
284 3400 380 3448 2022.
397 3383 501 3447 POR.
546 3381 702 3470 Agathias
724 3383 847 3446 Histor.
871 3404 903 3468 p.
922 3400 1061 3463 114,α1.
1086 3380 1216 3463 καθάπερ
1239 3384 1273 3447 ἐν

171 3487 266 3563 σκηνῇ
281 3485 330 3548 καὶ
343 3488 491 3572 τραγῳδία
508 3488 614 3550 ἐκτῶν
628 3486 737 3550 σκότου
758 3490 862 3549 πυλῶν
883 3483 1055 3567 ἀφιγμένοι,
1072 3485 1176 3566 ἰσχνοί
1195 3511 1272 3552 τινες

170 3586 219 3649 καὶ
233 3587 437 3670 ἑτερόχροτες.

213 3690 338 3775 σκότον]
351 3692 476 3758 σκότους
487 3688 628 3778 Etymol.
639 3691 713 3753 MS.
728 3688 823 3753 Paris.
840 3711 891 3775 ap.
910 3689 996 3752 Bast.
1013 3687 1163 3774 Append.
1179 3687 1269 3774 epist.

168 3793 237 3858 crit.
251 3817 284 3882 p.
296 3813 351 3880 53.
397 3796 477 3873 Quae
491 3795 593 3858 forma
608 3815 691 3857 nunc
706 3808 825 3857 remota
835 3814 874 3854 ex
890 3788 1014 3876 tragicis
1027 3803 1085 3867 est,
1101 3789 1207 3853 relicta
1222 3813 1272 3854 me

168 3895 293 3962 nolente
307 3896 339 3961 in
356 3896 501 3984 AEschyli
515 3897 628 3982 fragm.
644 3915 676 3980 5.
694 3909 726 3958 et
740 3893 825 3981 apud
842 3891 956 3979 Eurip.
974 3889 1048 3977 lph.
1065 3892 1108 3954 T.
1123 3910 1217 3976 1025.

119 4043 123 4052 ·
209 4019 241 4085 3.
269 4000 450 4087 Dymantis,
466 4023 528 4065 non
545 3998 678 4075 Cisseos,
698 3996 792 4061 filiam
811 3994 978 4060 Hecubam
1000 3993 1075 4057 facit
1099 3996 1269 4074 Homerus,

167 4102 208 4166 Il.
224 4108 265 4166 n.
285 4102 357 4185 718.
404 4102 467 4168 Sed
489 4101 675 4189 Euripidem
699 4098 840 4186 sequitur
863 4096 1013 4185 Virgilius
1035 4097 1113 4161 AEn.
1129 4117 1177 4161 10.
1198 4113 1269 4183 705.

166 4204 334 4293 Virgihum
350 4206 444 4270 ceteri
460 4220 560 4292 poetoe
576 4203 694 4269 Latini.
712 4204 817 4267 POR.

207 4310 237 4375 6.
262 4310 377 4395 δείσας]
396 4308 495 4392 λάθρα
513 4307 543 4390 μ’
558 4306 780 4396 grammaticus
795 4303 971 4369 Hermanui
986 4326 1017 4391 p.
1032 4304 1106 4388 387.
1126 4303 1182 4389 qui
1205 4326 1269 4367 me-

162 4413 272 4479 moriae
287 4436 392 4480 errore
406 4414 446 4478 ad
462 4437 491 4478 v.
510 4433 557 4478 ιο.
572 4409 738 4478 aberravit.

692 4530 749 4576 122
