2864 4914
170 265 236 327 248
536 263 915 327 ANNOTATIONES

171 440 224 499 τοῦ
245 436 285 515 μὴ
302 432 461 499 αἰσθέσθαι
482 434 536 499 τὸν
557 436 758 518 παιδαγωγόν.
805 434 1003 520 Poedagogus
1023 432 1151 519 quidem
1168 434 1235 521 jam
1257 455 1275 498 e

172 560 263 603 scena
277 536 426 614 discessit,
442 558 499 601 nec
521 553 600 624 puto
616 537 764 602 Medeam
787 537 922 625 amplius
944 542 1051 605 διπλᾶς
1072 539 1190 604 ἐννοίας
1211 560 1275 603 aeo-

172 640 243 719 tari,
257 664 330 727 quae
344 664 382 703 eo
395 639 572 727 frigidiores
587 657 672 719 sunt,
689 664 755 727 quo
770 641 900 727 propius
913 639 953 704 ad
969 655 1116 703 eventum
1132 639 1275 726 pervenit

172 768 232 809 res.
271 743 395 807 Celata
415 742 520 808 liberis
539 744 633 808 animi
656 743 863 831 propositum,
879 742 1068 829 dolorisque,
1083 765 1176 828 quem
1193 742 1275 807 exci-

173 863 219 913 tat
234 846 357 911 venturi
373 846 518 911 facinoris
531 847 703 924 meditatio,
714 869 853 910 caussam
870 845 973 909 reddit
984 844 1057 909 satis
1070 845 1273 932 probabilem.

173 954 287 1016 Postea
304 948 418 1013 clarius
441 949 591 1036 loquitur,
613 948 666 1013 sed
690 949 779 1036 pueri
799 947 875 1012 nihil
896 947 1042 1024 audiunt,
1065 946 1172 1012 saltem
1197 947 1272 1011 nihil

171 1053 361 1139 intelligunt.
384 1053 500 1116 ELM.

220 1171 312 1239 1023.
330 1155 391 1238 ἀεὶ]
409 1157 468 1218 αἰεὶ
482 1153 547 1217 duo
562 1153 654 1218 codd.

219 1273 311 1340 1027.
329 1258 511 1340 άνασχεθεῖν
525 1256 703 1321 Elmsleius.
727 1257 908 1340 άνασχέθειν
923 1254 1003 1319 libri.

214 1359 373 1441 λαμπάδας
383 1358 407 1421 τ’
418 1358 615 1445 άνασχεθεῐν]
628 1359 764 1423 Similem
775 1357 932 1445 querclam
945 1357 1008 1421 edit
1018 1359 1041 1421 J
1043 1374 1147 1422 ocusta
1157 1356 1270 1423 l'hoen.

172 1461 247 1546 346.
265 1461 323 1542 ἐγὼ
339 1458 363 1523 δ’
379 1461 446 1523 ούτε
464 1485 514 1523 σοι
535 1460 627 1542 πυρὸς
641 1463 745 1543 ἀνῆψα
766 1466 831 1542 φῶς
851 1459 855 1546 Ι
876 1461 999 1540 νόμιμον
1020 1461 1054 1522 έν
1073 1459 1189 1542 γάμοις,
1210 1459 1215 1547 Ι
1235 1462 1273 1528 ὣς

171 1564 278 1647 πρέπει
292 1563 396 1645 ματέρι
409 1564 547 1646 μακαρίᾳ·
567 1565 572 1649 Ι
592 1562 754 1643 ἀνυμέναιά
769 1562 793 1626 τ’
809 1563 946 1643 Ἰσμηνὸς
966 1564 1105 1642 ἐκηδεύθη
1124 1565 1129 1649 Ι
1149 1572 1271 1644 λουτρο-

171 1664 267 1750 φόρου
289 1670 406 1749 χλιδᾶς.
452 1666 533 1727 Num
554 1666 720 1729 τοπαλαιδν
740 1669 792 1732 τὰς
809 1664 937 1747 μητέρας
958 1671 1016 1729 τῶν
1039 1667 1215 1748 γαμούντων
1239 1668 1272 1730 έν

171 1776 233 1836 τοῖς
254 1767 360 1851 γάμοις
381 1772 536 1851 δᾳδουχεῖν
556 1767 624 1833 ἔθος
644 1766 691 1846 ἦν,
709 1783 853 1831 monente
875 1766 1039 1831 scholiasta
1052 1767 1091 1831 ad
1109 1766 1272 1854 Apollonii

171 1894 204 1954 4.
225 1891 317 1954 1145.
356 1869 504 1932 Meminit
520 1868 615 1955 hujus
637 1868 732 1931 moris
754 1884 858 1933 noster
871 1869 963 1933 etiam
981 1870 1054 1957 Iph.
1069 1873 1115 1934 A.
1128 1886 1200 1956 732.
1217 1877 1271 1935 Λι-

172 1980 272 2038 ποΰσα
297 1977 409 2046 παῖδα;
433 1973 476 2038 τίς
501 1970 524 2036 δ’
552 1973 721 2054 ἀνασχήσει
746 1970 868 2054 φλόγα;
903 1972 1151 2059 Clytoemnestrae
1177 1973 1272 2039 verba

173 2090 247 2140 sunt
261 2075 390 2139 domurn
408 2074 509 2139 redire
518 2075 616 2162 jussae
631 2074 737 2138 relicta
750 2074 823 2139 lilia.
847 2076 961 2139 ELM.

217 2181 305 2243 Inter
327 2178 411 2242 hunc
428 2201 459 2240 v.
476 2188 508 2241 et
523 2192 702 2263 sequentem
721 2179 792 2240 Par.
809 2179 853 2240 A.
870 2177 962 2242 unius
977 2177 1120 2242 versiculi
1137 2201 1270 2243 vacuum

171 2283 305 2370 spatium
322 2280 460 2345 exhibet.
485 2281 599 2344 ELM.

218 2406 311 2470 1030.
329 2385 430 2451 άλλως
452 2383 475 2447 δ’
492 2381 640 2466 έμάχθουν
657 2384 704 2447 καὶ
719 2384 899 2464 κατεξάνθην
914 2382 1030 2471 πύνοις]
1057 2383 1147 2447 Idem
1164 2407 1272 2448 versus

172 2490 249 2553 Tro.
267 2505 339 2573 755.
358 2486 413 2550 nisi
429 2485 572 2572 quodibi
588 2486 684 2566 μάτην
698 2510 756 2573 pro
771 2488 872 2555 άλλως
885 2485 1011 2574 legitur.

218 2611 310 2675 1035.
329 2591 377 2674 δὴ]
397 2589 450 2669 δὴν
465 2592 507 2652 A.

221 2695 309 2773 1048.
325 2691 466 2777 χαιρέτω]
486 2691 593 2774 ἐρρέτω
609 2693 694 2756 Flor.
710 2691 786 2756 duo.
809 2720 857 2776 γρ.
872 2696 1001 2774 παύομαι
1017 2694 1115 2757 Paris.
1128 2693 1172 2771 D,
1183 2692 1271 2778 quod

172 2797 202 2860 in
218 2799 344 2875 παύηται
357 2810 540 2880 corruptum
557 2794 643 2881 apud
659 2794 863 2860 scholiastatn.

219 2919 309 2981 1049.
326 2899 436 2979 άφλεῖν
450 2896 629 2961 Elmsleius.
653 2901 763 2970 άφλειν
777 2898 857 2963 libri.

220 3021 311 3085 1052.
327 2998 431 3085 φρενί]
452 2997 561 3081 φρενός
584 3001 678 3064 Rom.
695 3003 781 3064 AB.
798 3003 889 3065 Lasc.
908 3003 954 3085 [et
970 3000 1054 3064 Flor.
1070 3002 1159 3085 tres]
1207 3000 1269 3079 Qui

172 3102 344 3191 genitivum
374 3105 572 3180 invexerunt,
602 3103 711 3189 legisse
740 3102 886 3166 videntur
916 3107 1014 3182 κακῆς,
1042 3103 1085 3166 ita
1112 3126 1185 3166 vcro
1209 3102 1271 3167 dis-

172 3207 317 3271 tinxisse:
343 3209 424 3270 ἀλλὰ
443 3209 493 3284 τῆς
516 3207 585 3286 ἐμῆς
607 3211 704 3286 κακῆς,
725 3205 730 3294 Ι
749 3207 783 3269 τὸ
799 3207 846 3270 καὶ
866 3206 1012 3288 προέσθαι
1028 3206 1197 3286 μαλθακοὺς
1215 3204 1269 3270 λά-

172 3334 251 3392 γους,
275 3306 395 3391 φρενός.
441 3306 481 3371 Id
504 3323 563 3385 est,
579 3311 661 3373 ἀλλὰ
680 3309 732 3388 τῆς
754 3312 824 3388 ἐμῆς
843 3312 931 3386 κακῆς
949 3305 1059 3391 φρενός
1079 3311 1153 3381 ἔστι,
1170 3308 1203 3371 τὸ
1222 3309 1271 3372 καὶ

169 3410 316 3492 προέσθαι
336 3409 506 3491 μαλθακοὺς
527 3409 644 3493 λόγους.
691 3412 743 3476 Ita
766 3411 831 3475 lere
852 3428 955 3476 noster
979 3410 1082 3498 Hipp.
1104 3413 1179 3495 936.
1207 3418 1270 3476 Φεῦ

170 3518 221 3592 τῆς
241 3516 389 3595 βροτείας,
405 3520 459 3577 ποῖ
475 3513 671 3594 προβήσεται,
687 3511 816 3596 φρενύς;
843 3513 904 3578 Sed
925 3529 1007 3577 recte
1030 3537 1062 3576 se
1083 3512 1178 3577 habet
1194 3515 1268 3578 sub-

170 3615 338 3679 stantivum
364 3616 459 3695 κάκης.
503 3615 607 3679 Addit
628 3631 732 3679 autem
759 3619 848 3699 φρενὶ
872 3615 979 3680 eodem
1002 3617 1066 3679 fere
1089 3639 1180 3680 sensu
1205 3641 1270 3704 quo

173 3721 256 3783 Hec.
274 3737 343 3801 299.
359 3717 486 3798 Ἑκάβη,
502 3719 650 3792 διδάσκου,
666 3723 738 3799 μηδὲ
754 3723 793 3806 τῷ
809 3720 979 3805 θυμουμένῳ
999 3719 1004 3808 Ι
1023 3721 1077 3784 τὸν
1093 3722 1124 3784 εὖ
1138 3720 1270 3803 λέγοντα

170 3827 300 3902 δυσμενῆ
315 3827 400 3885 ποιοῦ
415 3824 512 3903 φρενί.
538 3823 653 3885 ELM.

219 3945 311 4007 1054.
335 3925 462 4004 θύμασιν
478 3927 572 3988 Rom.
590 3926 628 3987 C.
644 3941 675 3988 et
690 3924 768 3987 Ald.
807 3924 933 4011 Reliqui
957 3924 1026 3988 libri
1046 3949 1154 3989 omnes
1172 3929 1267 4008 dduc-

172 4052 231 4090 σιν.
256 4029 383 4105 θύμασιν
399 4026 473 4111 legit
489 4026 663 4104 scholiasta,
679 4027 734 4113 qni
751 4027 901 4091 vocabulo
917 4031 1021 4094 θυσίας
1037 4028 1147 4093 utitur.

217 4147 310 4213 1055.
335 4134 422 4210 χεῖρα
437 4126 460 4192 δ’
478 4131 512 4193 οὐ
527 4128 690 4215 διαφθερῶ]
717 4129 932 4193 Misericordia
955 4131 1079 4195 scilicet.
1109 4135 1268 4211 μαλακίσω

171 4229 426 4318 suprascriptum
440 4230 470 4293 in
484 4233 556 4294 Par.
568 4235 612 4293 A.
625 4234 768 4311 ἀμβλυνῶ
781 4231 810 4294 in
825 4233 898 4295 Par.
912 4234 996 4297 B.D.
1010 4233 1039 4297 in
1053 4234 1169 4320 quibus
1180 4242 1268 4317 χεῖρα

169 4333 342 4421 explicatur
356 4332 456 4414 ὁρμήν.
481 4332 590 4396 AEsch.
604 4337 721 4420 Agam.
734 4355 808 4418 941.
820 4337 941 4417 γνώμην
951 4339 1007 4416 μὲν
1021 4341 1084 4401 ἴσθι
1097 4338 1137 4417 μὴ
1148 4343 1269 4419 διαφθε-

167 4436 263 4518 ροῦντ’
281 4436 342 4518 ἐμέ.
381 4434 422 4498 Id
437 4451 481 4498 cst
497 4435 532 4499 ού
545 4438 680 4516 μαλακὸς
696 4436 866 4519 γενήσομαι.
890 4440 1006 4502 ELM.
