2864 4914
188 278 253 343 ltu
550 276 930 345 ANNOTATIONES

229 452 306 536 326.
329 447 422 515 σκότι’
445 451 621 536 ἀμείβομαι]
647 453 729 517 Haec
750 451 847 516 verba
867 446 1056 538 precedenti
1081 447 1184 512 versui
1215 462 1290 513 sunt

186 550 342 617 addenda.

229 656 305 740 328.
322 655 438 734 δόμοισι
452 654 543 719 codd.
559 654 702 743 plerique
721 678 838 721 omnes.
876 655 976 734 δόμοις
998 656 1088 740 Aug.
1104 675 1197 718 unus.
1235 653 1290 716 διό-

186 782 262 837 pout
275 755 354 821 Ald.

229 876 307 944 329.
345 860 410 923 Par
436 858 570 924 fratrum
600 875 693 925 aetate
719 860 947 948 propemodum
979 857 1149 946 equalium
1178 853 1290 920 audaci

187 960 387 1026 translatione
401 960 482 1025 dixit
497 963 615 1043 ἀπήναν
628 963 803 1046 ὁμόπτερον.
827 963 996 1027 VALCK.

229 1083 304 1151 330.
321 1067 381 1143 ἀεὶ]
399 1065 458 1128 αἰεὶ
472 1063 552 1128 Ald.
593 1067 776 1130 Correctum
792 1088 832 1129 ex
846 1066 954 1152 paucis
967 1062 1059 1129 codd.

229 1186 305 1252 333.
321 1166 463 1251 τέρεμνα]
480 1167 612 1249 τέραμνα
627 1184 689 1233 tres
703 1168 795 1232 codd.

230 1268 378 1355 ἀγχόνας]
404 1270 445 1332 Id
466 1286 513 1335 est
536 1273 645 1352 άνῇξεν
670 1269 715 1336 ἐπ’
736 1272 878 1354 ἀγχόνας,
901 1267 1188 1357 superadscendetta
1210 1265 1290 1328 lecta

189 1371 257 1455 (ubi
273 1385 409 1436 semotus
423 1374 557 1438 essetab
571 1374 707 1458 arbitris)
725 1376 794 1439 ruit
807 1375 843 1437 ln
858 1375 994 1461 loqueos
1018 1368 1189 1436 VALCK.

229 1494 304 1562 334
321 1474 485 1563 στενάζων]
510 1475 551 1540 Id
573 1491 620 1542 est
640 1481 716 1558 μετὰ
730 1482 905 1559 στεναγμῶν
927 1477 1085 1557 ἀράμενος,
1102 1487 1139 1536 ut
1154 1469 1290 1558 explicat

187 1575 359 1642 scholiasta.

229 1696 303 1765 335.
327 1682 473 1744 ἀλαλαῖσι
495 1678 610 1745 Aldus.
637 1682 735 1745 MSS.
758 1679 889 1756 variant,
913 1681 1070 1753 ἀλαλαῖσι,
1091 1679 1290 1759 ἀλαλαγαῖσι,

188 1785 366 1863 ἀλλογαῖσι.
406 1782 595 1847 Eustathius
609 1806 640 1871 p.
656 1803 733 1867 494,
753 1801 801 1866 15.
819 1785 958 1848 ἀλαλαῖς.
989 1779 1084 1859 Quod
1098 1777 1213 1843 omittit
1228 1778 1290 1841 Al·

187 1883 258 1961 dus,
275 1885 350 1956 αῖέν,
367 1897 439 1947 ante
454 1884 627 1966 αἰαγμάτων
640 1885 782 1950 inserunt
795 1883 886 1949 multi
902 1884 1002 1948 MSS.
1027 1883 1130 1947 POR.

231 1986 337 2050 σκότια
352 1983 519 2050 Seidlerus
556 1991 661 2052 σκοτία
674 1987 755 2052 libri.

230 2087 303 2172 336.
329 2087 376 2150 καὶ
391 2086 515 2168 γάμοισι
529 2089 579 2174 δὴ]
606 2089 657 2155 Sic
679 2090 769 2154 metri
791 2111 900 2154 caussa
918 2087 999 2152 dixit
1020 2108 1080 2174 pro
1097 2083 1221 2168 γάμοισι
1242 2083 1291 2147 καὶ

188 2189 276 2269 ἀὴ-.
321 2188 526 2254 Scribendum
553 2206 658 2256 autem
686 2214 750 2256 uno
775 2213 864 2255 versu
892 2193 929 2255 ol
954 2189 1144 2262 δ’-ἀδονάν,
1169 2185 1225 2273 qui
1250 2209 1291 2250 ex

189 2290 434 2377 penthemimere
448 2291 581 2357 iambico
595 2308 627 2357 et
640 2308 792 2379 quattuor
805 2291 942 2381 dipodiis
954 2290 1094 2356 iambicis
1107 2305 1154 2354 est
1167 2311 1293 2377 compo-

188 2407 276 2458 artus.

231 2497 412 2583 338-343.
437 2499 519 2562 Hoec
536 2498 568 2563 in
583 2498 648 2563 dno
664 2522 772 2564 versus
787 2512 860 2563 sunt
874 2495 1100 2574 distribuenda,
1116 2495 1291 2575 ξένοισιν-

189 2599 340 2682 ἀμφέπειν
354 2615 385 2664 et
401 2602 648 2667 ἄλαστα-ἄταν.

230 2722 307 2788 341.
324 2706 396 2785 τᾷἀε
410 2701 475 2766 duo
488 2702 580 2766 codd.
596 2718 743 2768 recentes.
782 2702 886 2790 Vulgo
898 2701 978 2767 τάδε.

232 2803 315 2888 Λαίῳ
352 2804 508 2890 improbat
538 2804 780 2882 Valckenaerius,
810 2804 934 2869 duabus
963 2802 1136 2868 rationibus
1168 2802 1288 2876 fretus3

188 2906 289 2994 prima
303 2904 389 2992 qnod
406 2923 536 2970 vocatur
551 2906 746 2988 παλαιγενὴς,
764 2907 911 2984 secunda,
926 2906 1014 2991 quod
1038 2905 1217 2991 Polynicem
1241 2920 1289 2969 to-

189 3025 316 3093 tamque
341 3007 471 3071 domum
497 3011 596 3073 Laius
624 3009 848 3075 detestabatur.
882 3010 964 3073 Vero
986 3008 1169 3090 παλαιγενὴς
1194 3007 1292 3073 nihilo

189 3112 261 3199 plus
277 3111 368 3187 valet,
384 3133 478 3197 quam
495 3112 631 3190 παλαιὸς,
644 3111 803 3198 quomodo
819 3111 1011 3198 Strepsiades
1025 3109 1117 3174 etiam
1134 3109 1223 3173 vivus
1237 3135 1291 3175 vo-

189 3231 279 3279 catur
293 3214 494 3296 ταλαιογενὴς
515 3215 556 3278 ab
571 3214 784 3302 Aristophane
802 3213 891 3278 Nub.
907 3231 979 3298 357.
1020 3211 1142 3277 Deinde
1164 3233 1226 3275 non
1246 3213 1291 3277 vi-

189 3316 259 3395 deo,
275 3340 373 3403 quare
387 3317 526 3382 nondum
542 3316 644 3381 redire
658 3339 729 3381 cum
747 3316 865 3380 familia
879 3316 980 3380 suain
1003 3316 1134 3404 gratiam
1153 3316 1292 3402 potuerit

190 3420 299 3484 Laius.
322 3420 373 3483 οὐκ
395 3421 440 3500 ἀρ’
457 3420 582 3500 ἔμελλες
597 3421 675 3484 Οὐδὲ
699 3421 797 3484 θανὼν
819 3418 969 3499 λήσεσθαι
991 3421 1056 3499 ἐμοὶ
1077 3421 1191 3503 χόλου;
1217 3420 1292 3506 Ipse

189 3522 341 3610 OEdipus,
367 3522 423 3606 qui
444 3522 524 3586 filios
545 3545 618 3586 suos
638 3521 714 3586 diris
736 3522 916 3599 devoverat,
942 3527 996 3608 65,
1018 3541 1094 3607 344,
1117 3523 1192 3604 484,
1217 3537 1292 3605 777,

190 3626 370 3712 890,1068.
388 3627 511 3690 tandem
527 3624 679 3689 exclamat
696 3642 787 3710 1715.
804 3627 827 3689 ὦ
842 3628 920 3708 φίλα
934 3623 1077 3705 πεσήματ’
1090 3624 1167 3689 ἄθλι’
1184 3627 1292 3689 ἀθλίου

189 3731 309 3811 πατρός.
334 3729 438 3792 POR.

232 3851 307 3916 343.
324 3830 453 3894 ἐπακτὸν
470 3828 556 3892 Flor.
574 3851 665 3893 unus.
690 3831 820 3894 ἑπακτάν
835 3829 943 3916 vulgo,
955 3828 1041 3915 quod
1058 3829 1187 3908 ἑπακτὴν
1198 3827 1294 3915 scrip-

190 3950 257 4000 tum
272 3933 305 3997 in
322 3930 406 3996 Flor.
419 3931 567 4018 quinque.

231 4053 304 4121 344.
323 4032 528 4097 Scribendum
545 4055 609 4096 uno
623 4055 716 4096 versu
732 4032 948 4115 ἐγὼ-γάμοις.

230 4137 313 4224 orire]
330 4137 393 4200 οὔτι
407 4134 527 4221 aliquot
542 4134 633 4198 codd.
649 4134 735 4220 quod
752 4134 868 4199 librarii
890 4148 1062 4222 posuerunt
1076 4157 1137 4197 non
1153 4133 1295 4198 animad-

190 4255 346 4306 vertentes
361 4239 589 4326 responsionem
610 4238 832 4326 particularum
849 4241 992 4305 οὕτε-δὲ
1011 4242 1112 4323 (347).
1161 4239 1200 4300 In
1224 4239 1293 4301 οὔτε

188 4345 386 4410 consentiunt
409 4341 496 4406 Plut.
519 4344 602 4405 Mor.
630 4364 663 4429 p.
679 4345 742 4406 606
760 4344 798 4406 F.
826 4342 921 4407 schol.
947 4341 1056 4430 Apoll.
1077 4340 1141 4405 Rh.
1166 4362 1199 4421 4,
1218 4341 1291 4403 808.

190 4449 299 4537 Etym.
317 4448 368 4510 M.
385 4468 417 4533 p.
432 4443 506 4529 285,
523 4447 574 4511 26.
