2864 4914
184 273 253 338 111
545 231 931 336 ἈΝΝοΤΑἯοΝΕς

188 447 254 511 έστι
279 443 431 526 γαμήλιοι.
456 442 627 508 VALCK.
672 441 796 508 Eodem
821 441 917 507 modo
941 441 1116 521 scholiasta,
1143 446 1175 508 ol
1196 469 1286 509 ουνε-

186 546 342 630 ξευγμέναι
356 546 484 628 Χάριτες
496 550 537 634 τῷ
550 544 727 634 Ἱππολύτῳ,
744 550 777 612 ol
792 552 1000 629 συζευγυΰσαι,
1015 546 1034 609 ό
1048 548 1113 610 ἐστι
1132 546 1287 629 γαμήλιοι,

187 651 253 715 tat
267 653 320 713 τοῦ
332 647 356 713 ὦ
367 647 493 730 Χάριτες
507 650 611 732 ἔφοροι
624 655 675 731 τῆς
689 653 837 732 συζυγίας.
884 649 946 712 Sed
961 647 1125 712 manifeste
1139 647 1286 712 vitiosum

186 767 234 817 est
255 753 388 833 συζυγίαι
402 750 538 834 Χάριτες,
554 751 639 838 quod
661 766 717 817 aut
740 754 835 834 ζόγιαι
856 751 984 834 Χάριτες
1005 750 1203 816 scribendum
1225 766 1286 831 est,

186 865 252 933 aut,
267 853 354 941 quod
368 852 562 941 probabilius
575 852 711 932 videtur,
727 856 861 937 συζυγίαι
875 858 1013 937 Χαρίτων
1027 877 1098 920 cum
1115 852 1256 920 Reiskio.

233 958 326 1038 1148.
342 959 466 1038 πατρίας
480 956 568 1021 Flor.
581 975 629 1021 10.
643 975 694 1041 15.
738 956 921 1043 Legebatur
934 955 1081 1043 πατριρας.

232 1076 326 1144 1150.
348 1059 402 1123 τὸν
422 1059 509 1123 οὐδὲν
532 1058 619 1123 Flor.
637 1077 665 1123 1.
687 1072 719 1123 et
734 1059 828 1124 Lasc.
872 1059 1004 1124 Codices
1026 1059 1138 1147 reliqui
1159 1073 1191 1124 et
1206 1058 1286 1124 Ald.

186 1163 337 1227 omittunt
351 1163 413 1226 τόν.

233 1281 436 1349 1151.1151.
463 1263 633 1351 Coryphaei
658 1263 691 1328 hi
714 1286 820 1328 versus
840 1263 1032 1329 hemichorio
1053 1264 1284 1331 tribuebantur.

187 1369 371 1433 Correctum
386 1389 426 1430 ex
442 1367 517 1429 Par.
533 1368 577 1430 A.

235 1472 328 1535 1166.
342 1469 495 1553 ἁρμάτων]
513 1469 641 1550 άρματος
656 1468 729 1532 Par.
744 1470 840 1534 A.H.

234 1591 327 1656 1171.
351 1571 494 1658 ῥόπτρου]
520 1574 603 1635 Haec
625 1571 673 1636 bis
693 1569 798 1657 attigit
820 1569 1007 1636 Eustathins
1028 1593 1062 1658 p.
1081 1571 1158 1656 381,
1179 1589 1231 1637 11.
1253 1585 1288 1635 et

187 1699 221 1764 p.
235 1690 312 1761 501,
328 1691 378 1738 11.
424 1674 465 1737 In
488 1688 622 1760 utroque
643 1674 712 1738 loco
728 1672 819 1738 docet
832 1676 961 1756 ῥόπτρου
974 1673 1123 1738 denotare
1136 1674 1285 1754 ῥόπαλον,

188 1776 238 1842 vel
258 1777 349 1860 πάγη,
364 1776 385 1841 i.
400 1799 428 1841 e.
447 1776 598 1864 Ιαρατιιςς
624 1778 769 1857 ῥομφαία,
788 1776 866 1844 εἶδος
886 1778 1007 1859 flocum
1031 1775 1080 1839 vel
1103 1773 1195 1839 ctiam
1219 1777 1285 1840 ἐπί-

188 1905 355 1962 σπαστρου,
371 1881 471 1962 κρίκον
482 1881 582 1959 θόρας,
597 1878 695 1942 citans
707 1877 813 1964 Lysiae
825 1879 915 1943 Orat.
928 1879 959 1943 in
973 1877 1182 1956 Andocidem,
1196 1879 1287 1957 ἔδησε

188 1982 242 2047 τὸν
256 1984 347 2046 ἵππου
361 1984 394 2045 έκ
408 1986 461 2046 τοῦ
473 1983 602 2064 ῥόπτρου
617 1987 668 2045 τοῦ
684 1984 773 2064 ἱεροῦ.
820 1979 937 2045 Similia
959 1981 1053 2046 habet
1075 1979 1171 2045 schol.
1217 1981 1287 2044 Ex-

186 2084 303 2150 istimat
318 2100 422 2150 autem
441 2082 669 2148 Valckenarius
684 2107 739 2171 per
752 2085 882 2167 ῥόπτρου
896 2083 1083 2170 significasse
1097 2082 1286 2170 Euripidem

185 2189 342 2277 pusillum
358 2191 394 2252 irs
408 2188 562 2275 ἀειόριιία,
578 2209 643 2273 quo
660 2201 746 2250 moto
766 2186 951 2251 irretiuntur
972 2184 1116 2250 animalia
1136 2199 1193 2249 aut
1213 2184 1288 2249 reti·

188 2305 323 2356 nentur:
355 2291 386 2354 iu
408 2289 468 2355 hoc
489 2290 571 2354 enim
595 2312 686 2354 sensu
709 2312 815 2354 vocem
837 2290 878 2354 ab
900 2287 1092 2353 Archilocho
1112 2287 1285 2352 adhibitam

187 2394 282 2459 fuisse
308 2407 417 2457 auctor
442 2407 487 2457 est
514 2392 726 2481 Etymologus
752 2393 802 2457 M.
827 2415 861 2479 p.
884 2407 959 2476 715,
981 2409 1036 2472 44.
1082 2389 1133 2454 Sic
1157 2412 1287 2476 quoque

190 2498 370 2585 Hesychius
383 2495 537 2578 Ῥόπτρον·
560 2495 739 2578 ῥόπαλου,ἣ
761 2495 795 2560 τὸ
817 2495 1059 2560 άποκαταπίπτον
1077 2497 1129 2572 τῆς
1149 2495 1285 2574 παγίδος,

190 2603 239 2665 καὶ
253 2599 482 2679 συλλαμβάνον.
499 2600 650 2663 ΜΟΝΚ.

231 2700 404 2786 αίσχόναυτ’
421 2700 474 2781 ἔμέ
489 2703 560 2764 Par.
578 2702 621 2765 A.
641 2702 725 2764 Flor.
742 2702 785 2766 A.
802 2719 848 2763 10.
878 2696 981 2784 Vulgo
995 2695 1182 2781 α1σχόναντά
1195 2721 1245 2775 με.

235 2813 327 2888 1175.
344 2801 511 2887 κλαίοντες]
529 2802 672 2870 κλάοντες
687 2801 773 2866 Flor.
791 2819 886 2885 1.15.

235 2906 327 2989 1176.
352 2904 538 2988 άναστρέψοι
561 2907 632 2968 Par.
657 2906 743 2970 B.D.
766 2903 917 2987 Flor.15.
940 2902 1126 2985 ἀναστρέψει
1148 2903 1221 2965 Par.
1243 2902 1285 2965 E.

190 3008 275 3072 Flor.
294 3027 322 3072 2.
340 3010 384 3070 Η.
402 3008 492 3070 Lasc.
509 3007 693 3089 ἀναστρέφοι
709 3007 796 3070 Flor.
811 3024 859 3089 15.
877 3004 955 3069 Ald.

237 3126 329 3194 1177.
344 3111 508 3197 τλήμονας]
524 3109 670 3190 τλήμονος
686 3110 757 3172 Par.
774 3110 816 3172 A.

227 3216 328 3297 1178.
343 3212 466 3295 ταυτὸν]
481 3212 570 3276 ταύτὸ
586 3214 660 3276 Par.
677 3214 720 3275 A.
737 3210 824 3274 Flor.
841 3213 884 3274 A.
903 3228 931 3273 2.
947 3229 994 3274 10.
1012 3211 1104 3273 Lasc.

233 3316 350 3405 φέρων]
367 3317 446 3400 έχων
461 3316 535 3380 Par.
553 3317 595 3379 A.
613 3315 700 3380 Flor.
716 3331 866 3402 quattuor
880 3328 912 3378 et
928 3315 975 3376 Η.

238 3438 330 3505 1179.
346 3418 449 3505 μυρία]
464 3422 575 3501 μυρίων
590 3418 675 3484 Flor.
694 3438 722 3483 2.
739 3420 832 3482 Lasc.

237 3523 329 3587 1181.
346 3520 500 3607 πειστέον]
516 3520 642 3584 πιστέον
657 3523 685 3585 F
686 3520 743 3585 lor.
760 3523 804 3585 A.
818 3541 866 3585 10.
882 3536 931 3604 15.

237 3628 329 3710 1183.
346 3624 479 3690 έντόυοό
496 3627 568 3689 Par.
585 3627 629 3688 A.
646 3625 733 3690 Flor.
749 3626 793 3688 A.
807 3645 855 3689 10.
901 3622 1005 3709 Vulgo
1020 3619 1161 3685 ἐντόυεό.

238 3728 329 3790 1186.
346 3725 443 3810 λέγοι]
462 3727 547 3808 λέγει
562 3726 639 3790 Ald.

239 3829 329 3892 1188.
352 3826 401 3890 ἀπ’
418 3827 557 3914 ἄντυγος]
575 3828 659 3906 Quid
680 3826 719 3890 sit
733 3827 821 3904 άννυξ
836 3827 964 3907 άρματος
977 3822 1105 3911 exponit
1122 3825 1285 3887 Hemster-

191 3931 301 3996 husius
322 3929 363 3993 ad
386 3930 520 3994 Lucian.
536 3932 638 3994 vol.1.
653 3954 684 4017 p.
702 3949 774 4013 179.
797 3929 897 3994 allatis
919 3928 1041 3993 scholiis
1062 3928 1103 3992 ad
1128 3931 1224 3992 Hom.
1247 3928 1286 3991 ll.

192 4040 231 4098 Ε.
245 4033 315 4099 161.
327 4033 399 4113 718.
417 4030 501 4094 unde
515 4044 602 4117 patet
616 4032 729 4114 άντυγα
742 4031 837 4095 fuisse
853 4031 1027 4096 orbiculum
1041 4053 1171 4093 summae
1186 4028 1287 4092 curuli

192 4135 275 4200 sellae
300 4131 454 4209 additum,
483 4157 614 4220 eamque
636 4134 821 4220 cingentem.
869 4135 979 4221 Hujus
1004 4149 1108 4197 autem
1135 4131 1287 4195 cacumini

193 4237 241 4302 vel
257 4234 355 4314 lateri,
370 4235 394 4299 si
417 4235 583 4299 consistere
604 4258 732 4299 currum
754 4251 922 4322 oporteret,
939 4235 1069 4299 habento
1090 4233 1286 4318 circumliga-

192 4340 318 4404 bantur.
340 4336 383 4402 sic
398 4336 437 4401 Il.
451 4342 486 4400 E.
500 4339 571 4403 161.
588 4342 619 4417 ἐξ
630 4339 756 4420 άνιυγος
766 4340 834 4418 ἡνία
849 4339 956 4405 τείνας.
978 4338 1033 4422 qui
1048 4337 1133 4401 locus
1147 4336 1288 4423 apprimo

192 4441 257 4506 huc
280 4439 365 4505 facit.
411 4438 556 4505 Gemina
580 4463 653 4505 vero
677 4462 903 4528 nonnunquam
928 4455 1017 4506 erant
1040 4441 1174 4522 άυτυγες,
1199 4452 1234 4503 ut
1255 4437 1288 4500 in
