2864 4914
529 299 598 361 AD
622 297 890 362 SUPPLICES.
1194 298 1257 362 405

159 469 223 533 cari
245 492 277 533 ee
298 468 374 534 dicit
395 469 515 555 aliquid
538 468 579 534 de
601 471 771 549 διοπτεύειν,
793 470 835 535 ad
858 490 952 556 quem
981 469 1082 535 locum
1106 468 1255 534 Valcken.

158 570 321 658 adscripsit
341 572 372 635 in
397 594 466 636 meo
479 571 640 658 exemplo:
666 575 774 637 “Hoc
796 595 905 637 verum
927 588 993 647 est3
1017 573 1090 638 hinc
1113 572 1255 661 Hesych.

160 682 200 738 Δ.
218 673 507 758 κατασκσγόρενος.”
546 674 630 738 Mihi
646 675 733 740 lusus
746 699 812 741 esse
826 675 953 742 videtur
968 677 1000 740 in
1015 676 1167 765 oppositis
1179 681 1256 758 διορ-

159 777 253 842 θεύων
266 778 376 860 λόγους
397 792 429 842 et
450 780 543 861 όρθῶς
565 778 699 842 εὐθύνειν
719 781 819 852 πόλιν,
835 793 867 843 et
885 781 1045 861 διορθεύων
1058 782 1169 863 λόγους
1190 801 1256 843 esse

158 879 251 943 credo
270 882 364 961 ὀρθῶς
384 881 536 964 χριόμενος
557 887 619 948 τοῖς
638 882 752 964 λόγοις,
775 883 973 948 orationibus
996 885 1254 970 demagogorrrm‚

157 983 270 1069 ηιιύθυα
284 985 423 1047 rationes
437 1005 515 1048 οωαε
528 984 696 1071 explicant.
720 986 913 1051 MATTH.

202 1104 275 1166 420.
293 1087 424 1167 γαπόνος
440 1085 587 1173 Scaliger.
609 1089 740 1169 γηπόνος
753 1088 885 1153 codices.
908 1094 948 1174 γᾷ
963 1091 1055 1156 πόνος
1070 1087 1149 1152 ΑΙθ.

201 1204 276 1267 421.
299 1187 416 1269 γένοιτο
430 1189 470 1268 μὴ
483 1186 587 1269 ’μαθὴς
602 1187 714 1271 (scribe
730 1191 878 1273 μόμαθὴς)
897 1190 1076 1256 Lobeckius
1097 1189 1129 1253 in
1151 1186 1255 1253 libello

157 1289 199 1353 de
212 1289 403 1376 apostropho
417 1313 448 1377 p.
463 1310 516 1371 41.
556 1292 738 1378 Legebatur
752 1293 873 1358 πένοιτο
888 1293 1026 1375 εὐμαθής.

200 1411 275 1479 423.
290 1393 309 1472 ἦ
323 1394 371 1478 δὴ]
389 1393 443 1473 ἤδη
460 1393 604 1458 Stoboeus
622 1398 694 1473 106,
708 1418 741 1476 4.
756 1396 775 1476 ἣ
790 1397 825 1476 δὴ
841 1402 980 1476 νοσῶδες,
994 1396 1083 1460 ταύτὸ
1099 1401 1160 1463 τοῖς
1173 1397 1256 1475 &pet-

159 1522 245 1561 νοσιν
260 1498 376 1560 ὅταν-
391 1495 610 1562 Marklandus.
649 1500 722 1576 Quo
735 1520 798 1563 non
812 1522 901 1587 opus.

200 1601 274 1678 426.
291 1598 392 1684 κήρυξ]
411 1601 510 1664 Recte
525 1604 612 1682 κῆρυξ
626 1599 703 1665 Ald.

201 1700 386 1784 παρεργότης
406 1700 508 1785 λόγων
522 1718 579 1782 est,
594 1702 650 1789 qui
671 1703 711 1767 de
732 1703 826 1768 rebus
845 1702 994 1766 disserere
1015 1720 1118 1788 neque
1131 1700 1254 1777 doctus,

152 1827 261 1891 -neque
281 1819 376 1892 aptus
397 1819 497 1883 natus,
515 1819 616 1869 tamen
640 1804 672 1869 id
694 1805 790 1869 audet
811 1805 908 1870 invita
928 1806 1086 1884 Minerva,
1106 1807 1160 1869 δια.
1175 1807 1254 1886 παρδ

157 1907 188 1971 in
203 1907 381 1994 compositis
390 1930 532 1994 ρταυιιυι
547 1921 644 1973 notat.
667 1909 821 1973 REISK.

200 2029 274 2095 431.
296 2009 440 2097 AEechyl.
466 2011 572 2074 Prom.
590 2031 662 2094 194.
685 2009 737 2075 οὐδ’
754 2013 799 2075 ὅτι
820 2012 928 2095 τραχὺς
947 2012 995 2075 καὶ
1016 2008 1083 2093 παρ’
1106 2013 1198 2096 ἑαυτῷ
1218 2010 1253 2074 τὸ

156 2115 270 2178 δίκαιον
285 2115 364 2196 ἔχων
379 2115 462 2181 Ζεύς.
484 2112 675 2198 comparavit
692 2115 859 2177 Porsonus.

199 2236 273 2301 432.
288 2213 382 2280 οὐκέτ’
398 2213 458 2279 ἔστ’
473 2218 542 2279 ἴσον
557 2214 777 2279 Marklandus.
816 2214 907 2280 Libri
922 2214 1016 2280 οὐκέτ’
1032 2216 1101 2280 ἐστέ
1112 2241 1172 2279 σοι.

199 2338 275 2403 433.
302 2317 446 2382 Stoboeus
468 2337 522 2398 44,
546 2320 577 2382 6.
606 2319 764 2399 Εὐριπίδου
785 2315 944 2396 Ἱκετίδων,
967 2317 1032 2383 Οὐκ
1058 2319 1142 2381 ἔστιν
1166 2318 1253 2383 οὐδὲν

157 2427 299 2503 κρεῖσσον
319 2418 337 2500 ἢ
360 2418 445 2500 νόμοι
466 2417 554 2485 πόλει
577 2426 682 2488 Καλῶς
703 2419 846 2487 τεθέντες·
870 2421 888 2483 ὅ
908 2446 942 2484 τε
959 2423 1016 2503 γὰρ
1035 2419 1252 2503 ἀσθενέστερος

154 2521 193 2587 Ὁ
208 2521 351 2591 πλούσιός
371 2548 403 2587 τε
425 2522 479 2601 τὴν
502 2523 583 2603 δίκην
604 2525 674 2602 ἴσην
696 2523 769 2606 έχει,
793 2526 872 2605 Nini
892 2521 916 2586 δ’
935 2525 952 2586 ὀ
970 2524 1062 2602 μείων
1081 2523 1135 2587 τὸν
1153 2523 1250 2606 μέγαν

155 2625 240 2691 δίκαι’
257 2627 344 2710 ἔχων.

197 2732 272 2816 436.
287 2728 382 2814 ταῦθ’]
402 2727 492 2793 Libri
508 2727 599 2793 ταῦθ.
638 2726 785 2792 Correxit
800 2726 979 2792 Barnesius.

197 2834 273 2919 438.
298 2835 341 2900 τός
363 2831 504 2918 θέλει-]
529 2830 690 2919 Exprimit
714 2829 881 2896 formulam
905 2853 1083 2917 praeconum
1110 2833 1154 2900 τίς
1179 2835 1249 2916 byo-

153 2936 251 3016 ρεύειν
265 2937 428 3014 βούλεται
453 2936 597 3000 MUSG.
642 2934 809 2999 AEschines
825 2957 852 2998 c.
869 2932 1010 3020 Ctesiph.
1026 2955 1058 3020 p.
1077 2952 1146 3019 157.
1164 2935 1248 2999 σεσέ-

155 3063 242 3118 γηται
261 3039 318 3117 μὲν
339 3037 373 3099 τὸ
397 3035 560 3103 κάλλιστον
583 3039 631 3102 καὶ
649 3037 901 3120 σωφρονέστατον
920 3035 1052 3118 κήρυγμα
1077 3042 1136 3101 τῶν
1158 3039 1193 3101 έν
1214 3042 1250 3124 τῇ

152 3138 241 3203 πόλει
255 3146 277 3179 “
286 3139 329 3206 τίς
344 3140 499 3220 ἀγορεύειν
512 3141 675 3219 βούλεται;
700 3140 842 3203 BOISS.

195 3262 269 3325 440.
286 3243 362 3307 Huc
376 3241 500 3329 respicit
517 3242 702 3307 Aristoteles
717 3243 811 3308 Polit.
825 3259 857 3327 5.
873 3262 905 3327 9.
925 3264 958 3326 p.
976 3262 1047 3327 151,
1063 3262 1093 3327 9.
1108 3242 1159 3306 ed.
1177 3244 1247 3331 Syl-

153 3347 247 3433 burg.
271 3345 450 3427 Ἐλεύθερον
473 3347 505 3409 δὲ
531 3348 579 3410 καὶ
601 3349 670 3410 ἴσον
693 3347 728 3409 τὸ
750 3347 768 3409 ό
792 3372 821 3409 τι
844 3345 882 3410 δν
907 3348 1056 3426 βούληταί
1073 3371 1117 3413 τις
1142 3353 1245 3412 ποιεῖν·

151 3447 231 3513 ιύστε
252 3449 285 3536 ᾧ
306 3450 340 3512 έν
354 3453 419 3515 ταῖς
439 3449 587 3515 τοιαύταις
601 3450 803 3530 δημοκρατίαις
825 3448 950 3517 ἕκαστος
971 3450 1011 3516 ῶς
1029 3452 1183 3530 βούλεται,
1201 3453 1247 3516 καὶ

153 3555 195 3619 εἰς
206 3550 223 3616 δ
234 3548 361 3640 χρῄζων,
373 3551 412 3616 ὥς
420 3559 515 3632 φησιν
525 3550 691 3631 Εὐριπίδης.
705 3551 957 3616 GAISFORD.
981 3551 1053 3617 Vid.
1068 3553 1246 3620 Schneider.

150 3655 191 3720 ad
207 3655 227 3720 l.
245 3652 422 3719 Aristotelis
435 3677 466 3740 p.
483 3672 558 3740 333.

194 3757 330 3841 λαμπρός
344 3760 508 3822 CanteruS.
531 3754 669 3837 λαμπρόν
684 3754 770 3820 Flor.
790 3776 818 3820 1.
835 3775 864 3823 2.
880 3755 956 3822 Ald.

192 3879 266 3941 441.
283 3859 344 3926 ἔστ’
362 3861 537 3947 Duportus.
561 3859 645 3922 ἐστὶν
657 3855 736 3921 libri.

129 4026 137 4037 ,
192 3980 267 4042 442.
283 3961 426 4040 αὐθέντης
439 3959 561 4046 χθονός]
580 3959 729 4040 Αὐθέντης
752 3982 809 4047 pro
823 3959 969 4042 δεσπότης
991 3963 1104 4028 Suidas
1122 3965 1246 4030 nitense

149 4067 351 4147 ἀκυρολεξόαν.
373 4080 406 4130 et
428 4064 616 4129 Eustathius
638 4064 679 4128 ad
704 4064 795 4129 Iliad.
819 4071 861 4143 Ω,
883 4065 995 4132 citatus
1016 4089 1036 4131 α
1058 4068 1181 4134 Valerio
1204 4069 1246 4136 ed

150 4168 338 4256 Harpocrat.
361 4189 451 4255 pm.
470 4183 521 4249 27.
544 4165 617 4230 dicit
640 4165 781 4247 αὐθέντης
803 4188 865 4230 non
887 4190 952 4231 esse
977 4170 1129 4249 δεσπότης,
1151 4186 1245 4255 prout

147 4273 243 4334 refert
258 4270 364 4334 AElius
382 4267 564 4356 Dionysius.
610 4269 684 4356 Ipse
708 4270 950 4356 Harpocration,
965 4274 983 4335 ὁ
1002 4271 1143 4352 αὐθέντης
1157 4273 1243 4337 αὐτό.

147 4398 234 4456 χειρα
253 4378 347 4453 δηλοῖ,
363 4374 418 4461 9υύ
440 4394 539 4436 manu
559 4393 620 4436 οιια
638 4373 741 4436 credit.
765 4383 797 4436 et
812 4373 941 4438 verbum
958 4374 1112 4439 αὐθεντεῖν
1126 4374 1243 4462 impro-

147 4473 201 4541 bet
217 4476 358 4543 Thomas
373 4475 539 4564 Magister,
562 4497 620 4562 pro
638 4496 675 4538 eo
691 4474 807 4541 Atticis
828 4476 1048 4542 commendans
1069 4477 1242 4545 αὐτοδικεῖν.

650 4576 741 4664 σθ3
