2864 4914
525 268 594 333 AD
617 268 904 333 PHOENISSAS.
1201 267 1265 329 135

161 464 269 521 γοασιν
290 456 337 504 est
358 440 467 504 (ίὶαιιπί
489 442 574 505 inter
597 462 650 514 ee,·
675 440 813 522 ἀλλήλας
836 439 960 523 λέγουσι
977 439 1088 503 diem
1107 438 1209 502 altera
1228 437 1267 501 de

160 542 273 609 attera.
312 542 451 608 Boisson.
478 543 554 609 citat
576 542 757 608 Choricium
784 542 870 631 apud
892 540 1009 607 Villois.
1036 541 1139 605 Diatr.
1165 563 1196 628 p.
1216 559 1265 625 19.

161 647 260 726 πάσης
281 647 478 729 ἠλλοτρίωται
502 649 660 714 κολακείας
682 650 698 710 ὁ
725 649 758 711 ἐκ
779 653 928 729 γνναῖκαν
952 646 1082 718 ἔπαινος,
1105 647 1168 726 είγε
1193 646 1267 707 κατδ

162 749 329 834 τραγῳδίαν
344 751 520 833 φιλόψογόν
536 753 601 815 ἐστι
623 750 656 814 τδ
677 753 776 831 φῦλον
795 750 846 813 καί
863 774 906 816 τις
927 747 1018 828 ἡδονὴ
1037 743 1157 829 γυναιξὶ
1174 747 1267 826 μηδὲν

162 853 245 932 ὑγιὲς
259 851 407 930 ἀλλήλαις
419 851 551 933 λέγειν.”
576 853 768 917 ΜΑΤΤΗ.

208 969 281 1032 204.
304 954 455 1017 Φοίνισσα
476 958 569 1021 νᾶσος
590 953 739 1040 Euripidi
762 953 877 1016 dicitur
893 953 1013 1039 Tyrus,
1028 974 1124 1037 quem
1146 950 1178 1014 in
1200 973 1266 1014 rem

163 1053 374 1118 eruditissima
400 1054 532 1141 protulit
564 1056 746 1120 Hemsterh.
772 1055 803 1118 in
831 1053 964 1118 Lucian.
988 1075 1016 1117 1.
1042 1076 1073 1141 p.
1094 1054 1146 1136 87.
1171 1054 1268 1117 Mare

164 1156 365 1220 Pltoenicium
381 1159 491 1238 Τύριον
506 1158 601 1238 οἶδμα.
643 1157 772 1221 Thebas
794 1174 899 1221 autem
921 1155 1093 1220 Phoenissae
1115 1168 1268 1219 venerunt

165 1275 202 1324 ut
221 1258 364 1346 Delphos
385 1258 426 1322 ab
442 1259 570 1324 Eteocle
593 1259 791 1324 mitterentur
812 1274 844 1322 et
866 1274 1013 1344 tanquam
1031 1260 1196 1339 ἱερόδουλοι
1216 1256 1266 1321 in·

163 1360 315 1425 servirent
344 1360 461 1448 templo
491 1360 669 1448 Apollinis:
707 1360 748 1425 de
776 1383 841 1447 quo
870 1360 983 1424 iterum
1020 1358 1103 1422 infra
1134 1382 1165 1421 v.
1193 1359 1266 1425 280.

166 1464 336 1528 VALCK.

209 1580 283 1650 205.
299 1567 419 1651 Φοίβῳ]
438 1567 554 1647 Φοίβου
569 1589 641 1653 pars
655 1566 807 1630 codicum.

210 1686 280 1751 207.
298 1668 465 1748 κατενάσθη
480 1668 652 1756 typothetae
667 1691 770 1732 errore
785 1669 900 1756 legitur
915 1691 973 1756 pro
988 1669 1183 1749 κατενόοθην.
1217 1670 1267 1733 ίνα

164 1770 362 1849 κατενάσθην,
377 1780 415 1835 ταί
429 1772 613 1836 habitarem.
648 1774 712 1835 Pro
726 1775 892 1852 Παρνασοῦ
905 1771 937 1834 in
954 1771 982 1834 F
984 1770 1040 1836 lor.
1056 1770 1157 1835 tribus
1169 1771 1266 1858 scrip·

165 1888 232 1938 tum
250 1879 449 1955 Παρνασσοῦ.

211 1977 283 2041 208.
308 1975 416 2041 Ἰόνιον
432 1980 506 2040 κατδ
519 1975 646 2057 πόντον]
670 1977 733 2038 Per
756 1973 882 2038 Ionium
898 1997 982 2038 mare
1001 1996 1064 2038 non
1083 1974 1209 2063 proprie
1224 1975 1266 2040 sic

164 2078 297 2158 dictum,
312 2079 366 2143 sed
382 2079 468 2165 quod
485 2078 606 2142 Ioniam
622 2076 761 2141 allueret.
800 2075 987 2162 AEsehylum
1003 2075 1061 2139 hac
1076 2092 1165 2163 parte
1179 2078 1267 2164 sequi

165 2195 305 2246 nostrum
330 2181 385 2267 qui
409 2180 538 2245 tradidit
557 2179 589 2242 in
609 2177 743 2252 scholiis,
766 2177 911 2265 AEschyli
930 2180 1090 2266 spectabat
1114 2182 1220 2246 Prom.
1236 2205 1268 2246 r.

166 2286 239 2371 839.
263 2285 434 2348 VALCK.

210 2407 283 2468 209.
305 2388 485 2468 περιρρότων
508 2387 646 2451 Σικελίας
667 2397 750 2447 recte
773 2382 977 2470 Musgravius
995 2383 1269 2470 interpretetur‚h

166 2492 309 2554 Σικελίαν
331 2496 473 2571 περιρρεῖ,
497 2488 588 2575 cujus
609 2484 845 2550 constructionis
870 2485 1013 2573 exempla
1034 2487 1163 2553 adducit
1186 2491 1269 2556 δίκας

165 2591 321 2671 ἁφόβητος
343 2606 374 2653 et
396 2591 553 2671 ἄψαυστος
575 2589 682 2670 έγχους
703 2610 742 2650 ex
766 2586 920 2673 Sophocle
942 2588 1021 2654 (Ed.
1045 2591 1088 2653 Τ.
1105 2590 1178 2674 885.
1194 2592 1268 2674 969.

166 2691 291 2755 Eodem
316 2690 410 2755 modo
425 2690 577 2755 intellexit
600 2688 755 2753 Horatius
775 2690 881 2753 Carni.
895 2711 927 2770 4.
944 2712 975 2771 4.
991 2710 1044 2776 43.
1062 2693 1269 2778 Ceuflamma

159 2815 223 2880 per
245 2795 355 2869 rades,
371 2794 421 2856 vel
436 2813 548 2856 eunus
571 2813 634 2856 een
659 2813 795 2856 sicutns
818 2811 1009 2860 eculrnvrr
1030 2815 1155 2859 nunus.
1199 2795 1268 2859 Eu-

165 2894 302 2959 stathius
325 2918 454 2982 quoque
478 2896 645 2978 ἀκόρπιστα
671 2898 759 2960 πεδία
782 2895 1006 2984 interpretatur
1027 2899 1082 2978 τὴν
1107 2898 1269 2963 θάλασσαν

165 3021 197 3085 p.
212 3017 306 3083 1003,
319 3001 371 3062 60.
396 2999 499 3062 POR.

210 3120 282 3166 211.
299 3103 451 3185 Ζεφύρου]
478 3099 663 3187 Zephyrum
679 3115 839 3181 memorat,
854 3101 929 3186 quia
942 3101 1039 3167 flabat
1053 3102 1093 3167 ab
1107 3102 1272 3168 occidente·

163 3218 260 3291 atque
274 3204 353 3268 adeo
367 3227 387 3268 a
401 3203 477 3266 mari
494 3201 611 3279 Siculo,
626 3202 713 3288 quod
733 3226 819 3267 mare
834 3221 961 3268 ventum
981 3204 1066 3267 hunc
1079 3202 1177 3267 veluti
1190 3227 1266 3291 pro·

164 3290 268 3394 prium
285 3305 428 3371 sortitum
443 3305 558 3370 dicitur
572 3305 603 3368 in
618 3305 762 3392 Dionysii
778 3305 935 3392 Periegesi
950 3329 980 3370 v.
994 3325 1069 3387 400.
1095 3306 1267 3372 VALCK.

209 3428 282 3491 214.
297 3411 409 3475 πόλεος
426 3408 640 3494 Musgravius.
674 3410 791 3476 πόλεως
804 3407 886 3472 libri.

209 3529 281 3594 217.
298 3511 508 3595 Ἀγηνοριδᾶν]
528 3509 618 3574 Libri
634 3510 724 3576 multi
738 3510 951 3594 Ἀγηνοριδῶν.

209 3633 281 3681 220.
297 3617 352 3678 ἴσα
366 3612 525 3677 Matthiae.
548 3613 603 3676 ἶσα
617 3613 698 3676 libri.

207 3718 447 3801 χρυσοτεύκτοις]
465 3717 709 3799 χρυσεοτεύκτοις
724 3718 761 3779 Β.
777 3714 901 3802 aliique.

210 3840 281 3884 221.
297 3823 430 3902 γενόμαν
445 3842 517 3906 pars
531 3818 685 3883 codicum.
723 3817 789 3882 Alii
803 3841 875 3882 cum
890 3819 967 3884 Ald.
984 3822 1141 3903 έγενόμανι

209 3943 281 4008 223.
300 3922 447 4007 ἐπιμένει]
465 3921 615 4003 περιμένει
631 3921 717 3985 Flos.
733 3920 808 3986 duo.

208 4027 294 4114 ἐμὰς]
312 4027 384 4104 έμῖις
400 4025 439 4087 Β.
464 4024 558 4103 Quod
573 4023 717 4088 librarius
730 4024 836 4110 posuit
850 4024 905 4112 qui
920 4024 1093 4112 genitivum
1109 4027 1150 4090 ab
1164 4028 1266 4093 verbis

160 4128 324 4210 παρθένιον
338 4126 449 4209 χλιδόν
464 4126 599 4212 pendere
613 4125 813 4221 opinaretur3

207 4250 281 4309 224.
297 4228 459 4309 παρθένιον
473 4228 582 4311 χλιδόν
596 4243 701 4291 autem
717 4229 871 4315 appositio
885 4243 942 4306 est,
954 4252 1049 4315 quam
1063 4243 1185 4306 vocant,
1197 4252 1266 4315 per-

161 4333 264 4399 tinens
289 4331 329 4395 ed
350 4336 454 4396 δεῦσαι
476 4333 577 4411 κόμας,
601 4353 658 4416 pro
684 4330 711 4404 δ,
735 4353 777 4393 sc.
803 4331 838 4393 τὸ
860 4335 963 4395 δεῦσαι
986 4334 1085 4411 κόμας,
1109 4331 1266 4412 παρθένιος

162 4437 254 4522 χλιδό
268 4439 360 4502 ἐστιν.
401 4434 474 4499 Vid.
492 4436 635 4499 Grarnm.
652 4434 710 4497 Gr.
727 4434 756 4515 ξ.
772 4451 847 4518 431.
885 4432 936 4497 Sic
955 4433 1037 4498 iufra
1050 4435 1126 4519 348.
1140 4437 1265 4516 λουτρόν

689 4555 750 4615 Ηκ
