2864 4914
205 281 270 347 154
569 283 948 348 ANNOTATIONES

202 451 271 540 -Ι
290 456 411 533 ὄμμα-
431 457 437 538 Ι
456 453 622 538 λόχευμ’-
641 454 648 540 Ι
667 456 832 539 όφελες-
850 453 856 542 Ι
876 455 1054 534 ἔκβσλσν-
1072 452 1078 539 Ι
1096 456 1213 534 μηδέ-
1231 451 1237 541 Ι
1255 454 1306 519 τί·

202 582 299 639 ρας-
317 556 323 644 Ι
342 556 521 639 Σφιγγὸς-
538 555 544 644 Ι
564 557 710 622 όποτε-
729 557 734 645 Ι
753 559 912 641 τείχεσι-
930 556 936 644 Ι
956 559 1029 625 ἔς·-
1047 555 1053 644 Ι
1073 559 1273 637 Καδμείοις-
1288 562 1294 642 Ι

202 660 415 738 δυσδαίμων-
433 657 439 745 Ι
458 661 660 728 Οίὸίποδος-
677 661 684 745 Ι
702 662 848 744 οὗγᾶρ-
868 660 873 748 Ι
892 659 997 725 οὖό-
1015 659 1021 748 Ι
1039 659 1198 740 μιόσμα-
1216 658 1223 748 Ι
1241 660 1307 738 ἡδὲ

202 798 246 810 -
264 760 270 850 Ι
290 763 439 829 ἔτεκες-
457 760 463 849 Ι
481 761 640 845 βάρβαρον
651 801 695 813 -
712 764 718 850 Ι
738 761 828 844 ἐδάην
843 761 987 844 ἐὸόην-
1005 762 1010 850 Ι
1029 766 1130 827 τᾶν-
1150 761 1156 849 Ι
1175 769 1306 844 φοινικο-

202 867 357 948 λόφοιο-
375 864 381 953 Ι
400 865 555 948 γένναν-
574 864 580 953 Ι
600 865 766 946 Θήβαις-
785 865 791 952 Ι
809 863 1017 948 Ἀρμονίας-
1034 863 1041 952 Ι
1060 864 1203 946 ἥλθσν-
1219 862 1227 951 Ι
1245 865 1304 928 τεί-

202 992 303 1051 χεα-
321 969 327 1055 Ι
346 972 440 1036 τᾶς-
457 967 465 1053 Ι
482 967 698 1032 ὕπο-ἀνέστα
713 966 792 1031 Ald.

247 1070 320 1155 785.
337 1070 455 1152 κατέχει
470 1071 576 1157 Mosq.
594 1091 686 1134 unus.
709 1068 820 1156 κατίχη
835 1067 911 1133 Ald.

246 1173 320 1257 787.
336 1173 403 1257 οὒκ]
422 1170 481 1236 οὐδ’
499 1171 657 1235 Heathius
671 1193 734 1235 non
748 1170 837 1235 male.

246 1276 437 1357 καλλιχόροις
451 1271 630 1356 στεφάνοισι
642 1271 843 1359 jungendum
857 1294 929 1336 cum
944 1275 1117 1357 βόστρυχον
1132 1273 1306 1354 ἀμπετάσας

201 1373 325 1463 explico
346 1396 477 1440 coronas
496 1374 623 1450 taam,
646 1376 769 1438 coronis
789 1383 885 1461 caput
908 1373 1085 1437 redimitus.
1110 1374 1302 1440 MATTH.

202 1477 334 1544 Rectius
347 1478 416 1541 haec
431 1476 655 1562 interpretatur
669 1475 876 1563 Musgmvius
891 1483 913 1514 “
925 1474 1105 1558 στεφάνοισι
1115 1491 1198 1540 recte
1211 1476 1305 1541 inter·

201 1597 345 1670 pretatur
361 1580 518 1645 Heathius
539 1604 577 1644 eo
599 1603 704 1658 sensu,
719 1603 784 1667 quo
798 1580 933 1644 Ovidius
950 1580 1044 1667 vulgi
1063 1601 1210 1643 corariam
1223 1579 1305 1645 dixit

202 1687 333 1750 Metam.
349 1705 399 1769 13,
416 1705 443 1748 1.
469 1685 639 1763 Homerus,
655 1683 768 1748 citatus
782 1683 874 1748 etiam
889 1683 930 1747 ab
946 1681 1098 1761 Heathio‚
1115 1681 1156 1746 Il.
1169 1703 1219 1764 14,
1230 1687 1304 1769 736.

373 1784 469 1866 πάντῃ
484 1790 542 1869 γὰρ
557 1789 594 1850 σὲ
608 1788 675 1869 περὶ
690 1786 841 1869 στέφανος
855 1785 998 1866 πολέμοιο
1014 1784 1110 1872 δίδῃε.

201 1890 268 1954 Ubi
284 1888 480 1954 scholiastes:
504 1891 696 1973 πανταχόθεν
710 1888 767 1972 γάρ
783 1914 820 1952 σε
834 1889 1109 1970 περιεκυκλόισαντσ
1124 1890 1153 1950 ol
1167 1889 1302 1969 πόλεμοι.

203 1990 281 2056 Loci
296 1991 393 2079 igitur
405 1991 556 2056 sententia
567 1991 635 2056 haec
646 2007 711 2056 ests
734 2012 789 2055 nec
800 1993 835 2054 in
842 1991 992 2078 pulchros
1002 1990 1110 2055 choros
1120 1990 1304 2054 ducentibus

199 2095 327 2158 circulis
337 2096 534 2181 juventutis,
557 2093 577 2159 i.
595 2119 621 2159 e.
640 2095 794 2181 juvenum
817 2107 849 2159 et
871 2092 1083 2180 puellarum.''
1127 2092 1178 2158 sic
1200 2095 1304 2159 nalal-

200 2203 291 2261 παιδα
306 2197 460 2281 στέφανον
473 2196 553 2261 dixit
568 2197 739 2285 Euripides
756 2199 852 2261 Herc.
868 2198 891 2260 f.
909 2197 981 2282 839.

244 2303 323 2382 ὥρας
337 2301 424 2364 Flor.
441 2314 503 2365 tres
517 2316 548 2365 et
563 2300 735 2365 scholiasta.
758 2301 846 2381 ὥραις
859 2297 940 2363 Ald.

246 2403 319 2486 788.
343 2408 434 2467 λοτοΰ
459 2403 611 2490 quosdam
637 2403 687 2466 hic
712 2401 860 2466 mendose
881 2400 984 2488 legere
1007 2415 1094 2464 notat
1116 2401 1303 2466 Eustathius

201 2532 231 2594 p.
248 2527 323 2592 344,
338 2507 389 2591 36.
405 2505 484 2570 bene
501 2529 574 2569 vero
589 2504 727 2569 Atticam
744 2504 876 2569 formam
898 2504 1008 2585 μέλπει
1030 2503 1174 2567 servavit.
1196 2505 1301 2567 POR.

199 2608 301 2695 μέλπῃ
316 2607 395 2672 Ald.

244 2715 318 2776 κατὰ
332 2712 500 2795 πνεύματα]
519 2711 746 2789 καταπνεύματα
761 2712 807 2773 Η.
823 2710 939 2797 aliique
953 2707 1095 2774 nonnulli
1110 2731 1181 2773 cum
1198 2708 1277 2773 Ald.

243 2815 398 2896 χοροποιοί
418 2836 457 2876 ex
478 2810 586 2899 paucis
601 2811 693 2876 codd.
709 2812 888 2899 repositum.
935 2813 1044 2898 Major
1065 2835 1137 2898 pars
1159 2812 1301 2876 codicum

199 2931 231 2981 et
247 2916 324 2980 Ald.
347 2915 518 2999 χοροποιὸς,
533 2914 620 3001 quod
634 2914 724 2978 alteri
740 2914 784 2978 illi
799 2915 892 2979 etiam
910 2914 984 2978 alibi
1004 2915 1162 2980 interdum
1185 2916 1302 2982 substi-

200 3034 329 3084 tuerunt
343 3017 476 3082 librarii:
502 3018 565 3083 vid.
580 3017 620 3082 ad
637 3017 763 3083 Hecub.
779 3020 853 3101 916.
869 3016 1035 3105 Aristoph.
1051 3020 1135 3084 Run.
1148 3040 1167 3106 3
1170 3040 1224 3105 53.

244 3123 317 3208 789.
342 3121 394 3185 Ob
409 3145 438 3187 v.
455 3138 519 3206 794
534 3144 579 3207 sq.
596 3120 750 3204 Ἀργείους
770 3123 950 3188 ἐπιπνεύσας
970 3127 1113 3202 Σπαρτῶν
1134 3122 1227 3206 γέννᾳ
1249 3145 1300 3185 ve-

200 3226 262 3290 rior
277 3225 401 3290 videtur
416 3223 593 3309 Musgravii
609 3223 833 3310 interpretatio,
849 3225 992 3311 Argivos
1009 3225 1146 3286 incitans
1166 3226 1201 3286 ia
1221 3224 1303 3287 le-

198 3328 260 3406 bes,
276 3327 377 3414 Asopi
392 3325 474 3405 filiae,
488 3326 630 3404 sobolem,
645 3348 739 3412 quarn
758 3324 905 3390 Valcken.
939 3326 1076 3412 Argivis
1091 3325 1188 3389 caedia
1202 3327 1302 3412 inspi-

199 3453 278 3494 rans
291 3451 438 3504 calorem,
454 3450 527 3513 quae
542 3427 634 3492 etiam
649 3451 705 3514 per
725 3451 756 3491 se
779 3427 874 3515 paulo
895 3428 1004 3491 durior
1025 3443 1082 3493 est.
1107 3429 1178 3509 οἶμα
1194 3428 1302 3508 Θήβας

199 3531 329 3608 dictum,
347 3546 381 3593 ut
397 3530 468 3609 αἴρα
484 3533 561 3593 θεῶν
576 3528 667 3592 Med.
683 3531 775 3610 1246.
792 3532 985 3595 MATTH.

242 3649 317 3719 791.
342 3631 401 3696 οὐδ’
417 3631 474 3694 ὑπὸ
493 3636 676 3713 θυρσομανεῖ
688 3630 760 3693 edd.
776 3646 808 3695 et
821 3632 914 3696 codd.
930 3655 1025 3719 quain
1041 3632 1202 3697 lectionem
1219 3649 1301 3698 recte

198 3735 354 3822 explicant
370 3732 494 3797 scholia.
533 3732 614 3809 Quia
629 3731 659 3794 in
677 3732 814 3796 secundo
828 3734 969 3797 membro
984 3737 1108 3802 δινεύεις
1123 3737 1299 3822 subjectum

197 3837 254 3901 sibi
270 3837 383 3901 habeat
401 3834 611 3899 accusativum
635 3840 746 3909 πῶλον,
767 3834 799 3898 in
823 3835 924 3922 priore
947 3849 1059 3901 neutra
1077 3838 1301 3924 significatione

198 3940 335 4028 positum
373 3937 423 4015 sit,
454 3938 580 4022 Musgr.
611 3935 776 4023 legendum
811 3952 914 4003 censet
945 3940 979 4002 οὐ
1008 3942 1088 4004 πόδα
1116 3946 1298 4022 θυρσομονῆ.

201 4043 389 4107 ΜΑΤΤΗ.

241 4144 309 4210 ἀλλ’
326 4167 386 4208 om.
404 4141 479 4207 Ald.
495 4157 525 4205 et
541 4164 613 4228 pars
627 4142 780 4209 codicum.

241 4268 314 4333 792.
338 4248 462 4331 ψαλίοις
483 4266 594 4307 novem
619 4244 781 4311 minimum
803 4246 924 4312 codices
946 4265 976 4313 et
992 4249 1111 4313 Thom.
1128 4251 1177 4313 M.
1193 4272 1217 4313 s.
1235 4248 1298 4331 ψό-

198 4362 274 4417 λιον.
297 4353 418 4434 ψαλίων
435 4345 496 4430 (vel
512 4347 670 4431 ψολλίων)
689 4349 777 4413 Β.Η.
792 4349 907 4437 aliique
921 4375 992 4417 cum
1009 4352 1086 4417 Ald.
1114 4351 1297 4417 Valckenae-

198 4454 262 4518 rius
276 4454 319 4518 ita
333 4453 436 4518 locum
451 4448 663 4537 interpunxit:
689 4451 810 4531 ἅρμασι,
823 4453 870 4516 καὶ
885 4457 1020 4536 ψαλίοις,
1037 4454 1249 4538 τετραβάμοσι,
1265 4482 1295 4535 μ.
