2864 4914
554 288 621 352 AD
645 285 872 351 MEDEAM.
1198 281 1261 346 261

163 458 255 521 Lasc.
282 459 356 521 Par.
373 458 505 520 A.B.D.
545 458 584 521 In
608 459 702 522 Rom.
729 459 772 521 A.
799 479 895 545 supra
918 454 1067 543 scriptum
1094 481 1143 539 γρ.
1165 455 1200 520 δέ
1222 480 1261 519 τι.

162 560 257 625 Rom.
274 562 311 625 C.
327 565 441 642 παῦρον
455 561 530 626 δέτι
545 560 641 644 γένος.
680 561 806 626 Deinde
820 583 938 639 ornnes,
956 575 992 626 ut
1008 559 1143 639 videtur,
1158 574 1215 624 aut
1230 561 1264 625 ἔν

161 669 290 729 πολλαῖς
311 678 365 726 aut
390 666 568 743 ἴμπολλαῖς.
615 663 701 728 Illud
725 664 841 728 habent
860 666 956 728 Rom.
979 665 1065 728 ΑΒ.
1090 663 1181 728 Lasc.
1204 662 1264 728 hoc

162 765 257 828 Rom.
275 767 313 830 C.
354 767 392 830 In
409 766 487 830 Ald.
506 769 540 831 ἐν
554 775 730 832 πολλαῖσιν.
768 766 928 845 Ριεὶοἴιὶιιτ,
943 773 1058 849 παῦρον
1074 768 1106 831 δὲ
1120 765 1209 849 γένος
1231 768 1265 830 ἓν

161 875 326 933 πολλαῖσιν
345 867 350 956 Ι
370 871 466 950 εὕροις
486 869 523 934 ἂν
537 873 609 938 ἴσως
627 869 632 957 Ι
651 870 704 934 οὐκ
719 868 893 952 άπάμονσον
906 868 940 933 τὸ
956 874 1113 952 γυναικῶν.
1151 870 1265 937 Porro

163 991 233 1045 nus,
249 976 363 1052 παῦρον
379 975 435 1054 γὰρ
458 973 493 1051 δὴ
509 972 597 1055 γένος
618 974 651 1037 ἐν
664 980 794 1041 πολλαῖς
812 976 818 1061 Ι
838 976 931 1055 εὕροις
949 971 988 1038 ἂν
1006 976 1079 1040 ἴσως
1097 969 1103 1058 Ι
1122 972 1175 1036 οὐκ
1189 970 1263 1038 άπύ·

154 1098 276 1152 μονσον
291 1074 325 1136 πὸ
340 1079 499 1157 γυναικῶν.
543 1075 703 1163 Equidem
727 1075 857 1141 Reiskio
870 1075 1030 1149 assentior,
1048 1074 1264 1161 reponendum

162 1198 227 1239 esse
242 1179 286 1254 δὲ,
301 1194 430 1265 propter
444 1179 605 1267 superiora
620 1180 715 1243 verbs
728 1179 857 1244 πάσαισι
870 1182 927 1260 μὲν
941 1180 986 1243 οὕ.
1030 1178 1082 1242 Ita
1096 1176 1265 1265 Sophocles

163 1281 244 1343 Ant.
262 1300 278 1346 2
281 1303 300 1365 5
302 1301 333 1364 5.
349 1285 365 1345 ὁ
380 1285 437 1363 μὲν
453 1287 510 1366 γὰρ
525 1282 684 1366 ἠφάνιστο,
700 1283 850 1367 τυμβήρης
870 1285 924 1364 μὲν
940 1284 985 1348 οὕ·
1008 1281 1012 1369 Ι
1030 1281 1126 1360 λεπτὴ
1141 1280 1175 1356 δ’,
1192 1281 1266 1364 dyas

163 1386 329 1467 φεύγοντος
343 1388 393 1463 ὣς,
409 1389 483 1467 ἐπῆν
498 1384 587 1454 κόνις.
614 1386 698 1451 Phil.
714 1403 791 1472 545.
808 1388 928 1468 ἐπείπερ
944 1385 1120 1468 άντέκνρσα,
1136 1385 1265 1464 δοξάζων

161 1492 218 1570 μὲν
236 1491 281 1553 οὔ·
303 1488 307 1576 Ι
326 1491 400 1573 τύχη
420 1490 453 1554 δέ
472 1517 534 1558 πως
555 1493 596 1557 είς
613 1490 722 1555 ταυτὸν
742 1490 892 1571 ὁρμισθεὶς
911 1486 1015 1553 πέδον.
1047 1487 1101 1553 ΕΙ.
1122 1504 1197 1573 905.
1216 1488 1265 1552 καῖ

162 1592 250 1675 χερσί
264 1590 461 1671 βαστάσασα,
474 1595 618 1676 δνσφημῶ
631 1596 688 1674 μὲν
702 1594 747 1658 οὕ·
768 1592 774 1680 Ι
792 1597 872 1677 χαρᾷ
887 1594 919 1657 δὲ
930 1590 1075 1672 πίμπλημ’
1087 1592 1172 1659 εὐθὺς
1185 1593 1266 1673 ὄμμα

163 1696 304 1776 δακρύων.
341 1695 425 1760 Ibid.
454 1702 545 1781 1036.
566 1695 703 1778 Ἀτιμίας
720 1698 776 1777 μεν
799 1694 844 1774 οὓ,
863 1696 1043 1777 προμηθείας
1064 1692 1097 1758 δέ
1118 1720 1185 1760 σον.
1231 1694 1265 1760 Si

163 1796 260 1861 oodex
277 1796 443 1881 ἀρχέτνπος
459 1799 554 1887 hujus
567 1798 685 1864 fabulae
704 1813 889 1886 superesset,
904 1821 965 1862 uon
986 1798 1012 1862 is
1025 1796 1153 1884 quidem
1169 1820 1264 1885 quem

163 1899 365 1964 histrionibus
380 1901 579 1966 ediscendum
597 1901 685 1966 dedit
700 1917 802 1988 poeta,
818 1901 872 1966 sed
888 1902 914 1967 is
928 1901 984 1988 qui
1004 1900 1093 1967 annis
1106 1899 1266 1987 octingen-

163 2002 203 2066 tis
217 2016 273 2067 aut
290 2004 455 2089 nongentis
477 2019 547 2091 post
564 2004 724 2069 Christum
749 2020 858 2070 natum
881 2004 913 2068 in
935 2002 1067 2090 alicujus
1089 2002 1266 2069 monasterii

163 2106 280 2193 angulo
294 2122 436 2191 repertus
450 2125 507 2185 est,
524 2130 633 2195 parum
649 2107 762 2172 dubito
776 2108 853 2195 quin
873 2108 904 2171 in
919 2130 957 2171 eo
971 2106 1136 2192 legeretur,
1150 2112 1266 2188 παῦρον

164 2210 196 2273 δὲ
210 2206 300 2292 γένος
315 2211 348 2273 ἐν
363 2217 502 2279 πολλαῖς.
538 2212 641 2288 Quam
656 2209 841 2297 scripturam
858 2208 910 2274 alii
924 2207 1014 2274 aliter
1027 2209 1145 2295 majore
1159 2208 1265 2274 studio

162 2333 257 2397 quam
285 2335 428 2376 successu
448 2312 616 2377 emendare
633 2312 735 2377 conati
758 2330 842 2377 suut.
880 2311 966 2390 Quid
988 2310 1111 2376 multa?
1135 2311 1265 2398 Scripsit

164 2413 344 2501 Euripides,
360 2421 474 2496 παῦρον
495 2418 528 2480 δὲ
541 2415 630 2498 γένος
650 2418 736 2500 (μίαν
752 2417 786 2480 ἐν
799 2420 929 2482 πολλοῖς
947 2412 952 2501 Ι
972 2415 1067 2496 εὕροις
1080 2414 1118 2479 dv
1132 2415 1219 2497 ἴσως)
1239 2413 1246 2502 Ι

163 2517 216 2580 οὐκ
230 2516 403 2599 ἀπόμοναον
417 2520 451 2583 τὸ
466 2523 622 2601 γνναικιῖν.
665 2520 749 2583 Μίαν
764 2516 962 2582 inserendum
978 2530 1063 2604 patet
1079 2539 1118 2581 ex
1137 2517 1263 2585 Heracl.

163 2621 238 2703 328.
258 2622 312 2684 ἕνα
330 2625 389 2703 γάρ
413 2623 447 2685 ἓν
467 2629 594 2690 πολλοῖς
611 2625 683 2690 ἴσως
701 2621 707 2710 Ι
727 2624 821 2703 εὕροις
836 2622 886 2699 ὃν,
910 2623 992 2689 ὅστις
1013 2623 1080 2686 tart
1097 2623 1138 2703 μὴ
1155 2624 1265 2706 χείρων

163 2720 283 2803 πατρός.
328 2724 380 2786 Ex
397 2723 569 2788 sciroliastae
584 2724 697 2803 verbis,
712 2724 747 2788 ού
762 2723 883 2802 πάσαις,
900 2722 967 2788 ἀλλ’
982 2725 1113 2806 ὀλίγως,
1128 2727 1171 2790 ὧν
1188 2726 1265 2791 οὕσα

163 2825 217 2904 μία
232 2826 279 2888 καὶ
294 2826 365 2905 αὕτη
380 2824 529 2910 τυγχάνω,
543 2849 614 2891 eum
638 2828 710 2907 μίαν
729 2826 761 2890 in
782 2825 952 2914 exemplari
975 2849 1032 2891 suo
1048 2825 1192 2891 habuisse
1205 2826 1264 2893 erit

163 2925 293 2990 fortasse
307 2926 362 3012 qui
378 2928 564 3014 suspicetur.
588 2930 703 2993 ELM.
748 2928 916 2993 Verissime
937 2927 1014 2992 mihi
1033 2950 1117 2993 nune
1139 2928 1264 2996 videtur

163 3029 339 3094 emendatio
354 3030 494 3094 Elrnsleii
511 3031 566 3118 qui
582 3047 664 3096 recte
678 3030 897 3096 animadvertit
909 3030 1030 3117 antiqui
1041 3030 1156 3096 codicis
1169 3032 1264 3119 scrip-

164 3145 266 3195 turam
287 3131 383 3195 fuisse
404 3136 518 3214 παῦρον
541 3136 573 3197 δὲ
593 3131 681 3217 γένος
701 3136 735 3198 ἐν
757 3139 903 3199 πολλοῖςτ
927 3132 976 3197 cui
997 3130 1044 3210 δή,
1066 3131 1265 3197 usitatissime

163 3234 388 3298 correctoribus
403 3235 537 3299 metricis
554 3234 718 3323 particula,
734 3235 842 3300 addita
856 3249 903 3299 est
917 3235 957 3299 ab
972 3234 1107 3312 librario,
1122 3233 1263 3300 iambum

163 3360 222 3425 pro
247 3355 406 3425 anapaesto
432 3339 616 3405 admittente
642 3343 681 3405 de
707 3363 793 3404 more
821 3339 1025 3405 recentiorum
1051 3341 1262 3418 metricorum,

163 3463 257 3526 quem
274 3440 362 3529 tetigi
377 3442 417 3506 ad
434 3443 532 3530 Soph.
547 3445 660 3531 Antig.
682 3460 752 3530 155.
768 3467 801 3531 p.
822 3462 893 3528 191.
929 3443 1022 3508 Cous.
1038 3442 1077 3507 ad
1094 3442 1202 3531 Iphig.
1218 3444 1262 3509 A.

164 3546 236 3629 603.

211 3664 304 3732 1094.
323 3650 380 3728 μὲν
401 3650 568 3714 Porsonus.
590 3649 671 3730 μέντ’
692 3649 772 3715 libri.
799 3648 856 3731 μέν
876 3648 903 3733 γ’
927 3648 1092 3714 Reiskius:
1114 3672 1180 3736 quo
1200 3672 1264 3716 non

162 3773 253 3837 opus.
292 3753 342 3816 Sic
365 3752 397 3817 iu
424 3753 559 3841 Hippol.
586 3756 657 3818 188.
673 3754 707 3817 τὸ
731 3751 788 3834 μέν
814 3755 898 3821 ἐστιν
919 3756 1037 3819 ἁπλοῦν
1059 3752 1180 3820 dictum
1205 3777 1265 3842 pro

164 3853 279 3919 usitato
292 3855 327 3919 τὸ
342 3858 398 3935 μὲν
413 3855 471 3938 γάρ
487 3859 569 3920 ἐστιν
584 3859 709 3921 ἁπλοῦν.

206 3958 420 4041 ἆτειροσύναν]
444 3958 648 4023 scribendum
666 3960 866 4041 ἀπειροσύνην
881 3982 920 4025 ex
936 3962 1032 4025 Rom.
1049 3961 1129 4039 ΒΕ,
1144 3958 1176 4024 iu
1192 3958 1264 4046 qui·

163 4057 223 4123 bus
238 4082 334 4145 supra
349 4060 500 4146 scriptum
517 4087 564 4124 αν.

211 4165 301 4246 1098.
318 4162 396 4247 οῖσι]
413 4164 492 4227 οἶσιν
507 4165 604 4227 Rom.
622 4165 661 4228 C.
676 4178 707 4226 et
724 4164 816 4227 Lasc.

210 4285 304 4349 1099.
323 4263 487 4351 βλάστημ’]
511 4264 654 4346 βλάστιμ’
677 4266 771 4329 Rom.
797 4266 837 4339 B,
853 4286 915 4328 non
938 4265 984 4342 A,
1007 4263 1078 4328 licet
1099 4264 1130 4328 in
1152 4289 1190 4330 eo
1206 4264 1264 4329 ad-

164 4368 314 4456 scriptum
335 4368 376 4434 sit
397 4372 433 4434 τὰ
452 4368 607 4451 βλάστιμα
631 4367 665 4433 δι’
683 4371 766 4433 inira.
789 4369 838 4432 καὶ
855 4368 940 4432 ἔστιν
962 4367 980 4445 ἡ
1003 4366 1104 4432 εὐθεῖα
1127 4367 1163 4432 τὸ
1183 4366 1264 4448 βλά·

163 4496 281 4552 στιμον.
