2864 4914
525 305 593 370 AD
616 306 952 372 HIPPOLYTUM.
1226 307 1290 374 275

190 471 260 536 ἀλλ’
270 474 348 553 ὅμως
358 477 524 541 ἀπόλλυται
533 483 573 542 Φ.
582 475 699 564 quibus
710 479 848 544 εὔκλειαν
858 476 1004 543 Phaedrae
1014 499 1075 540 non
1088 477 1212 542 obstare
1223 476 1293 563 ejus

189 574 296 654 exitio,
320 600 423 663 neque
444 577 503 643 hoc
525 602 631 644 arcere
651 603 741 667 posse
763 579 965 668 significatur.
1010 578 1115 667 Atqui
1137 581 1231 645 καλόν
1245 593 1292 644 eat

188 676 257 763 ipsa
278 677 331 743 illa
349 682 478 746 εὔκλεια.
522 681 630 747 Etiam
645 683 699 747 illa
712 683 794 748 inter
808 707 840 748 se
854 695 1071 771 opponuntur,
1086 683 1121 747 τὸ
1135 686 1194 765 γὰρ
1208 680 1290 762 τῆσδ’

188 780 225 844 οῦ
246 807 329 863 προτ.
355 787 449 848 καλόν
470 797 502 848 et
522 808 551 849 v.
566 801 622 870 50.
643 785 713 850 ὥστ’
730 788 795 866 ἐμοὶ
817 793 913 854 καλῶς
929 786 1011 870 ἔχειν
1028 790 1079 868 (ut
1093 801 1140 851 est
1154 786 1185 848 in
1198 786 1289 850 Lasc.

189 884 285 969 vulgo
309 882 387 950 ὥστε
411 891 487 969 μοι),
513 888 603 974 quasi
625 888 719 967 dicat,
743 890 890 954 Phaedrae
910 890 1100 954 commodum
1123 910 1188 953 meo
1209 911 1290 953 com·

189 988 278 1052 τνιοόο
292 1010 356 1052 τινα
366 1012 563 1077 proepoaam.
582 993 773 1057 MATTH.
820 990 1027 1057 scribendum
1045 993 1147 1057 καλόν.

233 1111 285 1177 49.
303 1091 353 1177 τὸ]
370 1097 423 1157 τοῦ
437 1093 525 1160 Flor.
541 1109 613 1173 tres,
630 1097 677 1173 H,
693 1095 770 1160 Ald.

232 1213 283 1278 53.
310 1197 409 1259 τόπων
431 1196 560 1262 codices.
584 1199 681 1278 δόμων
696 1197 773 1263 Ald.
789 1198 905 1286 inepte,
922 1220 1022 1285 quum
1046 1219 1138 1262 scena
1159 1197 1199 1262 sit
1219 1211 1292 1263 ante

196 1296 314 1362 Pitthei
330 1297 456 1384 regiam.

231 1415 285 1485 55.
310 1403 383 1465 θεὰν
397 1400 518 1465 codices
536 1401 686 1489 plerique.
710 1405 781 1468 θεὸν
797 1403 875 1468 Ald.
921 1402 988 1468 Ubi
1011 1423 1123 1467 nomen
1147 1400 1216 1466 deae
1237 1400 1293 1468 ad-

187 1502 346 1590 jungitur,
363 1507 429 1583 θεδ,
444 1526 506 1569 non
523 1504 599 1579 θεὸς,
615 1504 675 1569 dici
692 1506 789 1571 solet:
814 1505 900 1594 quod
916 1505 1035 1570 monuit
1052 1502 1216 1569 Monlius.

231 1606 283 1691 58.
308 1607 457 1673 ἀείδοντες
472 1606 548 1670 Ald.
566 1606 688 1691 ᾅδοντες
702 1607 824 1673 codices
843 1621 875 1673 et
890 1609 981 1672 Lasc.
1027 1605 1121 1685 Quod
1145 1606 1293 1693 recipien-

190 1707 267 1772 dum
280 1722 357 1774 erat.

234 1813 286 1876 60.
304 1810 446 1894 Ἀρτεμιν
468 1813 588 1878 codices
610 1826 641 1877 et
663 1815 753 1879 Lasc.
767 1814 910 1897 Ἀρτεμιν
928 1813 1072 1896 Ἀρτεμιν
1086 1812 1166 1877 Ald.
1188 1812 1293 1901 priore

186 1913 329 1997 Ἀρτεμιν
343 1915 374 1979 in
390 1917 452 1980 fine
467 1940 574 1981 versus
589 1918 793 2004 praecedentis
808 1916 918 2005 posito.

234 2021 287 2082 61.
311 2021 513 2099 Θεροπόντον
531 2042 663 2106 persona
684 2020 814 2107 praefixa
835 2020 868 2083 in
884 2021 957 2083 Par.
973 2021 1019 2082 A.
1066 2016 1158 2082 Libri
1181 2015 1293 2104 reliqui

190 2120 258 2185 haec
279 2120 375 2185 choro
394 2120 550 2186 tribuunt.
594 2124 655 2186 Est
676 2122 735 2187 hoc
750 2122 986 2206 παροχορήγημα
1000 2119 1099 2185 simile
1113 2118 1157 2184 illi
1173 2119 1213 2184 de
1227 2143 1294 2207 quo

189 2221 256 2287 dixi
270 2222 311 2286 ad
327 2221 491 2310 Aristoph.
508 2226 592 2289 Ran.
610 2244 682 2309 209.

235 2328 276 2391 In
299 2327 367 2392 cod.
392 2328 491 2393 Paris.
507 2343 542 2393 ut
560 2328 601 2393 ad
616 2352 645 2395 v.
663 2344 713 2411 70.
734 2329 891 2394 omittitur
914 2326 1083 2416 Hippolyti
1106 2349 1229 2401 nomen,
1250 2325 1293 2391 sic

190 2429 231 2494 ad
247 2453 276 2493 v.
293 2430 345 2494 61.
361 2453 422 2494 non
437 2435 538 2512 Χοροῦ
551 2431 603 2496 sed
621 2446 703 2496 reete
718 2453 787 2497 meo
804 2431 926 2518 judicio
940 2431 1103 2518 legebatur
1117 2428 1293 2516 adscriptus

190 2531 284 2597 index
308 2536 519 2615 Θερατόντον.
565 2535 654 2612 Quos
675 2535 706 2598 in
730 2534 873 2599 venando
894 2533 1022 2600 comites
1044 2532 1191 2610 habebat,
1210 2530 1293 2618 Hip-

189 2635 317 2724 polytus
330 2635 501 2722 alloquitur
520 2639 646 2701 Senecae
667 2636 815 2702 dramatis
832 2637 931 2703 initio.
977 2637 1043 2701 Hic
1057 2635 1112 2723 qui
1128 2635 1257 2700 domum
1273 2658 1292 2698 a

191 2737 352 2802 venatione
369 2760 441 2801 cum
459 2737 639 2826 Hippolyto
660 2739 803 2804 redibant
824 2740 884 2804 ista
903 2754 1054 2819 sanasse,
1070 2761 1132 2803 nou
1148 2737 1291 2817 chorum,

191 2855 309 2906 veteres
321 2839 415 2904 etiam
432 2839 536 2905 videre
559 2841 742 2920 scholiastae,
756 2864 891 2927 quorum
913 2841 1003 2920 alter,
1018 2844 1110 2906 ἄλλοι
1130 2839 1209 2908 τινές
1232 2843 1293 2905 εἰσι

190 2946 271 3024 παρὰ
295 2941 349 3005 τὸν
370 2945 480 3023 Χορόν·
514 2945 531 3006 ὁ
557 2946 615 3026 γὰρ
637 2943 734 3025 Χορός
756 2946 789 3007 ἔκ
810 2946 989 3025 Τροιζηνίων
1011 2950 1167 3026 ῃνναικῶν·
1201 2942 1291 3021 alter,

190 3047 296 3128 ἕτερον,
306 3045 419 3132 inquit,
432 3047 491 3110 εἰσὶ
504 3051 558 3110 τοῦ
572 3051 682 3128 Χοροῦ,
699 3045 831 3127 καθάπερ
846 3047 881 3110 ἐν
895 3048 930 3134 τῇ
945 3045 1130 3130 Ἀλεξάνδρᾳ
1144 3045 1290 3126 ποιμένες.

189 3147 252 3211 illic
274 3147 381 3234 itaque
402 3148 531 3212 fuerunt
552 3147 644 3212 etiam
667 3170 686 3210 a
707 3147 803 3211 choro
823 3145 937 3210 diversi
952 3147 1111 3223 Pastorea,
1126 3143 1213 3230 quod
1228 3161 1291 3207 no'n

189 3249 407 3315 animadvertit
431 3250 613 3313 Heatlriua:
649 3248 761 3312 horum
784 3247 816 3311 in
842 3245 979 3334 reliquiis
1001 3246 1092 3310 etiam
1117 3247 1292 3332 Euripidis

189 3352 364 3419 Alexandri
390 3352 556 3415 Ennianis
581 3352 618 3415 fit
646 3349 763 3413 mentio
788 3372 820 3437 p.
847 3366 920 3434 232,
950 3349 1151 3435 Quapropter
1175 3349 1291 3412 Parim

184 3466 331 3544 pastores
352 3477 438 3518 uuna
452 3453 672 3518 Alexarulrum
694 3460 816 3516 vocant.
860 3449 946 3529 Quid
961 3473 1000 3514 ex
1015 3448 1190 3537 Euripidis
1205 3472 1292 3514 more

189 3557 343 3624 scribendi
368 3554 559 3645 praecesserit
581 3553 734 3618 aestimare
757 3552 829 3618 lieet
849 3554 893 3618 ex‘
914 3552 1024 3617 Ovidii
1047 3553 1127 3617 Her.
1149 3552 1213 3639 Ep.
1237 3556 1289 3631 16,

189 3678 265 3746 357,
279 3661 355 3745 358.
364 3660 535 3723 -Cum
556 3656 616 3722 hoc
633 3655 754 3720 cantico
767 3654 984 3720 suavissimum
1000 3652 1097 3719 melos
1111 3654 1292 3741 Agathouis

188 3780 220 3828 et
235 3761 309 3827 huic
323 3760 490 3827 accinentis
503 3759 588 3826 chori
608 3758 780 3845 eomparari
794 3758 909 3846 poterit
924 3757 957 3822 in
972 3755 1138 3844 Aristoph.
1156 3754 1286 3821 Theam

189 3886 220 3928 v.
234 3883 304 3929 120.
321 3865 491 3929 VALCK.
537 3865 588 3929 De
608 3863 704 3928 choro
718 3859 898 3950 Agathunis
912 3859 1031 3925 fallitur
1046 3857 1285 3926 Valckenarius:

191 3965 262 4031 vide
276 3990 349 4053 quae
364 3967 404 4032 ad
420 3966 522 4032 locum
538 3965 625 4030 illum
642 3962 708 4029 dixi
724 3987 754 4052 p
771 3981 845 4049 709.
1283 3990 1287 4005 ·

234 4071 285 4154 63.
303 4070 401 4136 Ζανὸς
414 4069 553 4133 codices
581 4068 677 4147 Ζηνὸς
692 4065 770 4130 Ald.

234 4173 285 4251 64.
302 4168 379 4234 Ald.
395 4169 483 4253 χαιρέ
493 4194 554 4249 μοι
570 4197 594 4232 ω
572 4167 692 4249 κόρα,
708 4165 803 4248 Χοῑρέ
818 4192 868 4246 μοι
883 4135 998 4235 Λατοῦς
1009 4165 1132 4249 Αρτεμι
1145 4195 1192 4232 και
1182 4171 1287 4245 Διός

189 4273 290 4338 tribus
306 4272 454 4336 versibus.
478 4271 625 4335 Alterum
639 4268 728 4352 χαῖρέ
741 4294 792 4350 μοι
806 4268 956 4333 omittunt
969 4271 1060 4334 Lasc.
1075 4272 1146 4335 Par.
1157 4270 1195 4335 B.
1201 4272 1287 4334 DE

190 4391 252 4440 tres
267 4376 368 4440 Florr.
387 4376 493 4438 Havn.
519 4374 598 4437 Par.¹
607 4373 650 4438 A.
666 4380 765 4458 χαῖρε,
780 4370 869 4456 χαῖρέ
889 4398 951 4452 μοι,
970 4371 993 4436 ὦ
1016 4374 1089 4514 κόρα
1103 4375 1218 4438 Λατοῦς
1240 4373 1288 4436 καὶ

192 4482 275 4557 Διός,
288 4478 420 4562 Ἀρτεμι.
438 4477 627 4542 ΜΑΤΤΗ.
1282 4518 1286 4525 ·

707 4599 727 4641 Τ
745 4597 763 4643 2
