2864 4914
189 258 255 329 ³92
550 258 930 326 ANNOTATIONES

189 431 348 495 διιοόαασο
366 431 420 496 τδν
435 432 660 513 ὁρμοτόκηνπον
674 433 999 512 ὅτοβον--ἱππιιεῶν
1018 425 1042 490 τ’
1059 425 1218 509 ἀγρύπνου
1238 444 1297 498 πη-

189 535 302 598 δαλέιιν
325 537 374 598 διδ
396 537 494 614 στόμα
518 540 713 616 πυριγενετᾶν
739 539 873 617 χαλινῶν
900 528 1057 618 (quamvis
1081 530 1207 592 ἱππικῶν
1230 536 1295 587 eto.

188 635 281 699 etiam
304 659 343 700 ex
367 639 479 716 ὄτοβον
495 636 631 723 pendere
651 637 810 724 possunt),
825 636 880 701 ubi
903 632 1044 698 Brunclt.
1059 631 1135 696 citat
1148 631 1289 693 Ansere
1362 674 1372 695 .

188 752 292 802 ontem
308 742 427 820 λυρικῆς
441 741 530 803 drove
543 741 669 820 μούσης,
685 739 925 822 φιλοπαίγρονός
946 761 979 801 τε
1001 734 1120 818 Βόκχου
1135 729 1296 813 &sporad-

189 864 240 908 ονς
253 842 407 909 ἐναύλους.
433 842 626 906 ΜΑΤΤΗ.

233 943 287 1025 89.
302 943 502 1027 μεταστείχω]
520 944 705 1027 καταστείχις
721 944 794 1008 Par.
813 942 853 1005 B.

233 1064 284 1129 94.
301 1044 417 1130 ξένους]
437 1045 643 1111 Scribendum
659 1046 748 1126 ξένας
761 1067 834 1109 cum
850 1041 1000 1107 Elmsleio
1013 1040 1053 1105 ad
1070 1037 1199 1104 Heracl.
1216 1051 1294 1121 245.

232 1149 289 1231 οὐχ
305 1149 359 1213 ένα
372 1150 485 1232 ῥυθμὸν
501 1152 574 1215 Par.
591 1151 631 1213 Β.
647 1148 734 1213 Flor.
753 1169 781 1213 1.
799 1167 830 1215 2.
851 1148 887 1236 οὐ
900 1146 1013 1229 ῥυθμὸν
1027 1146 1082 1209 ἕνα
1098 1145 1170 1208 Par.
1186 1142 1233 1204 A.
1257 1139 1298 1202 οδ

187 1252 300 1332 ῥυθμόν
313 1249 341 1334 γ’
358 1252 412 1316 ένα
428 1251 504 1315 Ald.

231 1369 286 1437 97.
304 1353 405 1432 κουραὶ
418 1351 468 1437 δὲ]
486 1354 589 1433 κουραί
601 1376 634 1416 τε
650 1350 877 1416 Marklandus:
902 1372 967 1437 quo
982 1371 1044 1413 non
1059 1369 1149 1434 opus.

235 1458 306 1520 106.
322 1455 441 1539 τούτου]
458 1456 569 1519 τούτων
585 1453 671 1518 Flor.
690 1475 717 1519 1.
736 1474 766 1518 2.
781 1471 814 1518 et
828 1456 903 1518 Par.
920 1475 1012 1517 unus.

234 1579 304 1623 110.
327 1558 381 1622 τδν
396 1558 505 1640 κατήρη
519 1556 700 1642 χλανιδίοις]
723 1560 807 1622 Veste
821 1556 912 1621 virili
925 1557 1126 1620 instructum.
1173 1552 1226 1615 Ita
1241 1550 1293 1614 in-

188 1660 295 1746 telligo
310 1661 429 1742 κατήρη,
446 1660 509 1724 sive
526 1659 596 1724 sita
612 1663 687 1724 κατὰ
697 1676 729 1724 et
743 1661 816 1742 δραι,
827 1669 912 1747 apto,
926 1659 989 1723 sive
1000 1681 1019 1722 a
1031 1661 1105 1722 κατδ
1114 1669 1145 1720 et
1160 1654 1292 1737 ἐρέσσω,

187 1766 320 1851 remigo.
365 1762 525 1827 Heatbius
539 1761 578 1826 od
595 1761 709 1848 Eurip.
728 1761 846 1826 Electr.
860 1762 937 1844 498.
953 1784 971 1824 a
990 1759 1056 1825 sola
1070 1755 1294 1847 praepositione

188 1869 263 1929 κατὰ
276 1864 406 1929 deducit
422 1864 556 1946 κοτήρης,
573 1880 605 1929 et
619 1865 756 1947 δμφήρης
771 1866 811 1929 ab
827 1866 913 1946 ἀμφὶ,
930 1864 1034 1947 εὐήρης
1046 1862 1088 1927 ab
1103 1862 1149 1939 εδ,
1163 1857 1295 1940 δντήρης

188 1966 229 2033 ab
244 1968 319 2040 ἀντὶ,
336 1967 435 2048 διήρης
448 1989 468 2030 a
482 1966 539 2031 διό.
578 1969 728 2031 Ceterum
751 1990 873 2032 necesse
894 1982 962 2031 erat
985 1983 1021 2030 ut
1036 1965 1181 2029 Theseus
1202 1982 1294 2025 men-

188 2069 302 2134 tionem
326 2069 442 2133 saceret
463 2071 628 2152 χλονιδίον
645 2075 733 2158 (quse
755 2088 822 2136 erat
841 2073 935 2135 vestis
956 2069 1107 2145 virorum,
1124 2065 1240 2131 Pollux
1256 2084 1292 2146 7,

186 2174 241 2254 46.
258 2172 310 2252 48.
333 2195 373 2237 ex
394 2195 459 2258 qua
481 2172 705 2258 significatione
726 2173 842 2261 pendet
865 2189 930 2238 tota
947 2171 1005 2236 loci
1025 2174 1148 2254 mens);
1171 2168 1295 2253 alioqui

188 2274 269 2339 enim
296 2273 456 2339 Adrastus
480 2297 541 2338 non
566 2275 767 2340 intellexisset
792 2300 824 2340 se
848 2275 1040 2364 appellatum
1070 2273 1182 2338 fuisse:
1216 2293 1292 2336 nam

189 2376 315 2441 Thesea
328 2376 434 2441 videre
457 2400 518 2441 non
542 2378 655 2463 potuit,
673 2394 782 2465 utpote
804 2379 913 2443 faciem
930 2395 1025 2455 veste,
1041 2401 1095 2442 seu
1117 2374 1165 2441 his
1183 2382 1294 2458 χλανι-

189 2482 270 2552 δίοις,
286 2479 441 2543 obtectam
465 2479 601 2555 habeam
626 2480 712 2567 quod
730 2481 837 2545 oriris
858 2482 890 2545 in
911 2484 999 2547 luctu
1019 2480 1086 2545 fieri
1109 2478 1237 2556 solebat,
1253 2491 1293 2541 ut

189 2582 291 2645 Orest.
306 2599 359 2661 42.
374 2595 406 2644 et
421 2581 554 2645 Homer.
571 2584 686 2670 Odyss.
703 2589 744 2661 Θ,
760 2585 811 2668 85.
850 2585 1002 2648 Foeminae
1024 2582 1150 2650 πέπλοις
1171 2580 1235 2645 suis
1256 2579 1292 2643 in

188 2683 268 2748 bauo
294 2705 359 2746 rem
389 2683 569 2761 utebantur,
598 2686 724 2749 Hecub.
747 2705 822 2771 432.
845 2689 949 2751 Orest.
973 2706 1046 2768 274.
1069 2685 1145 2772 quin
1168 2698 1199 2747 et
1218 2684 1292 2762 viri,

187 2785 444 2874 quandoquidem
462 2803 562 2852 vestes
576 2810 682 2852 eorum
699 2811 934 2876 nonnumquam
957 2791 1069 2854 πέπλοι
1085 2789 1213 2854 abusive
1234 2811 1294 2875 ap-

189 2888 396 2976 pellabantur.
420 2890 572 2954 MARK.

235 3010 307 3056 112.
321 2992 414 3072 πέρας
428 2995 487 3074 γὰρ
500 2992 587 3057 οὐδὲν
600 2994 640 3072 μὴ
655 2997 704 3057 διδ
717 2995 861 3076 γλόσσης
876 2996 936 3079 ἰόν]
957 2994 996 3058 Id
1012 3010 1058 3059 est
1072 2995 1113 3074 μὴ
1127 2998 1175 3059 διδ
1189 2997 1293 3076 γλώσ-

190 3120 244 3173 σης
260 3096 356 3162 ἰόντος
371 3099 435 3158 σοῦ.
459 3117 517 3180 pro
531 3117 596 3180 quo
611 3097 658 3159 ἰόν
672 3094 753 3160 dixit
768 3095 807 3159 ad
823 3097 914 3178 πέρας
933 3100 1074 3161 relatum.
1121 3099 1193 3161 Non
1210 3096 1295 3161 male

190 3213 293 3261 tamen
310 3195 520 3262 Marklandus
535 3201 732 3283 περᾷς-ἰόν,
749 3199 804 3262 uisi
821 3200 908 3284 quod
929 3207 1067 3281 neptensis
1089 3200 1194 3286 potius
1215 3200 1291 3264 scri-

191 3301 264 3364 bere
278 3300 423 3365 debebat.

238 3405 307 3464 116.
327 3403 403 3465 Post
417 3404 560 3482 ὀλεθρίαν
574 3417 727 3487 punctum
744 3417 889 3488 ponatur.

238 3521 306 3585 127.
321 3506 540 3584 ὑμῖν-κόμποι
554 3503 683 3567 codices.
708 3506 926 3586 ἡμῖν-κόμπει
941 3505 1019 3569 Ald.

237 3626 307 3690 130.
324 3604 352 3667 σ’
368 3628 429 3669 om.
447 3606 534 3670 Flor.
554 3627 582 3669 1.
601 3627 629 3670 2.

239 3728 305 3792 131.
336 3709 439 3792 ὄχους]
474 3710 622 3794 Ineptum
647 3729 694 3773 est
719 3732 830 3774 currus
858 3711 975 3775 drrcum
1006 3714 1112 3798 potius
1138 3712 1291 3776 nominari

190 3832 285 3896 quarn
302 3809 435 3873 militum
451 3811 564 3897 copias.
612 3812 814 3876 Scribendum
838 3818 951 3897 λόχους
973 3837 1044 3878 cum
1066 3814 1216 3879 Piersono
1232 3817 1294 3879 Ve-

190 3912 239 3976 ris.
268 3934 297 3998 p.
316 3914 367 3994 76.
390 3913 475 3999 quod
499 3916 588 3999 ὄχους
610 3914 799 4000 seripserunt
821 3915 938 3980 librarii
959 3917 1054 3980 verbo
1074 3919 1212 3982 ἐλαύνειν
1235 3917 1291 3981 de-

191 4016 282 4103 cepti.
308 4019 383 4080 ἑπτὰ
396 4022 547 4080 δεσποτῶν
562 4020 651 4100 λόχοι
666 4016 746 4080 iufra
762 4040 789 4080 v.
807 4020 879 4104 636.
896 4034 927 4083 et
943 4020 1056 4083 Pboen.
1075 4040 1166 4084 1110.
1182 4022 1295 4103 λόχους

192 4123 310 4200 ἔνειμεν
325 4117 409 4181 ἑπτά.

238 4225 306 4308 136.
322 4223 425 4305 Τυδῆι]
453 4220 584 4285 Codices
605 4227 704 4287 Τυδεῖ.
737 4228 830 4288 Τυδεῖ
850 4249 883 4287 τε
906 4224 983 4288 Ald.
1000 4224 1088 4310 quod
1110 4223 1293 4288 correctoris

191 4325 301 4391 Aldini
316 4324 477 4389 inventum
493 4338 549 4388 est.
576 4324 713 4389 Restitui
728 4331 828 4405 Τυδῆι.
851 4327 904 4391 Sic
918 4327 1090 4409 Ἡρακλῆος
1101 4328 1132 4391 in
1149 4327 1292 4392 trimetro

190 4429 270 4493 dixit
285 4428 412 4492 Heraol.
427 4447 505 4512 541.
