2864 4914
162 293 227 356 354
523 290 905 357 ANNOTATIONES

207 465 278 543 146.
301 465 364 544 εἰδῇ
380 463 594 551 Musgravius.
632 463 722 528 Libri
737 466 794 552 ἴλῃ.
817 464 887 550 εὕρῃ
908 463 1112 526 Hermannus
1124 457 1166 524 ad
1183 456 1266 547 lplr.

160 564 361 754 Ἤιῗιῖῗλοσο.
384 669 489 732 Domo
510 667 672 755 egrediens
695 667 866 733 Hermione
888 665 936 742 iis,
957 688 1031 752 quae
1051 663 1137 728 intus
1157 685 1267 727 rema·

160 786 246 848 nent,
262 770 328 834 haec
343 770 445 836 dicere
463 771 598 851 videtur,
614 794 713 858 quum
734 769 807 847 illae,
823 770 853 833 in
870 768 920 833 his
934 767 1056 844 nutrix,
1069 788 1137 832 enm
1153 763 1264 830 deter-

159 894 227 936 rere
248 888 368 938 conatae
391 888 503 952 essent,
527 897 566 937 ne
587 872 831 937 Andromachen
856 886 918 936 tam
942 871 1075 958 superbe
1098 881 1264 947 tractaret,

159 975 217 1039 hac
233 974 366 1039 maxime
382 976 499 1040 ratione
511 1000 588 1052 usae,
604 977 689 1062 quod
713 974 886 1062 periculum
901 988 993 1051 esset,
1008 994 1047 1037 ne
1062 971 1209 1037 maritum
1226 983 1263 1035 et

160 1076 290 1142 Pelenm
307 1078 488 1143 offenderet.
534 1078 739 1165 Musgravins
753 1095 784 1142 et
800 1075 939 1142 Brunck.
952 1076 1146 1140 Hermionen
1160 1073 1264 1139 choro

159 1181 347 1268 respondere
361 1182 590 1260 existimabant,
606 1199 638 1246 et
652 1182 726 1268 quia
739 1182 770 1246 in
782 1181 869 1247 chori
885 1181 987 1245 verbis
997 1179 1073 1244 nihil
1089 1192 1180 1254 esset,
1190 1199 1263 1263 qno

159 1283 227 1348 haec
250 1285 438 1349 Hermiones
454 1286 549 1350 verba
569 1285 769 1373 pertinerent,
785 1284 975 1349 intercidisse
989 1282 1134 1370 quiedam
1157 1279 1264 1367 suspi-

158 1386 321 1451 cabantur.
344 1388 536 1453 MATTH.
574 1387 739 1453 verissima
754 1387 830 1451 mihi
845 1386 969 1451 videtur
989 1383 1168 1473 Mnsgravii
1189 1405 1264 1448 sen-

160 1505 267 1554 tentia.

207 1594 277 1673 148.
300 1594 447 1682 στολμόν]
471 1598 583 1659 στόλον
606 1597 678 1659 Par.
702 1595 786 1659 B.D.
809 1595 837 1657 F
840 1593 896 1657 lor.
912 1596 957 1657 A.
974 1611 1003 1657 2.
1022 1612 1072 1656 10.
1091 1610 1140 1675 15.
1165 1591 1264 1655 Lasc.

162 1694 223 1760 Sed
240 1695 431 1782 Hesychius,
447 1697 581 1777 οτολμὸν
594 1698 724 1780 χρωτόςτ
748 1696 914 1776 πολισμὸν
929 1697 1074 1776 σώματος.

202 1798 304 1885 τόνδε]
320 1804 413 1862 τῶνδε
429 1800 500 1863 Par.
517 1801 561 1862 A.
580 1801 680 1863 Taum
697 1800 763 1863 Gu.
781 1797 859 1862 Ald.

208 1919 279 1983 154.
301 1900 393 1964 τοῖσδ’
417 1903 647 1986 ἀνταμείβομαι]
671 1900 792 1966 τοιοῖσδ’
815 1902 976 1982 ἀμείβομαι
997 1900 1073 1965 Ald.
1097 1901 1125 1963 F
1127 1898 1184 1964 lor.
1210 1920 1262 1965 10.

162 2003 227 2067 Gu.
251 2004 351 2066 Taur.
385 2002 505 2068 τοιοῖσδ’
531 2006 748 2086 ἀνταμείβομαι
772 2006 844 2067 Par.
869 2007 913 2067 A.
940 2004 1009 2088 [Β.]
1036 2002 1119 2067 Flor.
1143 2005 1186 2067 A.
1213 2023 1262 2087 15.

162 2106 269 2171 Havn.
289 2105 382 2171 τοῖσδ’
394 2108 611 2188 ἆνταμείβομαι
623 2109 713 2170 Parr.
723 2129 808 2170 omn.
823 2108 908 2170 Flor.
920 2125 951 2171 2.
963 2108 1055 2171 Lasc.
1066 2107 1262 2172 MATTH.

208 2229 278 2294 159.
292 2207 482 2297 Ἠτειρῶτις]
499 2209 648 2273 Asiatica.
671 2207 788 2272 AElinn.
805 2209 847 2272 N.
864 2211 905 2271 A.
926 2227 975 2294 15,
994 2229 1042 2272 11.
1075 2215 1206 2292 χρῶνται
1229 2212 1264 2274 δὲ

162 2311 261 2379 αι’ντοῖς
286 2314 317 2379 ἐς
340 2315 378 2376 τὰ
401 2313 489 2391 ὅμοια
514 2316 618 2385 ἁλιεῖς,
645 2314 713 2376 ὅσοι
737 2315 811 2375 κατὰ
836 2312 903 2378 τοὺς
927 2311 1114 2394 Ἠπειρώτας
1138 2321 1261 2395 φαρμα-

162 2416 290 2492 amovet,
305 2416 429 2495 πονηροὶ
444 2417 492 2479 καὶ
507 2415 586 2479 οὗτοι
600 2417 743 2497 σοφισταὶ
758 2421 863 2479 κακῶν.
888 2415 1095 2479 PFLUGK.

209 2519 278 2601 163.
294 2515 330 2595 ἢν
345 2516 369 2581 δ’
386 2519 439 2581 οὖν
453 2522 530 2581 θεῶν
544 2519 588 2584 τίς
601 2515 641 2590 σ’,
657 2515 675 2596 ἢ
688 2524 806 2598 βροτῶν
821 2523 919 2580 σῶσαι
934 2516 1008 2604 θέλῃ
1024 2515 1099 2581 Ald.
1116 2517 1202 2582 Flor.
1216 2522 1262 2583 A.

164 2618 233 2706 (qui
257 2619 374 2700 σώζειν)
398 2621 498 2681 Taur.
523 2620 588 2683 Gu.
614 2616 651 2697 ἣν
671 2618 694 2682 δ’
714 2621 767 2683 οῦν
788 2626 906 2700 βροτῶν
926 2621 970 2686 τίς
991 2618 1019 2681 σ’
1042 2618 1060 2699 ἢ
1080 2626 1157 2685 θεῶν
1175 2649 1206 2686 σ.
1231 2628 1262 2689 θ.

163 2723 251 2785 Parr.
268 2722 352 2784 AB.
369 2720 453 2783 Flor.
472 2739 499 2784 2.
519 2742 568 2784 10.
588 2739 635 2806 15.
654 2724 760 2785 Havn.
775 2724 867 2785 Lasc.
883 2721 940 2785 nisi
955 2721 1040 2808 quod
1064 2722 1094 2784 in
1120 2724 1194 2786 Par.
1212 2726 1262 2789 A.

162 2825 270 2887 Havn.
287 2838 317 2886 et
333 2823 424 2886 Lasc.
441 2823 527 2887 deest
545 2824 572 2886 σ’
589 2839 658 2911 post
680 2827 734 2891 τίς.
780 2826 852 2889 Νοο
877 2827 1011 2889 multum
1035 2825 1179 2900 interest;
1205 2829 1264 2892 sed

163 2943 265 2991 tamen
282 2925 401 2988 Aldina
416 2924 506 2990 lectio
527 2928 568 2990 ab
586 2952 624 2991 eo
643 2931 783 3014 profecta
797 2928 932 3005 videtur,
948 2929 1004 3014 qui
1026 2927 1101 2992 deos
1122 2931 1264 2994 mundo

162 3029 231 3094 loco
244 3030 476 3093 commemorari
492 3053 574 3117 aegre
588 3031 693 3095 ferret.
718 3032 907 3096 ΜΑΤΤΗ.

208 3135 277 3197 166.
294 3130 426 3217 σαίρειν]
449 3135 553 3208 σώζειν
568 3135 653 3197 Flor.
671 3136 714 3196 Α.
747 3135 859 3197 σώσειν
875 3133 960 3198 Flor.
980 3153 1027 3198 10.
1067 3135 1147 3211 Quae
1161 3135 1264 3223 serip-

163 3253 242 3300 turae
257 3235 419 3299 diversitas
433 3251 479 3299 est
493 3235 532 3298 ad
549 3242 645 3298 σῶσαι
661 3258 688 3296 ν.
704 3235 776 3320 163.
790 3235 955 3320 adscripta.

209 3342 281 3419 167.
296 3338 364 3422 χερὶ
379 3339 576 3424 σπείρονσαν]
593 3340 845 3418 περιστείρουσαν
860 3341 959 3401 Taur.
977 3340 1042 3402 Gn.
1059 3337 1134 3401 Ald.

204 3439 359 3526 Ἀχελῴου
395 3442 517 3525 δρόσον]
550 3439 720 3517 Achelous,
752 3440 881 3504 AEtoliae
910 3440 1037 3519 fluvius,
1067 3464 1125 3528 pro
1150 3444 1266 3528 quavis

162 3567 264 3630 aqua;
288 3543 374 3629 qnod
390 3542 555 3606 fluviorum
580 3541 675 3605 fuerit
689 3541 931 3628 antiquissimus.
971 3543 1041 3606 Vid.
1057 3567 1131 3630 qnae
1149 3568 1205 3608 nos
1219 3548 1263 3611 ad

164 3647 279 3711 Bacch.
297 3670 324 3710 v.
340 3666 415 3730 519.
463 3647 545 3708 Item
563 3644 706 3708 Turneb.
720 3644 890 3709 Adversar.
906 3667 959 3730 30.
976 3670 1003 3710 c.
1019 3667 1072 3731 39.
1096 3649 1236 3715 BARN.

210 3751 280 3813 168.
312 3747 398 3834 τάδε]
431 3747 605 3811 Illustravit
634 3745 810 3810 Blomfield.
842 3748 871 3810 in
903 3749 1052 3835 glossario
1080 3750 1119 3814 ad
1149 3751 1265 3817 AEsch.

165 3855 252 3916 Pers.
272 3874 298 3917 1.
323 3853 514 3915 MATTH.

210 3959 278 4042 169.
295 3958 420 4042 χρυσὸς]
434 3959 553 4020 Amare
566 3955 808 4019 Andromachen
821 3955 935 4033 illudit,
948 3957 1139 4044 opulentiam
1153 3964 1267 4050 Trnjae

163 4060 267 4124 adhuc
282 4059 455 4146 superstitis
469 4080 721 4121 commemorans.
745 4058 797 4121 De
812 4081 847 4121 ea
863 4074 967 4122 noster
982 4060 1101 4123 Troad.
1117 4085 1149 4124 v,
1168 4083 1267 4132 1001.

164 4169 290 4246 Φρνγῶν
304 4165 395 4227 πόλιν
410 4166 511 4246 χρυσῷ
533 4160 672 4241 ῥέουσαν.
710 4160 798 4223 Paris
818 4160 951 4224 Helenae
972 4161 1003 4225 in
1028 4163 1170 4250 Epistola
1186 4168 1269 4232 Ovi.

163 4265 257 4330 diana
271 4290 301 4331 v.
318 4266 389 4350 185.

251 4371 280 4432 0
296 4367 418 4454 quoties
433 4365 527 4441 dices,
543 4387 637 4451 quam
654 4387 775 4452 pauper
789 4365 911 4428 Achaia
926 4383 1031 4431 nostra
1045 4372 1115 4431 est?

128 4461 130 4464 Α
253 4472 325 4534 Una
341 4470 454 4533 domus
468 4468 587 4554 quoevis
603 4467 689 4533 urbis
704 4467 829 4532 habebit
845 4491 927 4555 opes.
