2864 4914
168 290 232 354 168
531 291 909 355 ANNOTATIONES

211 462 466 547 κάνατρέψοντας]
490 463 736 546 κάνατρέψαντας
757 486 829 551 pars
850 463 1005 543 codicum,
1027 464 1107 528 inter
1123 488 1203 551 quos
1226 467 1267 544 B,

165 585 237 627 cum
253 562 332 627 Ald.
377 562 444 627 Alii
459 564 589 651 quidam
605 565 882 649 κδναστρέψαντας,
897 566 984 653 quod
999 566 1091 632 estin
1108 569 1154 632 H.

210 665 283 751 891.
299 665 358 732 οὔτ’
374 666 495 732 codices
508 667 611 733 multi.
633 666 692 732 οὐδ’
708 666 784 733 Ald.

210 768 282 855 897.
297 768 325 851 μ’
342 793 381 834 ex
396 769 518 857 aliquot
527 770 620 835 codd.
636 770 789 836 additum.

208 891 281 954 900.
297 872 392 957 θέλω]
410 872 508 937 θέλων
523 874 561 936 Β.
577 889 609 938 et
623 873 689 937 duo
702 873 765 937 alii.

207 991 283 1057 902.
298 973 327 1054 μ’
343 976 436 1059 ἄλλο]
452 980 554 1056 μᾶλλο
570 975 662 1041 Harl.
676 981 797 1058 μάλλον
813 979 857 1041 Η.
879 992 911 1041 et
932 999 985 1041 sex
1008 975 1060 1040 alii
1082 999 1153 1040 cum
1177 976 1266 1040 scho-

163 1075 264 1140 liaata.

207 1182 282 1262 906.
298 1181 367 1265 σου]
385 1207 442 1245 που
457 1181 543 1246 Flor.
559 1182 634 1247 duo.

169 1331 170 1334 ,
208 1303 283 1368 909.
298 1285 403 1348 τούτου
417 1283 508 1348 codd.
525 1283 626 1349 multi.
651 1289 737 1349 τοῦτο
752 1285 829 1350 Ald.

207 1401 280 1470 915.
297 1387 329 1449 τί
339 1384 418 1473 φήῃ
450 1387 523 1467 ἐμὸν
537 1386 615 1451 παῖδ’
632 1388 721 1452 ἕνεκα
734 1392 788 1470 γῆς
802 1387 917 1470 σφάξαι
931 1388 1050 1461 θέλεις;
1077 1386 1162 1449 varia
1175 1384 1266 1450 lectio

163 1486 251 1573 apud
266 1487 473 1553 scholiastam.

207 1592 280 1674 916.
295 1583 446 1677 Ineptum
461 1605 507 1656 est
520 1592 645 1676 πέφυκε.
676 1592 760 1671 Quid
777 1592 838 1656 dici
853 1591 998 1656 debuerit
1011 1592 1091 1655 bene
1106 1593 1264 1679 perspexit

165 1691 325 1770 Reislrius,
341 1692 396 1779 qui
412 1694 554 1777 πέφαγκα
568 1694 707 1782 conjecit.
753 1694 816 1759 Sed
831 1693 1029 1758 scribendum
1044 1694 1171 1776 πέφηνε.

207 1813 281 1877 920.
298 1793 392 1859 οὐκέτ’
409 1797 495 1863 αὐτὸς
509 1796 590 1860 libri.
636 1796 816 1862 Articulum
832 1796 955 1861 addidit
968 1795 1201 1860 Valckenarius.

206 1915 278 1981 921.
302 1897 527 1984 μαντευμάτων]
546 1898 757 1978 θεσπισμάτων
772 1901 816 1963 H.
833 1913 865 1963 et
887 1898 951 1962 duo
972 1898 1025 1963 alii
1043 1921 1114 1963 curn
1130 1897 1208 1963 Ald.
1224 1924 1263 1964 ex

164 2022 192 2062 ν.
210 2018 285 2084 903.

206 2120 279 2188 922.
304 2102 432 2188 ἁλήθει’]
452 2102 543 2167 Libri
557 2103 606 2167 vel
626 2103 750 2182 ἁλήθει’,
766 2103 852 2190 quod
870 2103 963 2168 estin
979 2105 1026 2184 H,
1042 2105 1091 2168 vel
1105 2105 1124 2185 ή
1139 2105 1262 2186 ἀλήθει’,

163 2216 200 2267 111
215 2203 304 2284 Ald,
321 2205 370 2269 vel
384 2207 402 2286 ή
418 2205 535 2285 ’λήθει’.

163 2335 165 2338 ’
206 2325 281 2392 923.
296 2313 398 2391 τριχὸς
412 2310 575 2389 γερασμίου
591 2308 679 2371 Flor.
694 2306 769 2371 duo.

206 2429 281 2495 924.
296 2410 500 2493 προσπίτνεις]
520 2409 722 2474 Scribebatur
736 2417 937 2492 προσπιτνεῖς.

206 2511 389 2595 δυσφύλακτ’
407 2515 484 2577 αἰτεῖ
505 2512 591 2598 κακά]
612 2514 711 2577 Hunc
730 2536 854 2577 versum
876 2526 1061 2601 corruptum
1079 2514 1262 2601 judicarunt

162 2613 220 2681 viri
243 2614 334 2679 docti.
381 2613 465 2678 Mihi
488 2614 564 2678 nihil
587 2615 773 2680 mutandum
794 2615 928 2681 videtur.
973 2617 1085 2679 Petere
1106 2640 1126 2679 a
1141 2617 1262 2680 Tiresia

161 2717 305 2782 voluerat
329 2719 444 2792 Creon,
468 2740 506 2781 ne
532 2718 661 2782 exitium
687 2717 739 2781 filii
762 2719 893 2805 abipso
915 2734 1066 2805 posceret,
1089 2718 1196 2804 itaque
1226 2734 1263 2783 ut

162 2820 260 2885 filium
278 2835 424 2884 servaret.
463 2822 568 2897 Quum
585 2843 659 2885 vero
673 2820 704 2884 in
719 2820 791 2885 fatis
805 2833 895 2899 esset,
912 2835 958 2898 ut,
976 2820 1033 2883 nisi
1049 2821 1186 2884 Haemon
1202 2820 1260 2884 im-

160 2922 340 3001 molaretur,
358 2923 433 2986 urba
454 2922 700 3002 exscinderetur,
719 2923 774 3010 qui
796 2922 874 2987 illud
897 2923 1023 3010 petebat
1039 2925 1153 3002 Creon,
1169 2924 1261 2989 simul

160 3023 222 3088 dici
244 3038 366 3111 poterat
388 3039 494 3110 petere
515 3024 560 3103 id,
576 3025 661 3112 quod
679 3026 745 3090 fato
759 3025 948 3089 destinatum
963 3042 1040 3102 erat,
1057 3026 1088 3090 id
1104 3041 1162 3105 est,
1178 3028 1261 3091 exci-

160 3127 249 3191 dium
274 3128 371 3193 urbis.
399 3130 591 3194 MATTH.
636 3128 815 3215 vulgatam,
840 3152 913 3215 quoe
939 3129 1056 3215 optime
1084 3129 1191 3207 habet,
1219 3130 1263 3194 sic

159 3245 265 3296 verto:
291 3234 375 3319 petis
396 3254 461 3296 rem
484 3235 557 3296 urbi
568 3235 778 3320 perniciosam
797 3231 864 3315 (filii
879 3231 1036 3316 salutern),
1049 3254 1144 3318 quam
1159 3241 1263 3297 tenere

161 3337 202 3417 (s.
217 3337 361 3418 servare)
377 3358 440 3399 non
452 3337 582 3421 poteria.
600 3336 776 3399 SCHAEF.

203 3455 277 3521 925.
302 3441 390 3502 πόλει
409 3441 441 3501 δὲ
463 3437 584 3501 codices
599 3435 751 3524 plerique,
766 3437 924 3526 adscripto
945 3445 1007 3505 τοῖς
1028 3441 1173 3506 πολίταις.
1221 3441 1260 3503 Iu

161 3536 238 3602 Ald.
255 3541 401 3606 πολίταις.

203 3640 302 3725 λέξῃς]
320 3642 418 3721 λέξεις
433 3643 471 3706 Β.
486 3641 601 3729 aliique
617 3641 767 3706 nonnulli.

203 3747 276 3826 926.
293 3743 497 3824 σιωπήσαιμεν
512 3746 550 3809 άν
563 3744 654 3808 codd.
671 3743 821 3831 plerique.
844 3744 1020 3824 σιωπήσαιμ’
1035 3747 1073 3810 dv
1088 3745 1163 3810 Ald.

203 3862 277 3929 927.
292 3849 492 3932 κατακτενεῖς]
511 3854 701 3915 κατακτανεῖς
715 3846 791 3913 Ald.
807 3861 837 3911 et
853 3869 924 3933 pars
937 3845 1090 3911 codicum.

202 3969 276 4034 931.
292 3949 452 4035 θαλάμαις]
471 3950 615 4031 θαλάμοις
630 3953 675 4014 Η.
691 3966 722 4015 et
736 3948 814 4013 Ald.

203 4072 276 4137 934„
294 4052 427 4138 Κάδμου]
445 4054 553 4139 Κάδμῳ
569 4052 798 4117 Valckenarius.
845 4051 906 4115 vix
926 4075 1014 4139 opus.
1041 4053 1160 4133 Κάδμου
1174 4061 1257 4135 μηνί-

158 4179 237 4235 ματα
261 4154 379 4219 dictum
405 4171 463 4234 est,
488 4169 525 4219 ut
551 4155 695 4238 νερτέρων
720 4154 876 4237 δωρήματα
901 4157 1004 4220 Orest.
1027 4176 1097 4242 123.
1128 4159 1261 4239 εὔγματα

159 4256 324 4325 Παλλάδος
339 4258 436 4344 Soph.
449 4258 559 4345 Antig.
576 4259 632 4322 118
634 4278 666 4343 5.
681 4257 723 4322 ab
738 4261 898 4338 δωρεῖσθαί
910 4283 938 4320 τι
953 4260 1019 4332 τινί,
1037 4261 1177 4342 εὔχεσθαι
1191 4261 1258 4323 τινί.

161 4359 267 4425 Simile
282 4374 330 4424 est
342 4359 424 4424 infra
440 4360 532 4445 1389.
547 4365 595 4425 διὰ
609 4363 709 4443 φίλων
723 4361 868 4441 ὀρρωδίαν
882 4360 922 4423 ab
936 4363 1076 4443 ὀρρωδεῖν
1091 4384 1115 4425 a.
1133 4361 1260 4427 δεδιέναι
