2864 4914
513 313 582 375 AD
605 309 859 377 ALCESTIN.
1172 311 1237 377 838

135 477 276 545 meminit
302 496 407 547 noster
429 482 460 546 in
488 483 628 570 Ιρ11.Α.
653 502 744 564 1ο42.
768 486 824 552 Τίς
843 482 888 565 ἄρ’
911 481 1051 563 ὑμέναιος
1074 485 1122 546 διὰ
1142 488 1240 547 λωτοῦ

136 582 310 659 Λῖβυο9-;
344 586 422 648 Tro.
446 588 521 670 548.
546 589 641 666 Λίβυς
667 613 700 652 τε
726 586 822 653 λωτός
848 587 974 650 ἐκτόπει.
1021 584 1136 648 Helen.
1168 602 1238 669 170.

137 683 263 767 ἐχουσαι
277 686 330 751 τὸν
345 688 444 756 Λίβυν
457 691 565 754 λωτόν.
591 692 687 754 Herc.
705 691 744 754 F.
762 689 835 773 685.
854 686 944 769 Παρά
963 712 996 752 τε
1017 686 1127 770 χέλυος
1150 690 1238 751 ἐπτα-

136 787 224 851 τόνου
245 793 375 868 μολπαν,
393 792 441 855 καὶ
463 793 562 871 Λίβυν
584 793 687 856 αὐλόν.
727 790 813 855 Citat
837 790 1005 854 Barnesius
1024 789 1238 877 Theophrast.

138 889 214 971 Περὶ
230 896 336 956 Φυτῶν
350 892 401 957 lib.
418 913 449 969 4.
467 897 501 959 ἐν
515 898 613 975 Λιβύη
636 898 667 959 δὲ
688 896 815 961 όλωτὸς
836 901 979 961 πλεῖστος
999 894 1239 960 καὶκάλλιστος.

139 993 285 1057 Ceterum
302 1002 417 1071 λακεῖν,
434 996 519 1083 quod
536 999 717 1084 frequenter
734 997 818 1084 apud
836 996 969 1082 tragicos
989 996 1105 1060 dicitur
1127 995 1167 1060 de
1188 1018 1239 1060 ca·

138 1094 283 1160 nentibus
298 1098 454 1178 vaticinia,
475 1123 558 1165 nunc
580 1101 734 1188 significat
755 1109 886 1164 cantare
907 1099 951 1162 ad
972 1100 1100 1163 tibiam:
1126 1098 1240 1162 Phoen.

140 1212 212 1281 799.
236 1205 332 1263 λωτοῦ
355 1205 429 1266 κατὰ
450 1204 603 1282 πνεύματα
623 1203 732 1284 μέλπει
754 1207 895 1275 Μοῦσαν,
915 1203 950 1264 ἐν
970 1198 988 1284 ᾇ
1009 1200 1129 1284 χάριτες
1150 1225 1240 1284 χορο-

138 1301 227 1364 ποιοί.
273 1301 387 1367 Videas
421 1305 647 1392 Spanhemiurn
677 1305 716 1370 ad
748 1303 872 1370 Gallim.
904 1304 951 1367 H.
982 1303 1014 1367 in
1043 1303 1139 1367 Dian.
1168 1321 1239 1388 243.

139 1403 289 1469 MONK.

182 1507 255 1589 348.
271 1527 345 1593 349.
363 1509 533 1573 Inventum
550 1508 641 1573 valde
654 1508 838 1573 absurdum.

182 1626 256 1694 353.
270 1613 393 1694 ψυχράν
406 1607 530 1696 τέρψιν]
555 1610 666 1697 Hujus
684 1609 849 1674 accusativi
872 1609 1021 1675 rationem
1040 1610 1170 1694 exposui
1191 1633 1242 1674 su-

140 1732 198 1796 pra
212 1710 251 1774 ad
269 1734 297 1774 v.
315 1729 345 1794 7.
385 1712 568 1778 Simillimus
589 1727 636 1777 est
658 1711 744 1776 locus
765 1711 897 1776 Helenae
919 1735 948 1777 v.
965 1726 1020 1798 35.
1043 1713 1091 1776 καὶ
1111 1717 1194 1777 δοκεῖ
1210 1711 1240 1791 μ’

141 1812 233 1895 ἔχειν,
247 1813 336 1891 κενὴν
350 1817 482 1894 δόκησιν,
498 1817 551 1881 οὐκ
567 1817 655 1900 έχων.
680 1816 832 1880 ΜΟΝΚ.

182 1935 257 2000 354.
275 1917 466 2003 Hesychius,
482 1920 667 2000 άπαντλοέηυ
681 1919 738 1982 dv:
761 1919 985 1998 ἐπικουφίσαιμι
1000 1918 1048 1981 άν.

181 2036 200 2103 3
203 2035 256 2102 57.
279 2016 430 2104 Ὀρφέως]
456 2020 543 2085 Huic
564 2042 733 2107 germanus
754 2036 801 2084 est
823 2021 909 2083 locus
932 2019 1004 2105 Iph.
1028 2021 1072 2084 A.
1091 2039 1186 2088 1221.
1205 2023 1244 2085 El

139 2121 197 2200 μέν
219 2120 273 2184 τὸν
293 2119 432 2203 Ὀρφέως
455 2121 549 2205 εἶχον,
570 2121 593 2186 ὦ
615 2123 718 2204 πάτερ,
741 2124 845 2204 λόγον,
870 2123 993 2186 Πείθειν
1014 2121 1153 2206 ἐπᾴδουσ’
1169 2122 1242 2188 ὥσθ’

142 2224 282 2303 ὁμαρτεῖν
296 2250 346 2303 μοι
360 2223 469 2305 πέτρας
485 2229 598 2304 Κηλεῖν
613 2250 646 2290 τε
668 2231 731 2291 τοῖς
750 2228 890 2307 λόγοισιν
907 2225 957 2291 οὓς
979 2226 1160 2305 ἐβουλόμην,
1174 2224 1244 2291 Ἐν.

142 2324 222 2389 ταῦθ’
250 2324 288 2390 ἂν
312 2326 416 2406 ἦλθον.
458 2326 611 2391 Conferas
629 2350 759 2414 quoque
783 2326 872 2391 Med.
898 2345 973 2411 543.
1003 2325 1080 2407 Μήτ’
1105 2325 1244 2409 Ὀρφέως

144 2428 269 2492 κάλλιον
283 2430 412 2509 ὑμνῆσαι
425 2429 528 2509 μέλος.
567 2429 700 2495 Videtur
715 2428 910 2518 proverbiale
927 2428 1024 2493 fuisse
1036 2427 1176 2511 Ὀρφέως
1189 2429 1242 2510 μέ-

142 2541 206 2599 λος.
245 2532 476 2597 Valckenaerius
499 2532 601 2597 Diatr.
626 2536 794 2621 p.261C.
817 2555 889 2598 cum
912 2532 971 2597 hoc
987 2532 1071 2598 dicto
1084 2549 1244 2622 comparat

144 2636 258 2723 Eurip.
281 2659 332 2723 ap.
358 2635 477 2699 Athen.
504 2656 552 2720 15.
575 2635 644 2699 init.
671 2637 705 2700 τὸ
732 2639 915 2719 Νεστόρειον
939 2637 1116 2718 εὔγλωσσον
1139 2636 1243 2717 μέλος.

145 2740 248 2803 MON
253 2740 295 2802 K.
1099 2767 1101 2770 ·

187 2863 206 2927 3
208 2845 260 2927 58.
278 2841 347 2906 ὥστ’
363 2841 381 2921 ἢ
397 2842 554 2907 Reiskius.
595 2843 777 2931 Legebatur·
792 2845 831 2910 ὡς
844 2842 908 2922 τόν.

187 2946 263 3030 365.
285 2944 410 3031 κέδροις]
428 2953 449 2984 “
461 2947 511 3009 De
525 2945 619 3010 cedro
634 2945 811 3011 scholiastes
833 2943 984 3010 Nicandri
1000 2947 1169 3025 Θηριακοῖς.
1201 2940 1243 3006 ‘H

146 3046 247 3128 κέδρος
267 3047 334 3113 τοὺς
357 3048 476 3129 νεκροὺς
495 3048 644 3128 &mitrave
664 3056 753 3123 ποιεῖ,
774 3048 809 3112 τὸ
831 3047 954 3129 νοτερὸν
968 3047 1017 3110 καὶ
1036 3045 1070 3110 τὸ
1088 3043 1246 3127 ’ῥευστικόν

146 3152 306 3229 ἐξωθοῦσα·
330 3150 401 3213 ὅθεν
417 3151 465 3214 καὶ
481 3155 604 3232 Νεκρῶν
620 3150 706 3228 Zella
721 3150 795 3214 ἔνιοι
810 3149 902 3228 αὐτὴν
920 3147 1079 3212 ἐκάλεσαν.
1122 3145 1246 3211 Plinius

147 3272 197 3334 24.
212 3277 280 3341 cap.
292 3274 325 3337 5.
343 3255 466 3318 Cedrua
480 3275 612 3340 magna,
623 3275 717 3340 quom
731 3252 914 3316 cedrelaten
930 3260 1051 3328 vocant,
1067 3250 1123 3314 dut
1134 3251 1246 3337 picem,

146 3379 215 3443 qua
228 3357 334 3420 cedrio
349 3365 488 3420 vocatur.
513 3357 677 3440 Defimcta
691 3376 822 3443 corpora
836 3356 1023 3441 incormptu
1039 3355 1116 3418 avia
1129 3363 1245 3432 οατυαι,

147 3461 289 3524 viventia
302 3459 478 3544 corrrumpit
486 3483 500 3534 ,·
523 3459 608 3520 miro
621 3459 810 3545 differentia,
825 3479 895 3522 οιιυι
911 3458 1012 3522 vitum
1030 3455 1160 3543 artferut
1180 3456 1247 3542 spi·

147 3559 477 3647 rantibsu,defimctia
495 3581 558 3644 μτο
573 3560 641 3623 vitu
656 3560 707 3623 sit.
754 3559 841 3624 Huic
862 3559 975 3625 cedrise
996 3557 1095 3624 inesse
1109 3559 1172 3622 vim
1196 3564 1246 3641 ξη-

147 3667 262 3747 ραίνειν
277 3664 324 3727 καὶ
338 3665 457 3743 όσηττο
472 3661 636 3744 φυλάττειν
650 3664 687 3725 τὰ
702 3665 850 3725 τεθνεῶτα
862 3664 960 3744 μόρια,
977 3661 1119 3728 Galenus
1141 3661 1248 3727 scribit

149 3766 167 3828 l.
185 3784 213 3847 7.
239 3765 346 3853 Simpl.
372 3764 492 3829 Medic.
509 3785 604 3850 quam
631 3761 828 3827 Dioscorides
850 3765 1034 3844 φνλακτικλν
1055 3769 1114 3828 τῶν
1137 3768 1248 3844 νεκρῶν

150 3867 294 3946 σωμάτων
310 3866 479 3954 appellavit
501 3865 553 3931 lib.
573 3887 600 3932 1.
616 3865 656 3931 de
678 3865 801 3932 cedro.”
846 3865 928 3929 Haec
942 3866 1182 3929 Kirelsmunnus
1196 3864 1248 3927 De

151 3971 236 4033 Fun.
255 3973 345 4033 Rom.
364 3991 393 4046 1,
410 3970 440 4033 8.
478 3966 695 4033 Conferendus
716 3966 808 4032 etiam
832 3982 938 4031 noster
956 3967 1032 4031 Tro.
1052 3986 1143 4048 1149.
1159 3963 1246 4029 Ἀλλ’

33 4090 37 4099 “
149 4073 215 4136 ἀντὶ
230 4071 342 4153 κέδρου,
354 4073 526 4152 περιβόλων
539 4096 572 4134 τε
585 4069 708 4148 λαΐνων,
718 4067 775 4134 Ἐν
787 4072 856 4157 τῇδε
871 4068 970 4152 θάψαι
980 4073 1081 4134 παῖδα.
1097 4069 1200 4132 MON
1204 4068 1247 4132 K.

192 4178 266 4260 367.
289 4176 439 4256 μηδὲγὰρ
463 4174 562 4238 θανόν
583 4197 655 4235 ποτε
681 4176 737 4235 σοῦ
760 4172 850 4255 χωρὶς
870 4174 933 4252 εἵην
954 4175 1005 4251 τῆς
1028 4170 1119 4252 μόνης
1142 4175 1249 4251 πιστῆς

151 4277 232 4363 ἐμοί]
257 4279 355 4341 Hunc
371 4277 473 4340 locum
491 4275 522 4339 in
539 4274 703 4338 ridiculum
720 4274 849 4339 detorsit
865 4275 1094 4362 Aristophanes
1108 4273 1247 4338 Acheru.

152 4382 224 4465 893.
241 4382 385 4462 μηδὲγὰρ
400 4380 499 4442 θανόν
513 4404 585 4443 ποτε
600 4383 656 4442 σοῦ
671 4379 761 4460 χωρὶς
776 4380 839 4456 εἵην
855 4375 1170 4455 ἐντετευτλανωμένης·
1194 4375 1249 4438 ubi

150 4483 190 4545 de
205 4481 342 4567 anguilla
356 4479 469 4566 agitur.
