2864 4914
315 266 382 329 AD
406 266 711 333 IPHIGENIAM
733 260 1064 331 AULIDENSEM.
1176 257 1240 332 471

140 431 264 519 signum
287 435 511 524 interrogandi,
530 437 583 503 sed
604 450 756 525 punctum
779 458 848 500 esse
870 434 1049 522 ponendum
1072 448 1154 498 recte
1175 455 1243 499 mo·

142 533 212 600 uuit
226 536 405 604 Elmsleius.

186 641 259 726 665.
282 642 363 724 ἥκεις
382 643 470 709 Flor.
490 663 519 707 1.
559 642 648 707 Libri
664 640 829 728 reliquisti
844 639 869 706 θ’
884 641 972 721 ἥκεις,
988 639 1075 727 quod
1097 662 1243 706 revocan-

143 740 232 809 dum.
255 747 283 808 θ’
298 745 428 812 fortasse
443 747 474 812 in
490 746 517 830 γ’
534 745 740 810 mutandum:
764 743 851 831 quod
864 765 925 807 non
941 741 1105 830 indignum
1117 740 1245 807 videtur

144 842 239 930 hujus
264 870 371 912 versus
396 849 557 936 scriptore.
603 849 686 912 Nam
713 870 743 912 v.
767 848 843 927 664.
867 848 941 932 665.
965 867 1027 909 uon
1053 842 1153 909 rideri
1177 866 1243 908 esse

144 943 307 1031 Euripidis
322 971 418 1035 supra
431 947 507 1012 dixi.

185 1049 258 1112 666.
273 1051 338 1133 μοι]
357 1051 421 1129 ἐμοὶ
436 1049 541 1136 potius
554 1049 657 1114 dicere
671 1048 817 1113 debebat.

186 1152 261 1232 667.
279 1150 318 1216 ἔτ’
335 1152 399 1216 ἔστι
414 1154 583 1216 Porsonus.
622 1150 805 1237 Legebatur
821 1151 912 1217 αὶτεῖς
925 1152 963 1215 τά.

187 1252 251 1335 σοὶ]
269 1253 307 1317 σὺ
323 1254 397 1317 Par.
414 1255 454 1317 B.

186 1355 259 1436 670.
282 1354 372 1434 ἦπού
386 1355 463 1420 Ald.
479 1378 517 1419 ex
533 1356 711 1442 conjectura
725 1352 914 1419 correctoris.
961 1353 1060 1418 Recte
1073 1352 1195 1417 codices
1209 1353 1244 1417 ori

143 1478 212 1532 που,
228 1455 347 1543 dequo
362 1480 391 1520 v.
407 1456 448 1521 ad
464 1455 577 1521 Helen.
598 1472 667 1542 135.

187 1558 263 1638 671.
288 1558 323 1623 ἔα
345 1558 383 1641 γέ
404 1557 428 1622 τ’
445 1559 522 1624 Ald.
538 1581 673 1646 quocum
695 1556 748 1622 vix
771 1555 944 1622 consentire
960 1555 1085 1621 credam
1107 1557 1181 1621 Par.
1198 1558 1241 1621 A.

142 1657 265 1744 dequo
284 1673 364 1725 tacet
386 1659 615 1726 Marklandus:
640 1683 712 1725 uam
734 1658 845 1747 reliqui
867 1657 989 1723 codices
1012 1659 1048 1724 ἔα
1068 1685 1114 1741 γε,
1131 1657 1245 1722 omisso

144 1759 198 1824 illo
212 1759 246 1839 r',
263 1761 348 1848 quod
369 1778 523 1828 corrector
537 1762 677 1828 Aldinus
699 1760 803 1827 hiatus
824 1760 953 1826 tollendi
975 1783 1083 1826 caussa
1096 1760 1245 1848 adjecisse

143 1862 280 1929 videtur.
326 1863 518 1930 Marklando
542 1864 760 1953 corrigendum
788 1864 954 1929 videbatur
979 1864 1015 1928 ἔα
1040 1864 1077 1928 τά
1095 1862 1135 1947 γ’,
1157 1852 1245 1951 quod

145 1965 181 2028 ἔα
195 1965 256 2030 τάδ’
272 1966 439 2031 dicendum
461 1966 557 2031 fuisse
578 1980 661 2031 recte
678 1981 783 2030 monet
798 1963 994 2030 Gaisfordus.
1027 1965 1120 2030 ἔασον
1136 1965 1243 2031 Blom·

144 2067 266 2133 fieldus.

141 2226 144 2232 .
189 2195 235 2235 τοι
249 2169 326 2255 τάδ’]
346 2169 550 2237 Scribendum
565 2169 655 2236 τοιάδ’
670 2193 741 2235 cum
758 2167 961 2239 Marklando.

190 2273 265 2356 674.
281 2275 366 2357 ἱροῖς]
387 2272 588 2338 Scribebatur
602 2275 698 2355 ἱεροῖς.

190 2373 266 2457 τόγ’
283 2376 358 2439 Par.
375 2376 413 2438 B.
448 2374 552 2462 Vulgo
566 2372 635 2439 τάδ’.

190 2478 263 2561 675.
285 2475 400 2557 ἑστήξει
422 2478 495 2540 Par.
511 2477 555 2541 A.
593 2475 698 2564 Vulgo
722 2477 841 2558 ἑστήξῃ.
887 2477 1094 2543 scribendum
1112 2479 1244 2560 ἐστ-ἥξεις

144 2600 218 2645 cum
233 2577 393 2643 Elmsleio.

189 2683 263 2748 682.
278 2680 363 2767 ἡμῖν]
380 2683 449 2764 ὑμῖν
463 2680 680 2769 Musgravius.
702 2682 811 2747 Recte.

189 2787 262 2868 694.
292 2784 503 2867 οννισχνονεῖ]
535 2782 713 2867 συνισχάνει
741 2781 819 2848 Ald.
861 2781 993 2848 Codices
1022 2787 1243 2869 συνονίτχετοι.

146 2886 293 2951 Correxit
306 2885 418 2951 doctus
433 2885 605 2950 Britannus
618 2884 650 2948 in
665 2885 837 2972 Quortrrly
848 2886 977 2950 Roriam
990 2886 1065 2951 fasc.
1077 2902 1110 2973 5.
1126 2910 1159 2976 p.
1169 2907 1244 2975 393.

146 2990 380 3072 συνισχναίνειν,
396 2987 450 3052 sed
472 3010 564 3052 sensu
586 2985 715 3074 proprio
729 2985 860 3065 dictum,
872 3009 912 3051 ex
935 2986 1131 3076 Hippocrate
1147 3012 1245 3056 anuo·

147 3104 256 3154 tarunt
271 3088 490 3177 lexicographi.

191 3196 266 3279 697.
283 3190 393 3275 ἐγένετ’
408 3191 538 3256 uodioett.
563 3190 688 3273 ἐμείνατ’
704 3189 782 3256 Ald.

190 3296 263 3378 698.
281 3295 378 3374 ἔζευξε
393 3296 437 3361 τίς
453 3291 648 3380 Lentingius.
688 3292 889 3358 scribebatur
904 3295 1001 3374 ἔζευξέ
1014 3322 1070 3364 τις.

190 3396 265 3481 699.
281 3393 431 3480 Οἰνώνης]
449 3392 634 3458 Scholiastes
647 3393 679 3457 in
697 3396 794 3459 Hom.
810 3392 851 3459 Il.
863 3399 898 3473 Β,
907 3396 983 3478 562.
999 3398 1136 3478 Αἴγιναν,
1153 3398 1246 3474 νῆσον

146 3496 204 3580 πρὸ
216 3501 266 3577 τῆς
279 3495 421 3576 Ἀττικῆς.
446 3498 582 3560 ἐκαλεῖτο
597 3498 630 3559 δὲ
644 3497 789 3578 πρότερον
800 3498 929 3577 Οάνάνη·
944 3499 1115 3580 ὕστερονδὲ
1127 3500 1244 3579 Αἴγινα.

148 3600 294 3665 MUSG.
333 3598 405 3664 Vid.
422 3597 570 3663 Mueller.
586 3597 730 3685 AEginet.
744 3622 777 3685 p.
792 3617 840 3664 ιο.

191 3718 266 3787 700.
282 3705 320 3766 τὰ
334 3699 515 3765 Elmsleius.
554 3699 737 3786 Legebatur
751 3705 813 3766 τοῦ.

190 3822 263 3886 702.
279 3804 361 3887 θεοῦ]
380 3791 461 3870 τίνος
475 3800 656 3866 Elmsleius.

189 3925 263 3990 704.
277 3903 308 3990 ἢ]
328 3907 428 3969 Recte
442 3904 461 3984 ἦ
477 3902 634 3975 Matthia.

191 4021 263 4093 705.
287 4008 404 4085 Πηλίου
420 4008 585 4071 Canterus.
623 4005 713 4070 Libri
732 4006 782 4071 vel
805 4009 938 4086 Πηλεῖου
959 4008 1020 4088 rel,
1035 4009 1120 4096 quod
1144 4025 1191 4075 est
1211 4011 1244 4076 iu

147 4109 235 4176 Flor.
255 4130 284 4173 1.
301 4127 332 4187 2,
348 4110 489 4174 Πελεῖου.

191 4213 263 4294 706.
280 4210 403 4297 ᾠκίσθαι
418 4212 587 4276 Portunus.
625 4210 715 4276 Libri
729 4214 883 4277 οἰκεῖσθαι.

192 4333 264 4398 709.
279 4312 367 4393 μάθοι
383 4312 598 4399 Musgravius.
620 4311 699 4401 μάθῃ
712 4312 794 4379 libri.

190 4415 226 4482 ἵν’
250 4416 305 4499 ἤθη
326 4416 366 4497 μὴ
387 4415 465 4496 μάθρ
489 4421 585 4487 κακῶν
607 4416 738 4501 βροτῶν]
767 4418 976 4506 Euripideum
1000 4417 1099 4506 magis
1122 4419 1245 4487 videtur
1286 4506 1288 4511 A

647 4539 672 4583 ιι
687 4517 745 4598 h4
