2864 4914
174 283 249 354 '262
546 293 924 361 ANNOTATIONES

232 463 322 548 1256.
345 466 780 552 μοι-κτανούσῃ-ίίγονσαν]
809 466 931 532 Eodem
957 463 1052 529 modo
1072 462 1158 549 apud
1183 458 1283 548 Soph.

186 562 238 629 El.
254 565 328 649 958.
344 561 363 652 ᾗ
378 564 505 647 πάρεστι
518 569 575 646 μὲν
590 568 717 646 στένειν,
734 571 874 634 Πλούτου
888 567 1025 654 πατρῴου
1043 570 1147 646 κτῆσιν
1162 567 1289 646 {orepa-

184 664 269 753 μένῃ,
287 667 422 749 Πάρεστι
439 669 462 732 δ’
478 669 594 751 ἀλγεῖν,
611 672 653 737 είς
673 669 799 736 τοσόνδε
820 676 872 734 τοῦ
893 667 1004 753 χρόνου
1021 667 1173 750 Ἀλεκτρα
1193 665 1286 749 γηρά-

185 794 321 833 σκουσαν
342 768 506 850 ἀνυμέναιά
527 796 570 835 τε.
611 772 649 836 In
673 771 732 836 hoc
754 772 822 837 loeo
844 787 876 836 et
897 770 1071 859 Sophocleo
1095 770 1136 834 uil
1157 769 1285 845 mirum,

184 869 288 958 priore
309 871 378 936 loco
392 871 533 936 dativum
556 873 640 961 poni,
656 873 710 938 ubi
728 901 778 954 μοι
801 874 943 961 proxime
964 887 1171 960 praecesserat,
1187 873 1287 935 altero

185 973 350 1038 remotiore
363 974 584 1055 accusativum,
601 976 744 1040 infinitivi
758 974 899 1062 adjuncti
913 976 1032 1041 ratione
1047 974 1152 1063 potius
1166 974 1285 1051 habita,

185 1099 280 1164 quam
297 1077 438 1163 subjecti,
454 1077 539 1164 quod
556 1092 676 1143 vocant.
700 1080 891 1143 MATTH.

232 1197 326 1260 1240.
345 1197 435 1260 1241.
458 1179 820 1266 πάντως-ἔξεφτίσαμεν]
838 1181 955 1244 Versus
976 1180 1083 1266 spurii,
1100 1180 1140 1244 ab
1158 1179 1286 1243 homine

185 1280 401 1368 intempestive
416 1281 545 1368 loquace
559 1282 670 1363 additi,
685 1283 725 1348 de
740 1282 857 1370 quibus
871 1281 1007 1347 diximus
1020 1282 1060 1347 ad
1076 1306 1107 1347 v.
1121 1286 1215 1347 1061.

232 1400 323 1467 1245.
340 1384 521 1462 Scholiasta,
534 1385 619 1467 Πρδς
630 1390 785 1466 βαλβιδαε
804 1386 919 1466 βαλβὶς
934 1386 1068 1466 κυρίωςῆ
1083 1391 1142 1449 τῶν
1152 1385 1286 1467 δρομέων

185 1486 303 1567 ἄφεσις.
324 1487 380 1567 ἄγε
394 1487 438 1565 δὴ,
455 1485 478 1550 ὦ
494 1486 622 1567 Μήδεια,
638 1489 712 1570 πρὸς
725 1489 837 1570 ἄφεσιν
852 1491 938 1571 ὅρμα,
952 1490 999 1552 καὶ
1013 1489 1109 1572 ἀρχὴν
1123 1493 1287 1571 δυστυχοῦς

184 1590 255 1668 βίον
270 1589 318 1652 καὶ
332 1589 465 1670 πράξεως
480 1589 614 1654 ἑκτόπου.

231 1710 325 1775 1247.
341 1693 379 1759 ὡς
393 1693 446 1780 φ]
463 1694 485 1756 ῶ
501 1701 536 1774 φ.
553 1692 630 1757 Ald.

231 1813 323 1879 1249.
340 1796 463 1878 κτενεῖς]
481 1797 604 1863 κτείνεις
619 1797 712 1859 Rom.
730 1797 767 1859 C.
782 1810 814 1859 et
829 1794 907 1860 Ald.

232 1915 325 1981 1250.
340 1896 384 1983 γ’]
400 1896 425 1961 τ’
442 1899 487 1977 Α,
503 1895 588 1961 Flor.
604 1897 669 1962 duo
683 1912 714 1961 et
731 1898 821 1961 Lasc.

234 2017 325 2082 1251.
351 2000 432 2063 Haec
454 1998 560 2087 paullo
583 1998 727 2063 subtilius
750 1997 883 2085 explicat
907 1998 1102 2064 scholiastes:
1125 1999 1173 2064 'ld
1191 2005 1232 2083 γᾶ
1251 2026 1285 2065 τε

185 2101 233 2164 καὶ
247 2101 502 2184 παμφαήςι-καὶ
523 2103 610 2182 ἥλιον
631 2103 688 2182 μὲν
709 2103 893 2166 ἐπικαλεῖται
916 2103 955 2169 ὣς
975 2100 1125 2184 πρόγονον
1141 2106 1284 2183 Μηδείας,

185 2204 234 2268 καὶ
247 2205 293 2267 ὅτι
307 2203 391 2269 πάντ’
408 2207 504 2290 ἐφορᾷ
526 2208 573 2270 καὶ
587 2203 672 2269 πάντ’
690 2205 836 2269 ἐπακούει·
860 2205 914 2283 τὴν
928 2206 961 2268 δὲ
974 2209 1032 2286 γῆν
1050 2206 1089 2271 ὦς
1109 2203 1287 2285 μέλλουσαν

186 2305 375 2391 εἰσδέχεσθαι
390 2316 454 2376 ταῖς
467 2310 650 2389 μιαιφονίαις
666 2312 720 2390 (arr
735 2311 787 2386 τῆς
800 2308 986 2389 μιαιφονίας)
1003 2307 1036 2370 τὸ
1052 2308 1133 2387 αῖμα.
1171 2307 1285 2372 Excla-

186 2411 352 2476 mationem
369 2410 445 2495 ὦγῆ
460 2413 508 2476 καὶ
525 2414 592 2491 ἥλιε
617 2424 770 2499 usurpant
792 2409 1021 2473 Demosthenes
1041 2409 1165 2497 aliique.
1205 2414 1288 2476 Tra-

184 2512 245 2599 gici
260 2513 392 2577 formam
410 2515 540 2591 variant,
556 2512 738 2578 sententiam
755 2524 948 2575 conservant.
972 2513 1087 2575 Noster
1099 2513 1198 2601 Hipp.
1209 2517 1284 2579 601.

181 2613 226 2678 Ὠ
237 2622 308 2697 γαῖα
322 2621 422 2698 μῆτερ,
439 2618 525 2696 ἡλίου
541 2614 564 2679 τ’
579 2616 756 2697 ἀναπτυχαὶ,
776 2613 781 2700 Ι
801 2615 872 2677 σίων
886 2611 988 2696 λόγων
999 2616 1125 2696 ἄρρητον
1137 2618 1285 2697 είσήκουσ’

187 2718 257 2780 ὅπα.
303 2720 382 2795 Quae
397 2740 469 2781 cum
487 2716 598 2780 nostris
612 2714 743 2780 contulit
759 2714 992 2781 Valckenarius.
1016 2718 1131 2782 ELM.

235 2837 328 2902 1252.
345 2821 425 2885 ἀκτὶς
439 2819 479 2882 ad
497 2840 619 2882 versum
636 2815 860 2903 praecedentem
875 2818 970 2882 refert
985 2818 1064 2884 Ald.

228 2919 362 3005 Ἀελίου]
383 2923 535 3007 Correpta
551 2919 668 3007 syllaba
686 2917 797 3006 prima,
814 2931 849 2982 ut
863 2919 948 3006 apud
967 2920 1150 3008 Sophoclem
1167 2925 1284 2989 Trach.

190 3168 195 3174 -
231 3127 354 3190 earlier*
367 3128 458 3211 ίδετε]
485 3124 575 3190 Libri
598 3125 740 3212 plerique
762 3123 902 3189 κατείδετ’
919 3129 1020 3205 είδετε,
1036 3129 1149 3193 omisso
1164 3131 1194 3194 in
1216 3133 1286 3218 qui-

186 3228 318 3294 busdam
336 3233 439 3294 εἴδετε.

234 3350 271 3396 12
272 3349 327 3417 53.
343 3330 509 3418 ὀλομέναν]
527 3329 695 3411 οὐλομέναν
710 3331 754 3392 Α.
770 3329 798 3391 F
800 3327 859 3392 lor.
877 3349 906 3395 2.
925 3331 1015 3396 Lesa.

230 3435 367 3518 ὠσινίαν]
385 3434 476 3498 Libri
492 3436 602 3520 partim
619 3435 740 3516 φονίαν.

233 3538 464 3620 1255-1260.
501 3543 558 3604 σῖις
577 3537 582 3622 Ι
606 3545 741 3619 -γονᾶς
760 3542 765 3630 Ι
785 3544 809 3606 δ’
847 3544 920 3624 οἶμα
933 3578 978 3590 -
996 3538 1001 3626 Ι
1021 3543 1155 3607 ἆλλιί-
1172 3543 1178 3631 Ι
1199 3543 1285 3608 κατά-

185 3661 347 3700 παυσον-
364 3637 371 3722 Ι
390 3639 757 3724 τάλαιναν-ἀλαστόρων
772 3644 849 3709 Ald.

235 3753 327 3821 1255.
344 3743 396 3805 τῖις
406 3738 528 3803 addidit
544 3740 702 3807 Seidlerus
716 3745 756 3809 de
771 3770 848 3810 vers.
866 3746 988 3810 dochm.
1004 3770 1037 3833 p.
1051 3764 1125 3831 290.

234 3840 327 3923 1256.
345 3842 432 3924 θεῶν]
451 3845 521 3904 θεοῦ
536 3844 580 3905 Α.
596 3841 709 3930 aliique
725 3848 878 3912 nonnulli.

192 3986 195 3993 ·
231 3940 345 4026 αἵματι]
363 3942 435 4020 αῖμα
449 3943 494 4004 Α.
510 3961 666 4009 correctus
681 3964 711 4012 et
728 3948 806 4013 Ald.

232 4045 347 4106 πίτνειν
369 4044 414 4105 Α.
437 4066 455 4106 a
478 4066 525 4129 pr.
544 4068 585 4109 m.
623 4049 824 4116 Scribebatur
845 4059 968 4116 πιτνεῖυ.
1004 4053 1233 4141 Conjungenda
1254 4055 1286 4118 in

188 4167 286 4211 unum
303 4166 426 4208 versum
451 4146 772 4233 ἔβλαστεν-ἀνέρων.
796 4168 827 4217 et
850 4155 881 4218 in
904 4155 1100 4243 antistropho
1120 4159 1211 4221 1266.
1235 4157 1288 4240 χό-

187 4248 451 4327 λος-ἂμείβεται.

234 4352 455 4436 1258-1260.
481 4350 686 4417 Scribendum
713 4377 778 4419 uno
799 4380 890 4422 versu
917 4359 1230 4442 ἀλλά-ἀλαστόρων.
1255 4378 1286 4426 et

188 4456 220 4522 in
242 4452 438 4540 antistropho
457 4454 546 4518 1268.
568 4457 802 4540 χαλεπὰ-ἄχη.
847 4462 1023 4548 Systemata
1044 4462 1225 4528 dochmiaca
1243 4464 1287 4529 ita
