2864 4914
195 245 261 311 844
555 243 934 311 ANNOTATIONES

193 414 327 498 ἂτιμδσιι
353 415 451 483 Θεοθς
477 422 651 498 προσειπεῖν
676 423 778 501 πρῶτα
802 415 871 484 τοδς
898 419 973 482 κατδ
998 413 1118 498 στέγας.
1160 414 1303 504 Corrigo

195 520 286 583 Αἴδου
301 520 398 601 Κόρης
412 517 448 582 τ’.
472 519 624 583 ΜΟΝΚ.

237 620 313 705 863.
337 620 352 684 ἓ
372 620 403 707 1]
428 620 494 685 Alii
513 620 584 686 libri
606 621 639 686 αἶ
656 621 697 697 αἳ,
717 620 804 708 quod
824 623 890 685 αἰαῖ
908 618 1106 685 scribendum
1128 619 1299 686 restituen-

192 719 334 808 dumque
348 736 404 786 est.
450 722 685 810 Interjectiones
702 724 735 787 hl
756 725 810 802 μοί
827 747 887 802 μοι,
903 723 969 785 atat
979 719 1144 807 conjungit
1155 719 1189 785 in
1206 719 1297 808 Hip·

237 926 309 1006 864.
335 931 378 990 πᾶ
401 927 570 992 Porsonus.
601 931 642 1007 πῆ
668 927 758 993 libri:
782 927 868 1016 quod
894 927 919 992 si
944 942 1028 992 recte
1048 924 1177 1013 legitur,
1199 946 1296 989 versu

191 1028 336 1116 proximo
360 1031 488 1109 ὀλοίμαν
513 1030 544 1093 in
571 1031 697 1111 ὀλοίμην
722 1030 909 1095 mutandum
940 1030 1021 1094 soret
1045 1050 1118 1094 cum
1147 1023 1296 1092 Monkio.

194 1130 256 1196 Sed
271 1131 381 1218 putavi
396 1132 444 1195 his
458 1132 584 1197 duobus
599 1133 739 1198 versibus
753 1133 935 1198 Dorismum
951 1154 1016 1195 esse
1030 1127 1284 1217 relinquendum.

235 1239 290 1298 ποῖ
300 1239 367 1313 acu
391 1238 433 1297 πᾶ
448 1240 509 1297 στῶ
519 1235 543 1319 ;]
563 1234 657 1298 conl.
672 1235 713 1299 ad
729 1233 856 1299 Hecub.
872 1250 965 1316 1079.

236 1336 309 1399 866.
325 1334 440 1422 ἔτεκεν]
459 1336 552 1401 ἔτικτε
567 1338 613 1400 Η.
630 1338 721 1402 Lasc.
746 1339 858 1402 ἔτικτεν
874 1336 960 1401 Flor.
977 1356 1024 1399 10.
1041 1355 1092 1420 15.

237 1437 420 1522 873—876.
445 1439 679 1526 Inteijectiones
694 1442 759 1504 αἰαῖ
771 1454 802 1503 et
818 1439 833 1503 ἓ
848 1441 865 1502 ἔ
882 1453 914 1504 et
931 1443 989 1520 φεῦ
1011 1444 1069 1519 φεῦ
1084 1453 1115 1500 et
1130 1437 1164 1501 ld
1178 1438 1232 1516 μοί
1242 1463 1294 1517 μοι

192 1539 288 1604 choro
303 1540 447 1605 tribuunt
462 1542 554 1604 Lasc.
570 1539 646 1604 Ald.
686 1543 870 1606 Correctum
885 1564 923 1605 ex
939 1538 1111 1604 codicibus.

236 1643 309 1725 877.
324 1644 439 1723 λυπρόν
453 1642 573 1706 codices
589 1657 619 1707 et
634 1643 728 1706 Lasc.
750 1645 883 1724 λυπηρόν
897 1641 980 1707 libri.

236 1746 307 1827 879.
338 1746 369 1809 τί
393 1749 450 1827 γὰρ
480 1746 564 1826 ἀνδρὶ
593 1746 683 1811 κακδν
707 1747 808 1826 μεῖζον
836 1749 978 1828 ἁμαρτεῖν
1006 1747 1112 1824 πιστῆς
1137 1745 1253 1827 ἀλόχου
1264 1744 1291 1830 ;]

192 1846 411 1933 Negligentius
447 1847 565 1912 dictum
602 1871 662 1936 pro
689 1847 708 1928 ἢ
744 1852 896 1931 ὁμαρτεῖν.
943 1846 1090 1912 Similiter
1119 1845 1293 1934 AEschylus

191 1951 309 2036 Agam.
325 1950 399 2015 601.
416 1951 447 2015 τί
463 1954 520 2034 γὰρ
540 1951 545 2038 Ι
564 1954 679 2034 γυναικὶ
701 1954 806 2017 τούτου
828 1951 942 2034 φέγγος
961 1952 1045 2030 ἥδιον
1059 1954 1186 2031 δρακεῖν,
1207 1947 1212 2036 Ι
1231 1949 1292 2014 δπδ

191 2055 346 2135 στρατείας
360 2054 454 2135 ἄνδρα
468 2055 624 2123 σώσαντος
638 2059 708 2120 θεοῦ
721 2057 817 2121 πύλας
831 2051 966 2132 ἆνοῖξαις
992 2052 1045 2116 ubi
1068 2051 1170 2116 locum
1191 2051 1290 2116 Euri·

189 2153 272 2242 pidis
285 2157 477 2242 comparavit
491 2155 707 2222 Blomfieldus.
1153 2172 1155 2177 ’

235 2258 309 2324 886.
327 2259 414 2327 εθνδς
435 2258 573 2327 θανάτοις
596 2257 814 2344 κεραϊζομένας]
837 2257 986 2322 Imitatur
1000 2258 1176 2321 Homerum
1193 2253 1233 2318 Il.
1249 2261 1289 2329 X,

189 2362 240 2447 63.
258 2362 306 2426 καὶ
321 2361 470 2441 θαλάμους
486 2362 716 2443 κεραϊζομένους.
741 2361 914 2424 BLOMF.

232 2481 308 2549 907.
332 2463 505 2528 Scholiasta
519 2463 647 2550 exponit
661 2464 728 2531 ἅλις
745 2485 801 2550 per
819 2464 953 2544 μετρίως.
998 2459 1178 2548 Hesychius
1195 2460 1289 2525 etiarn

187 2565 219 2630 in
235 2589 323 2645 voce,
340 2568 404 2631 ἔστι
420 2567 467 2629 καὶ
481 2567 612 2647 μετρίως·
636 2568 674 2632 ὡς
689 2565 847 2646 Εὐριπίδης
862 2567 896 2628 ἐν
909 2563 1089 2644 ἈλκήστιδιΙ
1123 2561 1290 2628 Albertius

189 2670 309 2734 confert
325 2668 415 2732 Med.
431 2669 505 2751 629.
522 2669 549 2730 εἰ
563 2667 588 2730 δ’
603 2667 670 2732 ἅλις
685 2666 768 2732 ἔλθοι
783 2668 903 2748 Κύπρις,
915 2668 967 2731 οὐκ
982 2668 1064 2731 ἄλλα
1077 2666 1145 2734 θεὸς
1159 2668 1290 2751 Εθχαρις

189 2773 274 2836 οὕτω.
298 2771 447 2835 ΜΟΝΚ.

231 2893 305 2959 914.
320 2875 399 2938 πολὺ
413 2878 471 2957 γὰρ
486 2874 520 2938 τὸ
535 2871 646 2957 μέσον]
664 2871 768 2937 Schol.
784 2873 818 2936 τὸ
829 2870 934 2952 με’σον·
958 2871 992 2936 τδ
1008 2871 1151 2954 διάφορον
1165 2875 1217 2951 τῆς
1232 2876 1287 2936 νῦν

187 2978 278 3060 τύχης
307 2978 354 3040 καὶ
383 2980 433 3054 τῆς
461 2981 599 3043 παλαιᾶς.
646 2974 820 3061 Euripiden
847 2974 968 3039 confert
992 2973 1217 3061 Wesselingios
1244 2974 1287 3038 ad

189 3077 310 3142 Herod.
334 3099 366 3163 9.
392 3078 442 3144 82.
467 3078 521 3141 ubi
540 3081 659 3142 πολλόν
682 3078 716 3141 τδ
738 3075 843 3157 μέσον.
866 3091 898 3140 et
921 3078 1039 3142 1.126.
1063 3079 1092 3139 ol
1109 3078 1142 3141 δὲ
1166 3076 1288 3158 ἔφασαν

187 3182 306 3246 πολλὸν
329 3181 405 3245 εἶναι
420 3178 532 3245 αθτέων
546 3180 581 3244 τὸ
595 3178 701 3260 μέσον.
746 3182 894 3245 Ceterum
917 3178 1050 3244 conferri
1073 3177 1191 3266 possint
1207 3180 1286 3244 Tro.

190 3286 260 3366 148.
278 3284 388 3348 AEsch.
406 3285 512 3348 Prom.
529 3300 605 3369 570.
630 3284 779 3348 MONK.

229 3389 302 3471 916.
320 3387 458 3470 ἔστειχον
473 3387 533 3451 ἔσω
552 3388 636 3470 (εἴσω
652 3387 679 3450 F
682 3387 738 3450 lor.
752 3388 796 3449 A.
810 3404 838 3451 2.
852 3405 901 3450 10.
915 3405 927 3447 1
932 3387 994 3471 5)]
1013 3386 1135 3470 ἔστιχον
1150 3387 1221 3450 εἴσω
1237 3387 1284 3450 Η.

229 3490 302 3573 918.
317 3487 522 3575 πολυάχητος]
538 3489 726 3572 πολοήχητος
740 3487 904 3553 Monkius.

230 3610 302 3676 921.
320 3592 414 3677 εἶμεν]
433 3591 505 3656 Vid.
520 3591 560 3655 ad
577 3590 710 3678 Hippol.
725 3611 800 3676 349.

228 3695 301 3780 926.
317 3692 384 3774 παρ’
402 3695 677 3779 εὐτυχῆ-πότμον]
695 3694 867 3779 Confestim
879 3702 1002 3759 sendus
1011 3714 1201 3780 prosperam
1201 3695 1284 3780 fif·

185 3808 305 3864 tunam.
339 3794 455 3859 Similis
468 3811 514 3860 est
530 3820 605 3861 usus
619 3801 671 3860 τοῦ
685 3799 766 3878 παρδ
780 3795 812 3859 in
825 3795 1036 3860 Demosthene
1050 3797 1119 3879 περὶ
1133 3796 1285 3879 στεφάνου

186 3902 217 3968 6.
232 3923 263 3987 p.
282 3918 355 3985 229.
376 3901 426 3962 16.
444 3898 491 3982 ἐφ’
507 3901 551 3966 οἷς
565 3899 721 3964 ἇδικοῢντθ
734 3925 772 3980 με
789 3900 866 3982 ἑώρα
879 3899 933 3978 τὴν
947 3901 1048 3973 πόλιν,
1064 3901 1135 3963 οὖσί
1151 3925 1187 3981 γε
1206 3908 1285 3979 τηλι-

187 4005 310 4080 κούτοις,
325 4003 415 4081 ἡλίκα
430 4005 484 4065 νῦν
499 4000 657 4087 ἐτραγῴδει
679 4005 727 4068 καὶ
741 4000 861 4083 διεξῄει,
876 4010 940 4070 ταῖς
962 4005 995 4067 ἐκ
1016 4008 1073 4067 τῶν
1088 4005 1186 4083 νόμων
1200 4029 1285 4083 τιμο-

185 4108 261 4187 ρίαις
274 4101 341 4185 παρ’
358 4103 433 4167 αὐτὰ
447 4106 484 4167 τδ
499 4103 661 4185 ἀδικήματα
674 4110 813 4188 χρῆσθαι.
838 4107 988 4170 ΜΟΝΚ.
1033 4104 1163 4170 Rectius
1178 4104 1285 4168 vertis-

185 4221 249 4272 set:
285 4228 319 4270 eo
346 4207 416 4292 ipso
445 4214 591 4292 tempore,
616 4228 677 4294 qno
691 4209 836 4292 ᾔσθοντο
860 4210 998 4275 secundo
1026 4210 1174 4275 utebaris.
1212 4206 1283 4271 Vid.

187 4307 355 4375 Heindorf.
371 4307 410 4371 ad
427 4307 507 4372 Plat.
527 4310 613 4374 Prot.
629 4333 660 4396 p.
675 4328 749 4395 521.
774 4313 962 4377 MATTH.

227 4434 302 4499 944.
319 4410 423 4497 ἐξελᾷ]
440 4415 542 4491 ἐξολεῖ
553 4412 631 4479 Ald.
