2864 4914
184 280 251 344 208
463 337 466 344 .
549 274 927 345 ANNOTATIONES
1023 290 1025 294 '

184 449 334 517 Ἀττικῶς.
351 451 448 531 ἀηδία,
463 448 655 531 Ἑλληνικῶς.
694 451 795 538 Apud
817 449 943 515 Atticos
965 466 1073 538 poetas
1094 448 1195 512 rarius
1216 442 1293 535 legi·

184 569 248 618 tur.
272 552 445 640 AEschylus
459 555 525 641 Ag.
545 572 616 639 134
632 553 697 617 οἷον
710 553 795 634 μήτις
808 555 871 619 άσα
886 556 992 619 θεόθεν
1008 553 1120 635 κνεφά·
1139 551 1145 638 Ι
1164 578 1203 632 ση
1218 577 1292 634 προ-

182 657 274 721 mlv
290 658 413 736 στόμιον
434 655 513 739 μέγα
527 657 647 738 Τροίας.
688 655 772 720 Ibid.
790 675 864 741 739.
883 659 1104 739 μηλοφόνοισιν
1126 656 1250 719 ἀσαισιν
1269 653 1276 736 Ι

182 757 256 822 δαῖτ’
273 757 456 825 ἀκέλευστος
478 759 607 837 ἔτευξεν.
654 760 707 823 Ita
728 760 817 823 metri
841 783 949 824 caussa
972 780 1030 846 pro
1045 760 1102 822 άτα
1120 771 1152 821 et
1173 759 1292 821 ἀταισιν

183 859 351 946 legendum
376 860 523 925 viderunt
538 860 594 925 vin'
618 860 713 925 docti.
758 861 865 926 Simile
887 861 1000 926 vitium
1022 886 1042 926 a
1064 859 1207 925 Bentleio
1222 883 1290 924 cor-

183 979 304 1028 rectum
321 962 393 1029 vide
414 963 500 1051 apud
516 963 746 1028 Archilochum·
768 966 824 1029 Fr.
838 985 892 1051 30.
912 964 1072 1030 Gaisford.
1119 965 1159 1028 In
1183 963 1231 1027 his
1253 987 1291 1027 eo

182 1064 302 1130 facilior
323 1066 386 1130 fuit
407 1089 504 1144 error,
520 1067 608 1153 quod
630 1069 690 1147 άση
712 1090 770 1155 pro
789 1068 896 1148 βλάβη
918 1067 1042 1132 dicitur.
1087 1068 1205 1131 Nostro
1222 1065 1290 1131 loco

184 1168 289 1255 potius
303 1172 383 1249 λύπη
398 1169 560 1256 significat.
606 1172 752 1257 Uterque
775 1193 882 1234 sensus
896 1171 1041 1235 convenit
1060 1169 1208 1257 Sapphus
1224 1190 1291 1233 ver-

183 1269 244 1350 biS,
258 1271 299 1353 μή
312 1269 341 1353 μ’
358 1273 464 1337 άσαισι
479 1271 543 1353 μηδ’
560 1275 674 1337 ἀνίαισι
688 1273 796 1353 δάμνα,
816 1271 822 1360 Ι
841 1275 959 1351 πότνια,
975 1275 1076 1353 θυμόν.
1100 1272 1216 1338 ELM.

228 1379 300 1457 246.
316 1377 424 1462 φίλον]
442 1376 543 1458 φίλων
557 1399 630 1463 pars
643 1376 797 1441 οοθίαοον.

226 1481 331 1560 ἥλικας
348 1482 518 1545 Porsonus.
560 1481 743 1567 Legebatur
757 1483 854 1561 ἥλικα.

229 1600 303 1666 250.
319 1583 445 1647 Ennius
459 1583 545 1671 apud
562 1584 732 1647 Varronem
750 1583 790 1647 dc
805 1583 845 1647 L.
863 1582 904 1646 L.
921 1581 974 1646 lib.
989 1598 1020 1666 5.
1036 1604 1068 1667 p.
1087 1583 1138 1645 60.
1154 1583 1203 1648 ed.
1218 1585 1291 1647 Sca·

184 1682 272 1771 liger.
294 1685 384 1769 1581.
409 1686 548 1750 Nonium
573 1709 602 1749 v.
619 1688 775 1752 Cernere:
799 1689 888 1751 Νααι
911 1696 959 1749 ter
977 1686 1035 1748 aab
1056 1688 1158 1750 armis
1180 1688 1288 1750 malim

183 1789 283 1851 vitam
297 1809 434 1866 cernere,
449 1790 553 1854 Semel
566 1811 660 1876 ριιαυι
675 1789 764 1853 modo
775 1791 898 1876 parire.
923 1790 1026 1853 POR.

229 1904 302 1974 254.
327 1891 466 1954 κοινωνία
488 1892 526 1955 B.
542 1912 600 1977 pro
615 1890 699 1956 varia
713 1890 844 1955 lectione
859 1907 891 1956 et
912 1893 1005 1956 Rom.
1021 1893 1065 1956 D.
1104 1876 1288 1978 Legebatur

183 1994 339 2057 συνουσία.

229 2095 301 2180 258.
327 2093 431 2159 Schol.
447 2100 714 2179 Μεθορμίσασθαιτ
735 2082 841 2164 λείπει
863 2098 897 2162 τὸ
920 2099 969 2165 ὣς.
1003 2099 1081 2162 ὥστε
1102 2100 1284 2181 μεθορμίσα-

184 2202 265 2261 σθαι.
303 2197 336 2260 τὸ
352 2201 384 2261 δὲ
401 2202 476 2279 ἔξῆς,
492 2202 527 2264 οὐ
541 2201 663 2284 μητέρα,
679 2204 731 2266 οὐκ
754 2203 901 2286 ἀδελφὸν,
917 2204 985 2286 οὐχὶ
1007 2207 1139 2286 συγγενῆ
1161 2203 1286 2286 ἔχουσα,

183 2299 258 2383 πρὸς
272 2299 306 2363 τό
323 2308 554 2386 καταφυγοῦσαν
565 2306 639 2386 πρός
653 2330 719 2369 τινα
733 2307 845 2370 τούτων
858 2310 1083 2387 μεταβληθῆναι
1104 2310 1155 2385 τῆς
1168 2315 1287 2388 συμφο-

183 2408 248 2484 ρᾶς.
285 2405 303 2484 ἡ
324 2409 480 2487 μεταφορὰ
494 2407 553 2470 ἀπὸ
575 2413 633 2470 τῶν
654 2408 889 2488 μεθορμιζόντων
911 2411 953 2475 είς
974 2408 1040 2474 τοὺς
1063 2409 1288 2490 εθδιεινοτέρους·

183 2509 313 2602 τόπους,
341 2510 392 2573 lta
406 2510 472 2574 fere
488 2535 516 2573 v.
531 2529 604 2596 429.
621 2511 670 2574 ool
685 2508 708 2575 δ’
726 2512 793 2575 οὔτε
815 2511 926 2593 πατρὸς
940 2513 1034 2592 δόμοι,
1055 2509 1060 2598 Ι
1080 2512 1218 2586 δύστανε,
1233 2537 1287 2592 με·

183 2613 384 2692 θορμίσασθαι
402 2611 407 2699 Ι
425 2615 547 2696 μόχθων
561 2613 650 2696 πόρα.
687 2613 727 2677 Id
743 2630 801 2690 est,
817 2615 866 2678 σοὶ
880 2616 948 2679 οὕτε
961 2615 1072 2695 πατρὸς
1086 2616 1170 2693 δόμοι
1185 2621 1287 2696 παρει-

183 2740 246 2791 σιν,
262 2717 340 2779 ὥστε
353 2719 592 2797 μεθαρμόσασθαι
608 2720 641 2781 ἔκ
655 2723 714 2782 τῶν
724 2716 854 2802 μόχθων.
900 2719 977 2781 Ηυα
996 2717 1147 2803 respicere
1162 2716 1286 2782 videtur

185 2815 381 2900 Hesychius:
407 2821 667 2900 Μεθορμίσασθαι.
690 2820 924 2904 μεταγαγέσθαι.
972 2820 1079 2884 Idem:
1105 2822 1289 2903 Μεθορμίζε-

183 2943 242 2982 ται.
264 2919 423 3000 μετάγεται
438 2921 496 2985 ἀπὸ
511 2924 603 3004 όρμου
619 2926 661 2991 εἰς
674 2926 776 3006 ὅρμον.
801 2925 916 2988 ELM.

229 3022 302 3086 261.
317 3023 401 3103 δίκην
417 3025 513 3088 Rom.
529 3027 572 3088 D.
587 3041 619 3090 et
635 3027 720 3091 Flor.
740 3048 785 3112 ¹5·
824 3028 1008 3113 Legebatur
1022 3028 1095 3112 δίκη.

227 3125 323 3210 δίκην]
344 3126 396 3190 Ita
411 3143 515 3191 noster
530 3128 611 3193 infra
627 3152 656 3194 v.
676 3131 766 3216 1283.
782 3131 837 3210 τὴν
851 3132 883 3194 δὲ
899 3131 1025 3209 τίσωμαι
1041 3131 1132 3209 δίκην.
1157 3129 1285 3195 Heracl.

184 3226 257 3310 851.
272 3228 398 3310 ἠράσαθ’
415 3227 504 3310 Ἥβη
527 3235 603 3311 Ζηνί
623 3231 648 3295 θ’
664 3231 776 3313 ἡμέραν
794 3235 865 3313 μίαν
883 3233 890 3317 Ι
910 3232 977 3298 νέος
998 3230 1149 3312 γενέσθαι,
1167 3234 1288 3296 κάτοτί-

184 3335 298 3394 σασθαι
313 3336 395 3410 δίκην
414 3332 419 3418 Ι
440 3336 570 3416 ἐχθρούς.
618 3334 701 3399 Ibid.
718 3334 791 3398 881.
808 3334 875 3417 παρ’
891 3336 961 3415 ἡμῖν
979 3337 1035 3414 μὲν
1050 3336 1107 3415 γὰρ
1130 3335 1165 3397 οὐ
1187 3334 1287 3415 σοφὸν

182 3434 260 3505 τόδε,
282 3431 288 3518 Ι
308 3435 431 3516 ἐχθροὺς
451 3438 590 3514 λαβόντα
611 3437 652 3518 μὴ
674 3438 875 3500 ἁποτίσασθαι
893 3438 985 3517 δίκην.
1032 3437 1130 3498 Plura
1144 3435 1287 3523 exempla

183 3532 256 3598 dedi
271 3535 310 3598 ad
328 3537 456 3600 Heracl.
473 3538 545 3622 852.
571 3539 685 3601 ELM.

227 3640 299 3702 262.
315 3640 352 3717 ἥν
367 3637 392 3701 τ’
408 3639 549 3722 ἐγήματο]
568 3639 619 3703 Sic
635 3639 704 3703 libri
719 3654 751 3703 et
766 3639 914 3704 Eustath.
930 3663 961 3726 p.
975 3642 1050 3722 694,
1064 3659 1114 3719 24.
1140 3641 1285 3717 Vertunt,

182 3749 293 3804 eleum
309 3764 402 3828 quom
425 3744 528 3807 θυαίό.
568 3743 640 3821 Quo
662 3765 753 3806 sensu
776 3741 856 3821 ἧντ’
881 3744 989 3823 ἔγημεν
1011 3742 1170 3807 dicturum
1191 3742 1286 3806 fuisse

180 3857 306 3929 poetam
323 3866 414 3907 nemo
430 3845 533 3909 nescit.
576 3844 667 3908 Dixit
683 3844 810 3931 quidem
827 3845 1046 3930 grammaticus
1061 3844 1146 3932 apud
1164 3844 1288 3908 Βελλε-

183 3967 255 4009 rum
271 3946 397 4010 Anecd.
416 3948 474 4011 Gr.
491 3970 523 4033 p.
541 3949 591 4012 86.
608 3954 695 4028 Γαμῶ
710 3949 728 4028 ἡ
743 3948 818 4030 γυνὴ
832 3947 927 4029 λέγει,
943 3949 978 4011 οὗ
992 3954 1152 4028 γαμοῦμαι.
1190 3946 1288 4011 Ἀντι-

182 4047 282 4130 φάνης
295 4047 449 4116 Ἀσότοις.
474 4049 627 4132 ἐγημάμην
642 4054 658 4114 ὁ
674 4051 748 4132 ἀνὴρ
762 4049 848 4132 λέγει
863 4051 928 4114 ἀντὶ
943 4055 995 4113 τοῦ
1011 4050 1114 4131 ἔγημα.
1159 4049 1220 4114 Sed
1237 4074 1288 4112 eo-

182 4149 255 4214 dem
273 4151 346 4237 jure
368 4151 471 4215 afferri
495 4168 619 4238 possent
645 4152 802 4216 Martialis
827 4152 932 4228 verba,
957 4154 1053 4214 ιιαοτί
1080 4152 1195 4214 nabere
1216 4154 1288 4216 nolo

183 4275 270 4332 ntea,
286 4268 394 4317 contra
408 4277 460 4317 eos
474 4255 527 4340 qui
544 4257 660 4320 ntcbcre
675 4255 714 4320 de
730 4257 797 4320 viro
812 4279 873 4318 non
892 4255 1035 4340 usurpati
1050 4255 1172 4320 docent.
1214 4258 1288 4333 Quo

183 4380 275 4422 sensu
290 4362 452 4439 γαμεῖσθαι
466 4356 506 4420 de
521 4357 587 4421 viro
601 4358 736 4434 dicatur,
752 4356 882 4445 intelligi
906 4372 1008 4445 potest
1023 4381 1061 4421 ex
1078 4358 1287 4422 Anacreontis

185 4460 287 4525 verbis
301 4461 387 4550 apud
404 4461 611 4526 Ammonium
628 4487 656 4527 v.
670 4468 781 4544 Γῆμαιι
807 4464 855 4527 καὶ
869 4462 1023 4542 θαλάμοις,
1037 4463 1071 4526 ἔν
1085 4458 1108 4547 ᾦ
1124 4469 1221 4530 κεῖνος
1236 4462 1288 4526 οὐκ
