<?xml version="1.0" encoding="UTF-8"?>
<!DOCTYPE html PUBLIC "-//W3C//DTD XHTML 1.0 Transitional//EN"
    "http://www.w3.org/TR/xhtml1/DTD/xhtml1-transitional.dtd">
<html xmlns="http://www.w3.org/1999/xhtml" xml:lang="en" lang="en">
 <head>
  <title>
</title>
<meta http-equiv="Content-Type" content="text/html;charset=utf-8" />
  <meta name='ocr-system' content='tesseract 3.04.00' />
  <meta name='ocr-capabilities' content='ocr_page ocr_carea ocr_par ocr_line ocrx_word'/>
</head>
<body>
  <div class='ocr_page' id='page_1' title='image "./tragoediaesuper01eurigoog_0031.png"; bbox 0 0 2864 4914; ppageno 0'>
   <div class='ocr_carea' id='block_1_1' title="bbox 184 273 810 338">
    <p class='ocr_par' dir='ltr' id='par_1_1' title="bbox 184 273 810 338">
     <span class='ocr_line' id='line_1_1' title="bbox 184 273 810 338; baseline 0.002 -1"><span class='ocrx_word' id='word_1_1' title='bbox 184 273 259 338; x_wconf 91' lang='lat' dir='ltr'><strong>xxiv</strong></span> <span class='ocrx_word' id='word_1_2' title='bbox 653 274 810 338; x_wconf 87' lang='lat' dir='ltr'>INDEX</span> 
     </span>
    </p>
   </div>
   <div class='ocr_carea' id='block_1_2' title="bbox 180 442 1288 4244">
    <p class='ocr_par' dir='ltr' id='par_1_2' title="bbox 185 442 1285 656">
     <span class='ocr_line' id='line_1_2' title="bbox 185 442 1285 539; baseline -0.001 -24"><span class='ocrx_word' id='word_1_3' title='bbox 185 443 508 539; x_wconf 74' lang='lat' dir='ltr'><strong>CantabrigienseS,</strong></span> <span class='ocrx_word' id='word_1_4' title='bbox 529 466 551 514; x_wconf 84' lang='lat' dir='ltr'><strong>a</strong></span> <span class='ocrx_word' id='word_1_5' title='bbox 576 444 761 527; x_wconf 87' lang='lat' dir='ltr'><strong>Bamesio,</strong></span> <span class='ocrx_word' id='word_1_6' title='bbox 780 442 927 538; x_wconf 78' lang='lat' dir='ltr'><strong>Kingio‚</strong></span> <span class='ocrx_word' id='word_1_7' title='bbox 948 443 1108 514; x_wconf 89' lang='lat' dir='ltr'><strong>Porsono</strong></span> <span class='ocrx_word' id='word_1_8' title='bbox 1124 445 1285 515; x_wconf 89' lang='lat' dir='ltr'><strong>collatus.</strong></span> 
     </span>
     <span class='ocr_line' id='line_1_3' title="bbox 185 559 1214 656; baseline 0 -27"><span class='ocrx_word' id='word_1_9' title='bbox 185 559 283 630; x_wconf 82' lang='lat' dir='ltr'><strong>Eum</strong></span> <span class='ocrx_word' id='word_1_10' title='bbox 302 561 487 655; x_wconf 72' lang='lat' dir='ltr'><strong>Musgran</strong></span> <span class='ocrx_word' id='word_1_11' title='bbox 504 560 836 656; x_wconf 78' lang='lat' dir='ltr'><strong>cantabrigiensem</strong></span> <span class='ocrx_word' id='word_1_12' title='bbox 853 563 985 630; x_wconf 57' lang='lat' dir='ltr'><strong>vocat?</strong></span> <span class='ocrx_word' id='word_1_13' title='bbox 1011 559 1214 631; x_wconf 83' lang='lat' dir='ltr'><em>MATTH.</em></span> 
     </span>
    </p>

    <p class='ocr_par' dir='ltr' id='par_1_3' title="bbox 180 673 1288 3551">
     <span class='ocr_line' id='line_1_4' title="bbox 236 673 1287 772; baseline -0.002 -26"><span class='ocrx_word' id='word_1_14' title='bbox 236 696 293 772; x_wconf 81' lang='lat'><strong>27.</strong></span> <span class='ocrx_word' id='word_1_15' title='bbox 320 686 342 718; x_wconf 77' lang='lat'><strong>‘⁴</strong></span> <span class='ocrx_word' id='word_1_16' title='bbox 357 673 449 748; x_wconf 78' lang='lat' dir='ltr'><strong>Coo.</strong></span> <span class='ocrx_word' id='word_1_17' title='bbox 477 677 609 747; x_wconf 83' lang='lat' dir='ltr'>Exstat</span> <span class='ocrx_word' id='word_1_18' title='bbox 633 676 673 746; x_wconf 93' lang='lat' dir='ltr'><strong>in</strong></span> <span class='ocrx_word' id='word_1_19' title='bbox 700 676 913 746; x_wconf 80' lang='lat' dir='ltr'>bibliotheca</span> <span class='ocrx_word' id='word_1_20' title='bbox 936 675 1133 746; x_wconf 81' lang='lat' dir='ltr'><strong>Bodleiano</strong></span> <span class='ocrx_word' id='word_1_21' title='bbox 1149 676 1287 746; x_wconf 88' lang='lat' dir='ltr'><strong>Barne-</strong></span> 
     </span>
     <span class='ocr_line' id='line_1_5' title="bbox 183 791 1287 884; baseline -0.001 -22"><span class='ocrx_word' id='word_1_22' title='bbox 183 792 292 862; x_wconf 86' lang='lat' dir='ltr'><strong>sianae</strong></span> <span class='ocrx_word' id='word_1_23' title='bbox 310 792 477 863; x_wconf 83' lang='lat' dir='ltr'><strong>editionis</strong></span> <span class='ocrx_word' id='word_1_24' title='bbox 495 797 699 884; x_wconf 87' lang='lat' dir='ltr'><strong>exemplum</strong></span> <span class='ocrx_word' id='word_1_25' title='bbox 716 792 829 883; x_wconf 90' lang='lat' dir='ltr'><strong>ipsius</strong></span> <span class='ocrx_word' id='word_1_26' title='bbox 848 791 1012 862; x_wconf 88' lang='lat' dir='ltr'><strong>Bamesii</strong></span> <span class='ocrx_word' id='word_1_27' title='bbox 1027 815 1139 862; x_wconf 90' lang='lat' dir='ltr'><strong>manu</strong></span> <span class='ocrx_word' id='word_1_28' title='bbox 1151 814 1287 861; x_wconf 90' lang='lat' dir='ltr'><strong>correc-</strong></span> 
     </span>
     <span class='ocr_line' id='line_1_6' title="bbox 184 908 1285 1001; baseline -0.002 -22"><span class='ocrx_word' id='word_1_29' title='bbox 184 919 262 979; x_wconf 93' lang='lat' dir='ltr'><strong>tum</strong></span> <span class='ocrx_word' id='word_1_30' title='bbox 279 908 457 1001; x_wconf 86' lang='lat' dir='ltr'><strong>variisque</strong></span> <span class='ocrx_word' id='word_1_31' title='bbox 475 910 730 1001; x_wconf 87' lang='lat' dir='ltr'><strong>supplementis</strong></span> <span class='ocrx_word' id='word_1_32' title='bbox 748 918 904 980; x_wconf 90' lang='lat' dir='ltr'><strong>auctum.</strong></span> <span class='ocrx_word' id='word_1_33' title='bbox 933 909 1072 980; x_wconf 86' lang='lat' dir='ltr'><strong>Praeter</strong></span> <span class='ocrx_word' id='word_1_34' title='bbox 1088 909 1169 991; x_wconf 89' lang='lat' dir='ltr'><strong>alia,</strong></span> <span class='ocrx_word' id='word_1_35' title='bbox 1187 909 1285 978; x_wconf 91' lang='lat' dir='ltr'><strong>haud</strong></span> 
     </span>
     <span class='ocr_line' id='line_1_7' title="bbox 183 1024 1286 1120; baseline -0.002 -25"><span class='ocrx_word' id='word_1_36' title='bbox 183 1026 354 1120; x_wconf 87' lang='lat' dir='ltr'><strong>exiguum</strong></span> <span class='ocrx_word' id='word_1_37' title='bbox 374 1026 588 1096; x_wconf 83' lang='lat' dir='ltr'><strong>variantium</strong></span> <span class='ocrx_word' id='word_1_38' title='bbox 615 1026 805 1097; x_wconf 88' lang='lat' dir='ltr'><strong>lectionum</strong></span> <span class='ocrx_word' id='word_1_39' title='bbox 824 1048 1013 1096; x_wconf 91' lang='lat' dir='ltr'><strong>numerum</strong></span> <span class='ocrx_word' id='word_1_40' title='bbox 1039 1025 1178 1095; x_wconf 83' lang='lat' dir='ltr'><strong>addidit</strong></span> <span class='ocrx_word' id='word_1_41' title='bbox 1198 1047 1218 1093; x_wconf 91' lang='lat' dir='ltr'><strong>e</strong></span> <span class='ocrx_word' id='word_1_42' title='bbox 1242 1024 1286 1093; x_wconf 90' lang='lat' dir='ltr'><strong>li-</strong></span> 
     </span>
     <span class='ocr_line' id='line_1_8' title="bbox 183 1137 1285 1234; baseline -0.001 -23"><span class='ocrx_word' id='word_1_43' title='bbox 183 1141 258 1224; x_wconf 90' lang='lat' dir='ltr'><strong>bro,</strong></span> <span class='ocrx_word' id='word_1_44' title='bbox 276 1164 381 1233; x_wconf 91' lang='lat' dir='ltr'><strong>quem</strong></span> <span class='ocrx_word' id='word_1_45' title='bbox 409 1138 501 1212; x_wconf 88' lang='lat' dir='ltr'><strong>MS.</strong></span> <span class='ocrx_word' id='word_1_46' title='bbox 526 1137 779 1212; x_wconf 79' lang='lat' dir='ltr'><strong>Cottonianum</strong></span> <span class='ocrx_word' id='word_1_47' title='bbox 804 1144 971 1234; x_wconf 88' lang='lat' dir='ltr'><strong>appellat,</strong></span> <span class='ocrx_word' id='word_1_48' title='bbox 996 1142 1140 1233; x_wconf 90' lang='lat' dir='ltr'><strong>quique,</strong></span> <span class='ocrx_word' id='word_1_49' title='bbox 1163 1141 1194 1210; x_wconf 92' lang='lat' dir='ltr'><strong>si</strong></span> <span class='ocrx_word' id='word_1_50' title='bbox 1217 1164 1285 1211; x_wconf 90' lang='lat' dir='ltr'><strong>un-</strong></span> 
     </span>
     <span class='ocr_line' id='line_1_9' title="bbox 182 1256 1288 1349; baseline 0 -23"><span class='ocrx_word' id='word_1_51' title='bbox 182 1280 290 1349; x_wconf 91' lang='lat' dir='ltr'><strong>quam</strong></span> <span class='ocrx_word' id='word_1_52' title='bbox 317 1256 354 1327; x_wconf 91' lang='lat' dir='ltr'><strong>in</strong></span> <span class='ocrx_word' id='word_1_53' title='bbox 382 1257 596 1328; x_wconf 74' lang='lat' dir='ltr'><strong>bibliotheca</strong></span> <span class='ocrx_word' id='word_1_54' title='bbox 613 1259 829 1329; x_wconf 85' lang='lat' dir='ltr'><strong>Cottoniana</strong></span> <span class='ocrx_word' id='word_1_55' title='bbox 853 1258 936 1340; x_wconf 85' lang='lat' dir='ltr'><strong>fuit,</strong></span> <span class='ocrx_word' id='word_1_56' title='bbox 958 1258 995 1327; x_wconf 94' lang='lat' dir='ltr'><strong>in</strong></span> <span class='ocrx_word' id='word_1_57' title='bbox 1021 1257 1195 1338; x_wconf 89' lang='lat' dir='ltr'><strong>inccndio,</strong></span> <span class='ocrx_word' id='word_1_58' title='bbox 1213 1280 1288 1348; x_wconf 91' lang='lat' dir='ltr'><strong>quo</strong></span> 
     </span>
     <span class='ocr_line' id='line_1_10' title="bbox 182 1372 1285 1467; baseline 0.001 -26"><span class='ocrx_word' id='word_1_59' title='bbox 182 1394 314 1467; x_wconf 86' lang='lat' dir='ltr'><strong>magna</strong></span> <span class='ocrx_word' id='word_1_60' title='bbox 327 1396 409 1463; x_wconf 92' lang='lat' dir='ltr'><strong>pars</strong></span> <span class='ocrx_word' id='word_1_61' title='bbox 420 1374 498 1466; x_wconf 87' lang='lat' dir='ltr'><strong>ejus</strong></span> <span class='ocrx_word' id='word_1_62' title='bbox 511 1383 697 1445; x_wconf 90' lang='lat' dir='ltr'><strong>consumta</strong></span> <span class='ocrx_word' id='word_1_63' title='bbox 711 1383 776 1458; x_wconf 88' lang='lat' dir='ltr'><strong>est,</strong></span> <span class='ocrx_word' id='word_1_64' title='bbox 788 1375 921 1464; x_wconf 89' lang='lat' dir='ltr'><strong>perisse</strong></span> <span class='ocrx_word' id='word_1_65' title='bbox 939 1373 1091 1443; x_wconf 85' lang='lat' dir='ltr'><strong>videtur.</strong></span> <span class='ocrx_word' id='word_1_66' title='bbox 1120 1372 1285 1442; x_wconf 85' lang='lat' dir='ltr'><strong>Bamesii</strong></span> 
     </span>
     <span class='ocr_line' id='line_1_11' title="bbox 183 1488 1284 1578; baseline 0 -20"><span class='ocrx_word' id='word_1_67' title='bbox 183 1489 388 1559; x_wconf 91' lang='lat' dir='ltr'><strong>testimonio</strong></span> <span class='ocrx_word' id='word_1_68' title='bbox 414 1499 563 1571; x_wconf 89' lang='lat' dir='ltr'><strong>constat,</strong></span> <span class='ocrx_word' id='word_1_69' title='bbox 590 1491 684 1560; x_wconf 89' lang='lat' dir='ltr'><strong>hunc</strong></span> <span class='ocrx_word' id='word_1_70' title='bbox 711 1490 844 1559; x_wconf 90' lang='lat' dir='ltr'><strong>librum</strong></span> <span class='ocrx_word' id='word_1_71' title='bbox 873 1512 945 1559; x_wconf 91' lang='lat' dir='ltr'><strong>non</strong></span> <span class='ocrx_word' id='word_1_72' title='bbox 970 1489 1082 1560; x_wconf 84' lang='lat' dir='ltr'><strong>fuisse</strong></span> <span class='ocrx_word' id='word_1_73' title='bbox 1111 1488 1284 1578; x_wconf 89' lang='lat' dir='ltr'><strong>scripturn</strong></span> 
     </span>
     <span class='ocr_line' id='line_1_12' title="bbox 183 1599 1285 1699; baseline -0.001 -26"><span class='ocrx_word' id='word_1_74' title='bbox 183 1603 462 1696; x_wconf 86' lang='lat' dir='ltr'><strong>Euripidearum</strong></span> <span class='ocrx_word' id='word_1_75' title='bbox 488 1607 691 1676; x_wconf 85' lang='lat' dir='ltr'><strong>fabularum</strong></span> <span class='ocrx_word' id='word_1_76' title='bbox 710 1605 877 1688; x_wconf 87' lang='lat' dir='ltr'><strong>codicem,</strong></span> <span class='ocrx_word' id='word_1_77' title='bbox 894 1607 1017 1696; x_wconf 90' lang='lat' dir='ltr'><strong>quales</strong></span> <span class='ocrx_word' id='word_1_78' title='bbox 1035 1608 1142 1699; x_wconf 84' lang='lat' dir='ltr'><strong>vulgo</strong></span> <span class='ocrx_word' id='word_1_79' title='bbox 1158 1599 1285 1673; x_wconf 85' lang='lat' dir='ltr'><em>MSS.</em></span> 
     </span>
     <span class='ocr_line' id='line_1_13' title="bbox 183 1719 1286 1813; baseline -0.001 -24"><span class='ocrx_word' id='word_1_80' title='bbox 183 1724 415 1811; x_wconf 88' lang='lat' dir='ltr'><strong>appellamus,</strong></span> <span class='ocrx_word' id='word_1_81' title='bbox 433 1723 494 1792; x_wconf 90' lang='lat' dir='ltr'><strong>sed</strong></span> <span class='ocrx_word' id='word_1_82' title='bbox 512 1722 621 1792; x_wconf 88' lang='lat' dir='ltr'><strong>variae</strong></span> <span class='ocrx_word' id='word_1_83' title='bbox 639 1722 800 1792; x_wconf 85' lang='lat' dir='ltr'><strong>lectionis</strong></span> <span class='ocrx_word' id='word_1_84' title='bbox 814 1719 966 1813; x_wconf 65' lang='grc' dir='ltr'><strong>συλλογὴν</strong></span> <span class='ocrx_word' id='word_1_85' title='bbox 983 1743 1002 1790; x_wconf 94' lang='lat' dir='ltr'><strong>e</strong></span> <span class='ocrx_word' id='word_1_86' title='bbox 1019 1719 1198 1790; x_wconf 84' lang='lat' dir='ltr'><strong>codicibus</strong></span> <span class='ocrx_word' id='word_1_87' title='bbox 1215 1722 1286 1789; x_wconf 91' lang='lat' dir='ltr'><strong>col-</strong></span> 
     </span>
     <span class='ocr_line' id='line_1_14' title="bbox 182 1834 1284 1928; baseline 0.002 -25"><span class='ocrx_word' id='word_1_88' title='bbox 182 1837 321 1907; x_wconf 86' lang='lat' dir='ltr'><strong>lectam.</strong></span> <span class='ocrx_word' id='word_1_89' title='bbox 353 1836 414 1906; x_wconf 87' lang='lat' dir='ltr'><strong>En</strong></span> <span class='ocrx_word' id='word_1_90' title='bbox 431 1860 544 1928; x_wconf 91' lang='lat' dir='ltr'><strong>pauca</strong></span> <span class='ocrx_word' id='word_1_91' title='bbox 561 1838 727 1908; x_wconf 86' lang='lat' dir='ltr'><strong>Barnesii</strong></span> <span class='ocrx_word' id='word_1_92' title='bbox 744 1839 788 1908; x_wconf 91' lang='lat' dir='ltr'><strong>de</strong></span> <span class='ocrx_word' id='word_1_93' title='bbox 805 1861 847 1909; x_wconf 90' lang='lat' dir='ltr'><strong>eo</strong></span> <span class='ocrx_word' id='word_1_94' title='bbox 864 1836 1079 1907; x_wconf 87' lang='lat' dir='ltr'><strong>testimonia.</strong></span> <span class='ocrx_word' id='word_1_95' title='bbox 1114 1835 1175 1906; x_wconf 91' lang='lat' dir='ltr'><strong>Ad</strong></span> <span class='ocrx_word' id='word_1_96' title='bbox 1194 1834 1284 1905; x_wconf 81' lang='lat' dir='ltr'><strong>Tro.</strong></span> 
     </span>
     <span class='ocr_line' id='line_1_15' title="bbox 188 1948 1286 2045; baseline 0.002 -26"><span class='ocrx_word' id='word_1_97' title='bbox 188 1969 267 2042; x_wconf 86' lang='lat'><em>154.</em></span> <span class='ocrx_word' id='word_1_98' title='bbox 285 1951 364 2021; x_wconf 85' lang='lat' dir='ltr'><strong>haec</strong></span> <span class='ocrx_word' id='word_1_99' title='bbox 380 1951 545 2042; x_wconf 80' lang='lat' dir='ltr'><strong>scripsit:</strong></span> <span class='ocrx_word' id='word_1_100' title='bbox 571 1958 639 2021; x_wconf 80' lang='grc' dir='ltr'><strong>Ποῖ</strong></span> <span class='ocrx_word' id='word_1_101' title='bbox 659 1948 747 2045; x_wconf 66' lang='grc' dir='ltr'>λόγος</span> <span class='ocrx_word' id='word_1_102' title='bbox 772 1949 849 2039; x_wconf 74' lang='grc' dir='ltr'><strong><em>ἥκει,</em></strong></span> <span class='ocrx_word' id='word_1_103' title='bbox 867 1952 930 2022; x_wconf 69' lang='grc' dir='ltr'><strong>Διὰ</strong></span> <span class='ocrx_word' id='word_1_104' title='bbox 946 1960 1002 2021; x_wconf 74' lang='grc' dir='ltr'><strong>τῶν</strong></span> <span class='ocrx_word' id='word_1_105' title='bbox 1023 1952 1194 2045; x_wconf 74' lang='grc' dir='ltr'><em>μελάθρων;</em></span> <span class='ocrx_word' id='word_1_106' title='bbox 1220 1949 1286 2021; x_wconf 66' lang='grc' dir='ltr'><strong>Διὶ</strong></span> 
     </span>
     <span class='ocr_line' id='line_1_16' title="bbox 181 2063 1288 2160; baseline 0.002 -26"><span class='ocrx_word' id='word_1_107' title='bbox 181 2064 241 2159; x_wconf 67' lang='grc' dir='ltr'><strong>γὰρ</strong></span> <span class='ocrx_word' id='word_1_108' title='bbox 257 2067 384 2159; x_wconf 66' lang='lat' dir='ltr'><strong>pellib.</strong></span> <span class='ocrx_word' id='word_1_109' title='bbox 402 2068 462 2160; x_wconf 51' lang='lat'><strong>830.</strong></span> <span class='ocrx_word' id='word_1_110' title='bbox 489 2064 580 2139; x_wconf 87' lang='lat' dir='ltr'><strong>MS.</strong></span> <span class='ocrx_word' id='word_1_111' title='bbox 602 2064 728 2139; x_wconf 77' lang='lat' dir='ltr'><strong>Cotton</strong></span> <span class='ocrx_word' id='word_1_112' title='bbox 747 2065 887 2139; x_wconf 80' lang='lat' dir='ltr'><strong>additis</strong></span> <span class='ocrx_word' id='word_1_113' title='bbox 903 2064 1044 2138; x_wconf 75' lang='lat' dir='ltr'><strong>duobus</strong></span> <span class='ocrx_word' id='word_1_114' title='bbox 1059 2063 1224 2137; x_wconf 68' lang='lat' dir='ltr'><strong>versibus</strong></span> <span class='ocrx_word' id='word_1_115' title='bbox 1239 2088 1288 2136; x_wconf 69' lang='lat' dir='ltr'><strong>ex</strong></span> 
     </span>
     <span class='ocr_line' id='line_1_17' title="bbox 183 2177 1287 2280; baseline -0.001 -28"><span class='ocrx_word' id='word_1_116' title='bbox 183 2177 403 2254; x_wconf 79' lang='lat' dir='ltr'><strong>Florentino</strong></span> <span class='ocrx_word' id='word_1_117' title='bbox 423 2180 555 2254; x_wconf 83' lang='lat' dir='ltr'><strong>Codice</strong></span> <span class='ocrx_word' id='word_1_118' title='bbox 571 2180 664 2255; x_wconf 89' lang='lat' dir='ltr'><strong>MS.</strong></span> <span class='ocrx_word' id='word_1_119' title='bbox 690 2186 751 2256; x_wconf 89' lang='lat' dir='ltr'><strong>Ad</strong></span> <span class='ocrx_word' id='word_1_120' title='bbox 768 2208 800 2254; x_wconf 89' lang='lat' dir='ltr'><strong>v.</strong></span> <span class='ocrx_word' id='word_1_121' title='bbox 819 2186 902 2280; x_wconf 91' lang='lat'><strong>699.</strong></span> <span class='ocrx_word' id='word_1_122' title='bbox 920 2180 1012 2254; x_wconf 88' lang='lat' dir='ltr'><strong>MS.</strong></span> <span class='ocrx_word' id='word_1_123' title='bbox 1034 2178 1161 2253; x_wconf 80' lang='lat' dir='ltr'><strong>Cotton</strong></span> <span class='ocrx_word' id='word_1_124' title='bbox 1179 2180 1213 2252; x_wconf 81' lang='grc' dir='ltr'><strong>ἐκ</strong></span> <span class='ocrx_word' id='word_1_125' title='bbox 1231 2187 1287 2252; x_wconf 76' lang='grc' dir='ltr'><strong>σοῦ</strong></span> 
     </span>
     <span class='ocr_line' id='line_1_18' title="bbox 182 2293 1284 2395; baseline 0.003 -27"><span class='ocrx_word' id='word_1_126' title='bbox 182 2293 283 2392; x_wconf 81' lang='lat' dir='ltr'><strong>legit,</strong></span> <span class='ocrx_word' id='word_1_127' title='bbox 302 2307 397 2395; x_wconf 80' lang='lat' dir='ltr'><strong>poto</strong></span> <span class='ocrx_word' id='word_1_128' title='bbox 421 2323 467 2370; x_wconf 78' lang='lat' dir='ltr'><strong>ee</strong></span> <span class='ocrx_word' id='word_1_129' title='bbox 491 2298 605 2385; x_wconf 83' lang='lat' dir='ltr'><strong>Aldo,</strong></span> <span class='ocrx_word' id='word_1_130' title='bbox 634 2299 674 2370; x_wconf 91' lang='lat' dir='ltr'><em>V</em></span> <span class='ocrx_word' id='word_1_131' title='bbox 667 2308 712 2372; x_wconf 85' lang='lat' dir='ltr'><strong>et.</strong></span> <span class='ocrx_word' id='word_1_132' title='bbox 740 2297 828 2372; x_wconf 86' lang='lat' dir='ltr'><strong>Cod.</strong></span> <span class='ocrx_word' id='word_1_133' title='bbox 851 2297 964 2386; x_wconf 74' lang='lat' dir='ltr'><strong>nobie,</strong></span> <span class='ocrx_word' id='word_1_134' title='bbox 988 2322 1060 2370; x_wconf 83' lang='lat' dir='ltr'><strong>non</strong></span> <span class='ocrx_word' id='word_1_135' title='bbox 1086 2296 1284 2395; x_wconf 79' lang='lat' dir='ltr'><strong>Stephano.</strong></span> 
     </span>
     <span class='ocr_line' id='line_1_19' title="bbox 182 2411 1286 2511; baseline 0.002 -27"><span class='ocrx_word' id='word_1_136' title='bbox 182 2413 245 2485; x_wconf 85' lang='lat' dir='ltr'><strong>Ad</strong></span> <span class='ocrx_word' id='word_1_137' title='bbox 262 2439 294 2484; x_wconf 88' lang='lat' dir='ltr'><strong>v.</strong></span> <span class='ocrx_word' id='word_1_138' title='bbox 317 2434 422 2511; x_wconf 87' lang='lat'><em>1073.</em></span> <span class='ocrx_word' id='word_1_139' title='bbox 450 2414 568 2487; x_wconf 81' lang='lat' dir='ltr'><strong>Nunc</strong></span> <span class='ocrx_word' id='word_1_140' title='bbox 592 2413 696 2487; x_wconf 84' lang='lat' dir='ltr'><strong>video</strong></span> <span class='ocrx_word' id='word_1_141' title='bbox 718 2413 811 2487; x_wconf 89' lang='lat' dir='ltr'><strong>MS.</strong></span> <span class='ocrx_word' id='word_1_142' title='bbox 831 2412 958 2487; x_wconf 83' lang='lat' dir='ltr'><strong>Cotton</strong></span> <span class='ocrx_word' id='word_1_143' title='bbox 984 2411 1182 2486; x_wconf 83' lang='lat' dir='ltr'><strong>remedium</strong></span> <span class='ocrx_word' id='word_1_144' title='bbox 1207 2438 1286 2486; x_wconf 88' lang='lat' dir='ltr'><strong>cer-</strong></span> 
     </span>
     <span class='ocr_line' id='line_1_20' title="bbox 182 2526 1285 2625; baseline 0.002 -27"><span class='ocrx_word' id='word_1_145' title='bbox 182 2536 258 2600; x_wconf 83' lang='lat' dir='ltr'><strong>tum</strong></span> <span class='ocrx_word' id='word_1_146' title='bbox 274 2553 321 2602; x_wconf 80' lang='lat' dir='ltr'><strong>ee</strong></span> <span class='ocrx_word' id='word_1_147' title='bbox 344 2529 522 2603; x_wconf 81' lang='lat' dir='ltr'><strong>Vaticano</strong></span> <span class='ocrx_word' id='word_1_148' title='bbox 538 2528 631 2603; x_wconf 90' lang='lat' dir='ltr'><strong>MS.</strong></span> <span class='ocrx_word' id='word_1_149' title='bbox 651 2528 784 2603; x_wconf 81' lang='lat' dir='ltr'><strong>Codice</strong></span> <span class='ocrx_word' id='word_1_150' title='bbox 799 2529 948 2624; x_wconf 64' lang='lat' dir='ltr'><strong>offrre,</strong></span> <span class='ocrx_word' id='word_1_151' title='bbox 965 2551 1083 2625; x_wconf 81' lang='lat' dir='ltr'><strong>quare</strong></span> <span class='ocrx_word' id='word_1_152' title='bbox 1099 2526 1285 2622; x_wconf 74' lang='lat' dir='ltr'><strong>illudjctm</strong></span> 
     </span>
     <span class='ocr_line' id='line_1_21' title="bbox 181 2642 1286 2742; baseline 0.005 -29"><span class='ocrx_word' id='word_1_153' title='bbox 181 2652 304 2716; x_wconf 76' lang='lat' dir='ltr'><strong>ratum</strong></span> <span class='ocrx_word' id='word_1_154' title='bbox 320 2643 380 2717; x_wconf 78' lang='lat' dir='ltr'><strong>sit.</strong></span> <span class='ocrx_word' id='word_1_155' title='bbox 420 2647 481 2719; x_wconf 89' lang='lat' dir='ltr'><strong>Ad</strong></span> <span class='ocrx_word' id='word_1_156' title='bbox 499 2649 766 2742; x_wconf 85' lang='lat' dir='ltr'><strong>Argumentum</strong></span> <span class='ocrx_word' id='word_1_157' title='bbox 785 2648 1030 2717; x_wconf 81' lang='lat' dir='ltr'><strong>Baccharum:</strong></span> <span class='ocrx_word' id='word_1_158' title='bbox 1056 2643 1107 2716; x_wconf 81' lang='lat' dir='ltr'><strong>In</strong></span> <span class='ocrx_word' id='word_1_159' title='bbox 1125 2642 1286 2718; x_wconf 82' lang='lat' dir='ltr'><strong>Floren-</strong></span> 
     </span>
     <span class='ocr_line' id='line_1_22' title="bbox 182 2757 1284 2858; baseline 0.003 -27"><span class='ocrx_word' id='word_1_160' title='bbox 182 2757 257 2858; x_wconf 77' lang='lat' dir='ltr'><strong>tino</strong></span> <span class='ocrx_word' id='word_1_161' title='bbox 282 2770 401 2833; x_wconf 85' lang='lat' dir='ltr'><strong>tomen</strong></span> <span class='ocrx_word' id='word_1_162' title='bbox 428 2759 550 2834; x_wconf 85' lang='lat' dir='ltr'><strong>codice</strong></span> <span class='ocrx_word' id='word_1_163' title='bbox 575 2767 787 2833; x_wconf 73' lang='grc' dir='ltr'><strong>ΠΕΝΘΕΎΣ</strong></span> <span class='ocrx_word' id='word_1_164' title='bbox 813 2758 1038 2833; x_wconf 75' lang='lat' dir='ltr'><strong>inscribitur.</strong></span> <span class='ocrx_word' id='word_1_165' title='bbox 1077 2760 1169 2834; x_wconf 91' lang='lat' dir='ltr'><strong>MS.</strong></span> <span class='ocrx_word' id='word_1_166' title='bbox 1191 2759 1284 2835; x_wconf 78' lang='lat' dir='ltr'><strong>Cott.</strong></span> 
     </span>
     <span class='ocr_line' id='line_1_23' title="bbox 181 2873 1284 2951; baseline 0.002 -2"><span class='ocrx_word' id='word_1_167' title='bbox 181 2877 243 2949; x_wconf 90' lang='lat' dir='ltr'><strong>Ad</strong></span> <span class='ocrx_word' id='word_1_168' title='bbox 270 2880 435 2949; x_wconf 90' lang='lat' dir='ltr'><strong>Medeam</strong></span> <span class='ocrx_word' id='word_1_169' title='bbox 459 2875 626 2948; x_wconf 83' lang='lat' dir='ltr'><strong>Veterem</strong></span> <span class='ocrx_word' id='word_1_170' title='bbox 643 2873 857 2948; x_wconf 80' lang='lat' dir='ltr'><strong>Editionem</strong></span> <span class='ocrx_word' id='word_1_171' title='bbox 882 2878 951 2948; x_wconf 91' lang='lat' dir='ltr'><strong>fide</strong></span> <span class='ocrx_word' id='word_1_172' title='bbox 978 2879 1057 2949; x_wconf 84' lang='lat' dir='ltr'><strong>MS.</strong></span> <span class='ocrx_word' id='word_1_173' title='bbox 1074 2879 1284 2951; x_wconf 88' lang='lat' dir='ltr'><strong>Cottoniani</strong></span> 
     </span>
     <span class='ocr_line' id='line_1_24' title="bbox 182 2993 1283 3089; baseline 0.004 -25"><span class='ocrx_word' id='word_1_174' title='bbox 182 2993 370 3086; x_wconf 89' lang='lat' dir='ltr'><strong>aliquoties</strong></span> <span class='ocrx_word' id='word_1_175' title='bbox 395 2998 527 3089; x_wconf 86' lang='lat' dir='ltr'><strong>allegat</strong></span> <span class='ocrx_word' id='word_1_176' title='bbox 551 2995 756 3065; x_wconf 89' lang='lat' dir='ltr'><strong>Bamesius.</strong></span> <span class='ocrx_word' id='word_1_177' title='bbox 809 2994 866 3065; x_wconf 84' lang='lat' dir='ltr'><strong>Ea</strong></span> <span class='ocrx_word' id='word_1_178' title='bbox 891 3005 994 3067; x_wconf 91' lang='lat' dir='ltr'><strong>vetus</strong></span> <span class='ocrx_word' id='word_1_179' title='bbox 1019 2997 1128 3067; x_wconf 90' lang='lat' dir='ltr'><strong>editio</strong></span> <span class='ocrx_word' id='word_1_180' title='bbox 1151 2997 1283 3068; x_wconf 86' lang='lat' dir='ltr'><strong>Lusca·</strong></span> 
     </span>
     <span class='ocr_line' id='line_1_25' title="bbox 181 3109 1285 3207; baseline 0.003 -26"><span class='ocrx_word' id='word_1_181' title='bbox 181 3109 262 3181; x_wconf 88' lang='lat' dir='ltr'><strong>rina</strong></span> <span class='ocrx_word' id='word_1_182' title='bbox 279 3134 354 3181; x_wconf 87' lang='lat' dir='ltr'><strong>esse</strong></span> <span class='ocrx_word' id='word_1_183' title='bbox 371 3111 522 3181; x_wconf 90' lang='lat' dir='ltr'><strong>videtur.</strong></span> <span class='ocrx_word' id='word_1_184' title='bbox 553 3111 740 3182; x_wconf 90' lang='lat' dir='ltr'><strong>Lectiones</strong></span> <span class='ocrx_word' id='word_1_185' title='bbox 758 3111 872 3207; x_wconf 87' lang='lat' dir='ltr'><strong>igitur</strong></span> <span class='ocrx_word' id='word_1_186' title='bbox 889 3111 1126 3195; x_wconf 78' lang='lat' dir='ltr'><strong>cottonianae,</strong></span> <span class='ocrx_word' id='word_1_187' title='bbox 1144 3113 1285 3204; x_wconf 88' lang='lat' dir='ltr'><strong>quoties</strong></span> 
     </span>
     <span class='ocr_line' id='line_1_26' title="bbox 182 3226 1284 3309; baseline 0.004 -14"><span class='ocrx_word' id='word_1_188' title='bbox 182 3248 262 3296; x_wconf 91' lang='lat' dir='ltr'><strong>cum</strong></span> <span class='ocrx_word' id='word_1_189' title='bbox 280 3226 484 3297; x_wconf 87' lang='lat' dir='ltr'><strong>Lascarinis</strong></span> <span class='ocrx_word' id='word_1_190' title='bbox 501 3228 740 3309; x_wconf 89' lang='lat' dir='ltr'><strong>consentiunt,</strong></span> <span class='ocrx_word' id='word_1_191' title='bbox 757 3250 946 3297; x_wconf 91' lang='lat' dir='ltr'><strong>numerum</strong></span> <span class='ocrx_word' id='word_1_192' title='bbox 964 3229 1110 3298; x_wconf 86' lang='lat' dir='ltr'><strong>testium</strong></span> <span class='ocrx_word' id='word_1_193' title='bbox 1131 3253 1202 3298; x_wconf 92' lang='lat' dir='ltr'><strong>non</strong></span> <span class='ocrx_word' id='word_1_194' title='bbox 1220 3252 1284 3299; x_wconf 91' lang='lat' dir='ltr'><strong>au-</strong></span> 
     </span>
     <span class='ocr_line' id='line_1_27' title="bbox 180 3343 1285 3438; baseline 0.001 -25"><span class='ocrx_word' id='word_1_195' title='bbox 180 3352 278 3438; x_wconf 86' lang='lat' dir='ltr'><strong>gent.</strong></span> <span class='ocrx_word' id='word_1_196' title='bbox 328 3343 420 3413; x_wconf 90' lang='lat' dir='ltr'><strong>Sciri</strong></span> <span class='ocrx_word' id='word_1_197' title='bbox 445 3343 541 3414; x_wconf 91' lang='lat' dir='ltr'><strong>enim</strong></span> <span class='ocrx_word' id='word_1_198' title='bbox 566 3367 638 3413; x_wconf 93' lang='lat' dir='ltr'><strong>non</strong></span> <span class='ocrx_word' id='word_1_199' title='bbox 662 3352 791 3434; x_wconf 89' lang='lat' dir='ltr'><strong>potest,</strong></span> <span class='ocrx_word' id='word_1_200' title='bbox 808 3353 931 3414; x_wconf 92' lang='lat' dir='ltr'><strong>utrum</strong></span> <span class='ocrx_word' id='word_1_201' title='bbox 956 3367 976 3414; x_wconf 88' lang='lat' dir='ltr'><strong>c</strong></span> <span class='ocrx_word' id='word_1_202' title='bbox 996 3344 1089 3414; x_wconf 93' lang='lat' dir='ltr'><strong>libro</strong></span> <span class='ocrx_word' id='word_1_203' title='bbox 1109 3343 1285 3435; x_wconf 88' lang='lat' dir='ltr'><strong>impresso</strong></span> 
     </span>
     <span class='ocr_line' id='line_1_28' title="bbox 180 3458 971 3551; baseline 0 -23"><span class='ocrx_word' id='word_1_204' title='bbox 180 3459 351 3530; x_wconf 83' lang='lat' dir='ltr'><strong>derivatae</strong></span> <span class='ocrx_word' id='word_1_205' title='bbox 369 3460 453 3541; x_wconf 91' lang='lat' dir='ltr'><strong>sint,</strong></span> <span class='ocrx_word' id='word_1_206' title='bbox 471 3483 517 3529; x_wconf 92' lang='lat' dir='ltr'><strong>an</strong></span> <span class='ocrx_word' id='word_1_207' title='bbox 534 3483 579 3529; x_wconf 90' lang='lat' dir='ltr'><strong>ex</strong></span> <span class='ocrx_word' id='word_1_208' title='bbox 596 3461 760 3551; x_wconf 88' lang='lat' dir='ltr'><strong>scripto.&#39;’</strong></span> <span class='ocrx_word' id='word_1_209' title='bbox 786 3458 971 3530; x_wconf 86' lang='lat' dir='ltr'><em>ELMSL.</em></span> 
     </span>
    </p>

    <p class='ocr_par' dir='ltr' id='par_1_4' title="bbox 182 3574 1285 3904">
     <span class='ocr_line' id='line_1_29' title="bbox 234 3574 1285 3669; baseline 0 -25"><span class='ocrx_word' id='word_1_210' title='bbox 234 3575 392 3669; x_wconf 82' lang='lat'><em>28-39.</em></span> <span class='ocrx_word' id='word_1_211' title='bbox 420 3575 621 3645; x_wconf 89' lang='lat' dir='ltr'><strong>Florentini</strong></span> <span class='ocrx_word' id='word_1_212' title='bbox 637 3575 822 3646; x_wconf 90' lang='lat' dir='ltr'><strong>duodecim</strong></span> <span class='ocrx_word' id='word_1_213' title='bbox 849 3600 871 3645; x_wconf 88' lang='lat' dir='ltr'><strong>a</strong></span> <span class='ocrx_word' id='word_1_214' title='bbox 897 3575 1087 3645; x_wconf 80' lang='lat' dir='ltr'><strong>Francisoo</strong></span> <span class='ocrx_word' id='word_1_215' title='bbox 1103 3576 1147 3644; x_wconf 89' lang='lat' dir='ltr'><strong>de</strong></span> <span class='ocrx_word' id='word_1_216' title='bbox 1171 3574 1285 3645; x_wconf 89' lang='lat' dir='ltr'><strong>Furia</strong></span> 
     </span>
     <span class='ocr_line' id='line_1_30' title="bbox 182 3689 1282 3786; baseline 0.001 -26"><span class='ocrx_word' id='word_1_217' title='bbox 182 3691 302 3760; x_wconf 89' lang='lat' dir='ltr'><strong>collati</strong></span> <span class='ocrx_word' id='word_1_218' title='bbox 314 3689 424 3782; x_wconf 84' lang='lat' dir='ltr'><strong>(apud</strong></span> <span class='ocrx_word' id='word_1_219' title='bbox 435 3691 475 3759; x_wconf 93' lang='lat' dir='ltr'><em>M</em></span> <span class='ocrx_word' id='word_1_220' title='bbox 478 3690 695 3784; x_wconf 82' lang='lat' dir='ltr'><strong>atthiaeum),</strong></span> <span class='ocrx_word' id='word_1_221' title='bbox 705 3715 858 3784; x_wconf 93' lang='lat' dir='ltr'><strong>quorum</strong></span> <span class='ocrx_word' id='word_1_222' title='bbox 869 3694 940 3763; x_wconf 91' lang='lat' dir='ltr'><strong>duo</strong></span> <span class='ocrx_word' id='word_1_223' title='bbox 950 3693 1024 3781; x_wconf 82' lang='lat'><em>(18.</em></span> <span class='ocrx_word' id='word_1_224' title='bbox 1037 3702 1075 3762; x_wconf 88' lang='lat' dir='ltr'><strong>et</strong></span> <span class='ocrx_word' id='word_1_225' title='bbox 1085 3698 1160 3786; x_wconf 83' lang='lat'><em>34.)</em></span> <span class='ocrx_word' id='word_1_226' title='bbox 1174 3714 1282 3762; x_wconf 91' lang='lat' dir='ltr'><strong>mem·</strong></span> 
     </span>
     <span class='ocr_line' id='line_1_31' title="bbox 184 3806 1283 3904; baseline 0.001 -28"><span class='ocrx_word' id='word_1_227' title='bbox 184 3806 359 3890; x_wconf 86' lang='lat' dir='ltr'><strong>branaeei,</strong></span> <span class='ocrx_word' id='word_1_228' title='bbox 372 3807 520 3877; x_wconf 89' lang='lat' dir='ltr'><strong>totidem</strong></span> <span class='ocrx_word' id='word_1_229' title='bbox 532 3806 607 3901; x_wconf 84' lang='lat'><em>(17.</em></span> <span class='ocrx_word' id='word_1_230' title='bbox 618 3819 654 3879; x_wconf 92' lang='lat' dir='ltr'><strong>et</strong></span> <span class='ocrx_word' id='word_1_231' title='bbox 666 3833 687 3904; x_wconf 85' lang='lat'>3</span> <span class='ocrx_word' id='word_1_232' title='bbox 691 3814 741 3904; x_wconf 82' lang='lat'><strong>3.)</strong></span> <span class='ocrx_word' id='word_1_233' title='bbox 753 3809 967 3903; x_wconf 90' lang='lat' dir='ltr'><strong>bombycini,</strong></span> <span class='ocrx_word' id='word_1_234' title='bbox 978 3809 1085 3880; x_wconf 91' lang='lat' dir='ltr'><strong>ceteri</strong></span> <span class='ocrx_word' id='word_1_235' title='bbox 1095 3807 1283 3878; x_wconf 85' lang='lat' dir='ltr'><strong>chartacei.</strong></span> 
     </span>
    </p>

    <p class='ocr_par' dir='ltr' id='par_1_5' title="bbox 234 3920 1020 4018">
     <span class='ocr_line' id='line_1_32' title="bbox 234 3920 1020 4018; baseline 0.003 -25"><span class='ocrx_word' id='word_1_236' title='bbox 234 3920 342 3994; x_wconf 83' lang='lat' dir='ltr'><strong>Flor.</strong></span> <span class='ocrx_word' id='word_1_237' title='bbox 362 3922 488 4015; x_wconf 85' lang='lat' dir='ltr'><strong>(plutei</strong></span> <span class='ocrx_word' id='word_1_238' title='bbox 507 3929 582 4018; x_wconf 82' lang='lat'><em>31.)</em></span> <span class='ocrx_word' id='word_1_239' title='bbox 600 3943 634 4018; x_wconf 83' lang='lat'><strong>5.</strong></span> <span class='ocrx_word' id='word_1_240' title='bbox 664 3927 794 3999; x_wconf 91' lang='lat' dir='ltr'><strong>Insunt</strong></span> <span class='ocrx_word' id='word_1_241' title='bbox 812 3926 1020 3999; x_wconf 86' lang='lat' dir='ltr'><strong>Pboenissae.</strong></span> 
     </span>
    </p>

    <p class='ocr_par' dir='ltr' id='par_1_6' title="bbox 234 4035 1215 4138">
     <span class='ocr_line' id='line_1_33' title="bbox 234 4035 1215 4138; baseline 0.001 -29"><span class='ocrx_word' id='word_1_242' title='bbox 234 4035 342 4109; x_wconf 83' lang='lat' dir='ltr'><strong>Flor.</strong></span> <span class='ocrx_word' id='word_1_243' title='bbox 361 4041 396 4110; x_wconf 88' lang='lat'><strong>6.</strong></span> <span class='ocrx_word' id='word_1_244' title='bbox 414 4049 450 4110; x_wconf 91' lang='lat' dir='ltr'><strong>et</strong></span> <span class='ocrx_word' id='word_1_245' title='bbox 468 4036 574 4112; x_wconf 82' lang='lat' dir='ltr'><strong>Flor.</strong></span> <span class='ocrx_word' id='word_1_246' title='bbox 594 4067 629 4138; x_wconf 94' lang='lat'><strong>9.</strong></span> <span class='ocrx_word' id='word_1_247' title='bbox 653 4045 814 4127; x_wconf 87' lang='lat' dir='ltr'><strong>Hecuba,</strong></span> <span class='ocrx_word' id='word_1_248' title='bbox 832 4044 988 4123; x_wconf 89' lang='lat' dir='ltr'><strong>Orestes,</strong></span> <span class='ocrx_word' id='word_1_249' title='bbox 1007 4041 1215 4111; x_wconf 86' lang='lat' dir='ltr'><strong>Phoenissae.</strong></span> 
     </span>
    </p>

    <p class='ocr_par' dir='ltr' id='par_1_7' title="bbox 233 4153 1284 4244">
     <span class='ocr_line' id='line_1_34' title="bbox 233 4153 1284 4244; baseline 0 -19"><span class='ocrx_word' id='word_1_250' title='bbox 233 4153 421 4228; x_wconf 85' lang='lat' dir='ltr'><strong>Flor.1o.</strong></span> <span class='ocrx_word' id='word_1_251' title='bbox 450 4159 610 4244; x_wconf 90' lang='lat' dir='ltr'><strong>Hecuba,</strong></span> <span class='ocrx_word' id='word_1_252' title='bbox 638 4163 793 4243; x_wconf 84' lang='lat' dir='ltr'><strong>Orestes,</strong></span> <span class='ocrx_word' id='word_1_253' title='bbox 821 4157 960 4237; x_wconf 77' lang='lat' dir='ltr'><strong>Medea,</strong></span> <span class='ocrx_word' id='word_1_254' title='bbox 988 4156 1194 4238; x_wconf 81' lang='lat' dir='ltr'><strong>Phoenissee,</strong></span> <span class='ocrx_word' id='word_1_255' title='bbox 1218 4156 1284 4225; x_wconf 88' lang='lat' dir='ltr'><strong>Al-</strong></span> 
     </span>
    </p>
   </div>
   <div class='ocr_carea' id='block_1_3' title="bbox 184 4274 1001 4368">
    <p class='ocr_par' dir='ltr' id='par_1_8' title="bbox 184 4274 1001 4368">
     <span class='ocr_line' id='line_1_35' title="bbox 184 4274 1001 4368; baseline 0 -24"><span class='ocrx_word' id='word_1_256' title='bbox 184 4274 299 4356; x_wconf 79' lang='lat' dir='ltr'><strong>cestis,</strong></span> <span class='ocrx_word' id='word_1_257' title='bbox 317 4274 582 4358; x_wconf 90' lang='lat' dir='ltr'><strong>Andromacha,</strong></span> <span class='ocrx_word' id='word_1_258' title='bbox 600 4277 829 4368; x_wconf 88' lang='lat' dir='ltr'><strong>Hippolytus,</strong></span> <span class='ocrx_word' id='word_1_259' title='bbox 848 4275 1001 4345; x_wconf 88' lang='lat' dir='ltr'><strong>Rhesus.</strong></span> 
     </span>
    </p>
   </div>
   <div class='ocr_carea' id='block_1_4' title="bbox 0 0 1436 4914">
    <p class='ocr_par' dir='ltr' id='par_1_9' title="bbox 0 0 1436 4914">
     <span class='ocr_line' id='line_1_36' title="bbox 0 0 1436 4914; baseline 0 0"><span class='ocrx_word' id='word_1_260' title='bbox 0 0 1436 4914; x_wconf 95' lang='lat' dir='ltr'><strong> </strong></span> 
     </span>
    </p>
   </div>
  </div>
 </body>
</html>
