2864 4914
502 331 570 396 AD
594 333 934 400 HIPPOLYTUM.
1209 337 1274 406 277

213 501 264 564 80.
280 500 367 566 πάνθ
383 504 461 583 ὁμῶς
477 501 540 589 (vel
557 506 648 588 ὅμως)
665 504 796 569 codices.
811 504 896 570 πάντ’
911 506 959 571 δελ
974 506 1051 572 Atd.

213 603 264 683 84.
288 603 378 686 γέρας
398 609 528 691 βροτῶν]
553 614 671 690 βροτῶν
692 607 783 691 γέρας
798 611 845 674 Η.
863 608 950 675 Flor.
966 609 1032 676 duo
1053 623 1083 676 et
1102 611 1178 677 Chr.
1196 613 1268 678 Pu.

170 706 264 792 2585.

213 808 264 893 85.
282 807 310 871 α’
325 809 467 874 additum
484 836 521 876 ex
539 812 624 877 Flor.
643 833 689 877 10.

212 911 264 975 86.
280 912 385 997 αὐδὴν]
403 915 492 995 αὐδῆς
507 915 593 981 Flor.
607 937 657 981 10.
673 915 750 981 Ald.

209 1013 357 1099 ἠρξάμην]
372 1015 503 1098 ηὐξάμην
517 1019 582 1084 duo
596 1017 687 1083 codd·
706 1034 737 1084 et
752 1019 828 1085 Chr.
846 1022 885 1084 P.
903 1037 997 1106 2593.
1087 1065 1092 1076 .·

211 1117 264 1198 87.
294 1118 393 1182 Recte
422 1119 646 1209 interpretatur
669 1122 885 1209 Musgravius,
908 1124 992 1200 Rex,
1017 1144 1093 1187 tram
1121 1124 1268 1190 domium

165 1220 291 1305 quidem
305 1242 394 1284 nemo
401 1233 528 1309 proeter
544 1227 627 1289 Deos
641 1226 800 1290 vocandus
814 1235 868 1291 ert.
914 1226 1020 1291 Affert
1035 1226 1268 1293 Valckenaerius

166 1321 207 1383 ad
237 1320 421 1388 illustranda
449 1327 529 1390 senis
558 1327 689 1392 ministri
719 1327 814 1392 verba
846 1327 1053 1416 Xenophont.
1084 1332 1204 1417 Cyrop.
1231 1350 1265 1416 3.

167 1445 198 1508 p.
215 1425 287 1506 178,
302 1442 354 1511 37.
378 1426 485 1492 οὐδένα
507 1430 664 1511 ἄνθρωπον
685 1431 844 1511 δεσπότην,
868 1432 951 1495 ἀλλὰ
975 1431 1042 1500 τούς
1067 1433 1152 1501 θεούς
1175 1458 1268 1515 προσ-

167 1534 292 1591 κυνεῖτε.
321 1530 437 1594 Sensus
451 1529 507 1595 loci
525 1532 601 1595 mire
615 1531 725 1595 fefellit
740 1531 956 1611 Eustathium,
971 1533 1026 1621 qui
1042 1534 1127 1599 hunc
1141 1557 1265 1600 versum

167 1627 275 1693 laudat
289 1653 321 1717 p.
339 1650 391 1712 21,
407 1633 456 1696 18.
471 1642 504 1720 p.
520 1651 597 1718 423,
611 1652 660 1719 15.
677 1635 829 1697 MONK.

175 1772 177 1776 .
210 1735 261 1817 96.
277 1735 405 1815 πλείστη
419 1736 470 1823 γε]
487 1740 612 1815 πλείστη
627 1763 661 1801 τε
677 1735 761 1800 Flor.
778 1739 822 1800 A.

214 1854 283 1899 100.
314 1837 461 1924 εὐλαβοῦ]
487 1839 591 1903 Fun'ae
615 1861 636 1904 a
658 1839 780 1904 Graecis
805 1861 862 1928 per
886 1838 1135 1926 euphemismum
1158 1840 1266 1922 σεμναὶ

166 1940 233 2001 θεαὶ
255 1937 347 2002 dictae
361 1955 444 2006 sunt.
466 1942 531 2005 vid.
548 1942 743 2030 Hesychium
766 1942 798 2006 iu
821 1943 929 2024 σεμναί
950 1945 1026 2006 θεαί.
1071 1943 1182 2029 Atque
1202 1943 1266 2009 huc

165 2040 295 2104 fortasse
309 2043 433 2129 respicit
448 2045 618 2133 Hippolyti
633 2044 780 2109 monitio:
809 2067 895 2125 cave,
908 2067 947 2108 ue
962 2046 1040 2132 quid
1054 2045 1264 2111 incortctdtum

166 2144 265 2207 dicar.
310 2146 423 2210 Furias
452 2142 533 2212 euim
563 2148 723 2213 nominare
759 2147 846 2212 nefas
881 2161 958 2211 erut.
995 2147 1097 2210 Orest.
1128 2170 1158 2212 v.
1188 2168 1263 2235 403.

170 2247 314 2311 MUSG.

214 2367 285 2412 102.
301 2350 472 2436 πρόσωθεν]
488 2352 606 2417 ἄπωθεν
622 2351 709 2417 Plut.
726 2351 810 2415 Mor.
826 2374 858 2439 p.
875 2366 949 2435 777,
966 2350 995 2414 8.
1033 2349 1097 2414 Sed
1110 2353 1265 2431 πρόσωθεν

167 2450 323 2515 Themist.
338 2475 384 2515 or.
403 2455 452 2516 16.
468 2476 498 2540 p.
517 2473 575 2520 211
595 2456 632 2520 B.
659 2456 751 2519 Plato
766 2455 848 2541 Rep.
866 2456 896 2518 6.
911 2476 943 2541 p.
957 2472 1022 2539 499
1038 2455 1084 2518 A.
1100 2454 1200 2519 POR.

214 2573 285 2638 103.
302 2553 351 2640 έν]
370 2557 405 2634 ἐμ
422 2556 512 2620 Lasc.

212 2658 284 2719 116.
321 2659 586 2746 προσευχόμεσθα]
624 2663 868 2743 προσενξόμεσθα
902 2658 1001 2723 Parin.
1033 2660 1078 2723 A.
1111 2671 1143 2722 et
1176 2656 1264 2724 Flor.

167 2758 242 2823 duo.

212 2863 282 2925 118.
299 2862 437 2949 ἔντονον]
460 2865 639 2928 Violentum.
664 2866 785 2929 εὐτονον
800 2863 898 2928 Paris.
914 2864 1042 2929 A.B.C.

213 2985 284 3049 119.
300 2967 423 3050 τούτων]
442 2969 545 3031 τοῦτον
560 2969 651 3031 A.H.
668 2969 696 3030 F
699 2966 753 3031 lot.
770 2966 835 3031 duo
848 2981 880 3032 et
895 2965 971 3031 Ald.

213 3087 282 3134 120.
299 3067 358 3154 δεῖ]
377 3068 582 3133 scribendum
599 3068 657 3152 χρὴ
670 3091 710 3133 ex
727 3068 824 3134 Paris.
841 3071 929 3135 A.H.
943 3083 975 3134 et
990 3067 1077 3133 Flor.
1092 3067 1226 3132 duobus

213 3188 284 3235 121.
313 3169 518 3234 scribendum
542 3193 606 3235 uuo
628 3194 719 3235 versu
741 3168 1055 3254 Ὠκεανοῦ-λέγεται
1076 3185 1108 3236 et
1130 3171 1162 3234 iu
1183 3170 1264 3235 anti·

167 3273 297 3360 stropho
312 3292 384 3357 131.
401 3271 711 3356 τετρυμένον-ἔχειν.

209 3376 359 3439 Ὠκεανοῦ
373 3401 416 3443 τις
425 3379 502 3457 ὕδωρ
513 3377 662 3452 στόζονσα
674 3375 783 3462 πέτρα]
794 3376 816 3438 J
819 3396 904 3462 ungo
915 3398 986 3440 cum
999 3374 1096 3440 schol.
1108 3391 1139 3439 et
1150 3376 1266 3440 Eusta-

168 3479 233 3543 thio
247 3502 280 3567 p.
295 3480 366 3561 267.
381 3479 430 3544 28.
446 3479 595 3542 Ὠκεανοῦ
608 3480 693 3560 ὕδωρ.
712 3477 752 3543 Il.
766 3484 805 3552 Φ,
822 3481 892 3562 196.
908 3476 1096 3560 (Ὠκεανοῖο)
1114 3478 1145 3557 ἐξ
1160 3478 1195 3541 οὐ
1208 3504 1265 3561 περ

166 3583 276 3649 πάντες
295 3582 421 3662 ποταμοὶ
444 3583 492 3646 καὶ
514 3586 598 3646 πᾶσα
616 3580 769 3661 θάλασσα,
785 3581 833 3645 καὶ
846 3585 941 3645 πᾶσαι
956 3585 1058 3663 κρῆναι
1074 3581 1121 3643 καὶ
1138 3582 1266 3662 φρείατα

165 3689 262 3766 μακρδ
274 3683 408 3750 νάουσιν.
433 3684 519 3749 Hinc
529 3683 621 3748 etiam
632 3683 740 3748 AEsch.
754 3685 786 3748 S.
795 3706 823 3748 c.
835 3682 899 3748 Th.
910 3700 949 3767 29
949 3697 981 3768 5.
993 3685 1069 3764 ὕδωρ
1079 3706 1111 3746 τε
1122 3689 1265 3763 Διρκαῖον

168 3787 407 3868 εὐτραφέστατον
419 3787 575 3867 πωμάτων,
590 3788 671 3850 ὅσων
682 3788 744 3866 ίησι
755 3790 908 3850 Ποσειδᾶν
920 3787 936 3848 ὁ
947 3785 1091 3869 γαιθοχος
1101 3787 1217 3865 Τηθόος
1230 3807 1265 3851 τε

167 3896 280 3958 παῖδες.
304 3893 451 3954 Ceterum
464 3890 515 3953 vix
532 3890 627 3954 risum
644 3889 782 3975 effugere
796 3911 886 3976 posse
900 3887 1025 3951 videtur
1037 3888 1094 3950 hoc
1106 3899 1208 3973 poetae
1218 3886 1266 3950 in-

167 4007 307 4070 ventum,
317 4016 381 4078 quo
395 3992 540 4057 mulieres
550 3991 635 4056 chori
646 3990 686 4057 de
698 3992 808 4056 morbo
819 3988 934 4078 reginae
945 3990 985 4054 ab
997 3989 1096 4053 amica
1108 4003 1208 4053 vestes
1221 3987 1265 4052 Ιο-

167 4110 259 4159 vante
274 4095 417 4158 certiores
431 4095 522 4159 factae
537 4118 602 4159 esse
618 4095 777 4159 dicuutur.
803 4093 887 4172 Quid
903 4093 1008 4158 euim?
1031 4114 1107 4157 uum
1123 4092 1163 4155 ad
1178 4106 1264 4156 mare

168 4221 267 4285 usquc
277 4196 605 4284 progredioportcbat,
616 4196 718 4261 uthoc
727 4196 941 4261 resciscerent?
959 4195 1149 4260 MATTH.
1169 4193 1265 4258 Scho-

164 4301 263 4379 liasta,
279 4299 373 4380 πέτρα
388 4325 431 4367 τις
447 4300 531 4363 ἐστὶν
544 4301 620 4380 ὕδωρ
632 4296 795 4363 Ὠκεόνιον
810 4298 969 4376 στόζονσα,
990 4299 1025 4362 οὐ
1048 4297 1174 4362 διιπετὲς
1195 4297 1264 4360 οὐδδ

164 4404 271 4479 ῦέτιον,
288 4404 357 4469 ἀλλ’
369 4401 537 4481 αὐτομάτως
551 4402 732 4482 δνοβλῦζον·
755 4405 816 4466 πᾶν
831 4404 862 4468 δὲ
877 4403 953 4483 ῦδωρ
967 4401 1117 4467 Ὠκεανοῦ
1130 4396 1263 4481 λέγεται.

686 4523 741 4590 Τθ
