2864 4914
508 274 577 338 AD
600 273 889 340 PHOENISSAS.
1189 271 1250 337 171

198 461 290 528 1345.
316 445 602 530 βαρυποτμωτάτας]
636 445 727 510 Libri
756 446 897 534 plerique
921 439 1196 526 βαρυποτμωτάτας,
1221 457 1254 507 et

152 546 247 629 1348.
263 549 494 628 δυσποτμάτερο.

198 651 289 732 1346.
308 652 406 714 Hunc
422 674 545 715 versum
561 674 623 715 om.
640 650 727 714 Flor.
745 649 910 714 secundus.

197 768 289 835 1347.
305 755 440 817 τούτοισί
453 752 480 835 γ’
495 753 616 817 codices
631 752 782 840 plerique.
817 755 965 817 τούτοισιν
980 750 1057 815 Ald.

197 869 289 939 1351.
307 853 382 938 κάρα
396 857 434 919 Β.
450 855 565 942 aliique
580 856 683 943 pauci.
722 861 814 938 κρᾶτα
825 854 902 918 Ald.
941 856 1058 918 Versus
1073 877 1112 917 ex
1127 853 1254 919 duobus

152 955 304 1020 dochmiis
319 969 352 1021 et
366 958 469 1021 iambo
483 959 685 1044 compositus.

199 1077 291 1143 1352.
323 1060 450 1142 τέρμον’,
473 1061 622 1145 Ἰοκάστη]
654 1060 756 1125 Codd.
788 1059 929 1147 plerique
958 1082 1027 1123 cum
1056 1059 1131 1123 Ald.
1161 1059 1254 1141 τέρμα

150 1161 297 1241 Ἰοκάστη,
321 1162 411 1248 pauci
434 1162 512 1244 τέρμ’
529 1161 676 1243 Ἰοκάστη,
692 1164 778 1250 quod
795 1179 841 1226 est
856 1162 887 1224 in
904 1163 989 1226 RH.
1028 1164 1140 1226 Veram
1156 1161 1252 1247 scrip·

152 1279 253 1327 turam
271 1265 406 1329 restituit
428 1264 566 1352 Scaliger
580 1265 677 1330 ductu
694 1265 808 1329 codicis
830 1264 1004 1330 Florentini
1022 1265 1126 1344 unius,
1142 1265 1254 1351 inquo

152 1380 198 1429 est
212 1370 378 1447 τερμονίαις
392 1368 512 1448 ὀκάστη.

200 1488 292 1555 1353.
309 1469 475 1556 αἰνιγμοὺς]
493 1469 623 1534 Codices
645 1468 764 1556 aliquot
780 1467 803 1532 r’
820 1470 972 1552 αἰνιγμοὺς
987 1467 1034 1532 vel
1051 1471 1204 1552 αἰνιγμούς
1216 1470 1252 1543 τ’,

152 1571 237 1635 unde
258 1572 332 1635 fecit
348 1571 591 1649 Valckenarius,
606 1577 743 1655 αἰνιγμοΰ
763 1570 802 1650 τ’,
818 1571 883 1635 sine
902 1594 1003 1635 causa.
1051 1573 1166 1636 Sensus
1188 1588 1251 1637 est:

153 1674 311 1760 Sphingis
338 1677 477 1763 <enigma
498 1677 639 1740 Jocasrae
666 1677 776 1739 aetatu
799 1676 955 1761 irfilicem
980 1696 1051 1737 οιιτα
1075 1677 1160 1752 νάιοι,
1186 1684 1254 1738 tum

152 1780 352 1864 nuptiarum,
363 1780 478 1863 finem.
526 1779 577 1842 Sic
600 1780 630 1842 in
656 1779 747 1844 Iliad.
765 1788 801 1843 A.
822 1796 892 1863 155.
917 1776 1069 1841 exclamat
1084 1779 1255 1863 Agamem-

152 1902 227 1957 non,
251 1880 380 1944 θάνατόν
402 1883 438 1945 νύ
459 1907 506 1945 τοι
531 1880 602 1962 ὅρκι’
624 1883 760 1962 ἔταμνον.
796 1883 922 1958 Foedur,
944 1882 1026 1968 quod
1044 1884 1174 1969 pepigi,
1196 1883 1254 1946 titi

152 1986 264 2047 mortis
277 2004 375 2046 caasa
389 1992 443 2046 rat.
468 1985 570 2048 POR.

201 2106 293 2171 1354.
317 2092 378 2152 πῶς
399 2088 448 2150 καὶ
469 2086 560 2150 codd.
579 2086 717 2173 plurimi.
755 2088 802 2151 καὶ
823 2093 884 2153 πῶς
905 2085 983 2149 Ald.
1030 2088 1116 2149 “Eo
1130 2087 1254 2151 nomine

155 2189 202 2253 καὶ
223 2195 285 2254 πῶς
304 2187 414 2252 vitiosa
429 2205 474 2252 est
490 2188 591 2267 lectio,
606 2188 691 2275 quod
707 2188 880 2273 objicientis
894 2188 959 2252 fere
974 2203 1020 2252 est
1035 2187 1083 2251 vel
1099 2187 1256 2252 contradi-

153 2291 261 2368 centis,
286 2308 321 2355 ut
344 2291 438 2354 modo
469 2292 558 2376 1348.
606 2293 721 2354 Sensus
744 2305 801 2367 est,
826 2292 890 2354 Dic
916 2299 1072 2377 praterea
1093 2291 1254 2377 quomodo.

156 2395 207 2458 Ita
222 2393 298 2458 solet
312 2392 426 2480 copula
441 2392 669 2479 interrogativis
684 2395 738 2466 τίς,
753 2399 823 2466 πῶς,
839 2400 900 2466 noi,
915 2398 982 2466 ποῦ,
998 2399 1082 2460 ποῖος
1096 2393 1253 2479 postponi.

155 2498 235 2561 Hec.
250 2518 326 2582 519.
341 2502 402 2562 πῶς
423 2499 474 2561 καί
487 2523 533 2561 νιν
549 2495 718 2578 ἐξεπράξατ’
727 2525 734 2569 ;
759 2494 803 2578 ἆρ’
820 2497 987 2576 αἰδούμενοι
996 2524 1005 2569 ;
1032 2515 1124 2581 1055.
1139 2503 1194 2560 ποῖ
1206 2499 1258 2562 καί

153 2626 191 2680 με
206 2604 288 2683 φυγᾷ
306 2602 489 2664 Πτῶσσονσι
503 2606 624 2683 μυχῶν;
649 2598 720 2662 Alc.
738 2600 809 2680 846.
825 2605 882 2662 ποῦ
898 2601 949 2663 καί
961 2609 1022 2682 σφε
1038 2600 1142 2664 θάπτει
1151 2628 1160 2673 ;
1180 2600 1255 2663 Ari-

155 2703 259 2789 stoph.
277 2704 352 2766 Pac.
374 2705 464 2766 1288.
481 2709 533 2765 τοῦ
549 2703 599 2766 καί
613 2700 677 2765 ποτ’
695 2701 739 2775 εἴ;
764 2700 910 2787 Sophocl.
927 2702 983 2788 Aj.
1002 2721 1096 2784 1290.
1111 2710 1166 2767 ποῖ
1176 2702 1254 2782 βλέ-

153 2829 219 2867 πων
232 2803 296 2868 ποτ’
312 2806 387 2869 αὐτὰ
402 2806 449 2869 καὶ
464 2810 560 2887 θροεῖς
569 2833 577 2879 ;
602 2806 838 2891 Nonnunquam
858 2805 940 2869 inter
953 2805 1085 2892 primam
1102 2828 1208 2870 vocem
1224 2820 1256 2871 et

156 2906 203 2969 καὶ
224 2905 427 2992 interponunt
448 2910 490 2980 δὲ,
515 2922 550 2970 ut
576 2909 658 2970 Hec.
686 2926 773 2989 1191.
797 2910 864 2971 τίνα
890 2910 922 2970 δὲ
944 2908 992 2970 καὶ
1011 2911 1147 2972 σπεύδων
1166 2908 1257 2992 χάριν

155 3010 313 3090 Πράθνμος
334 3010 414 3089 ἦσθα
424 3038 431 3082 ;
456 3009 613 3073 Androm.
629 3013 702 3093 396.
718 3010 749 3071 τί
761 3008 795 3073 δέ
811 3034 849 3089 με
872 2996 919 3072 καὶ
933 3016 1031 3074 τεκεῖν
1046 3013 1154 3093 έχρῆν;
1181 3011 1256 3099 Iph.

156 3115 198 3174 A.
217 3131 310 3175 1202.
327 3114 372 3179 τίς
386 3115 418 3176 δὲ
435 3113 483 3176 καὶ
497 3111 729 3194 προσβλέψεται
749 3114 873 3175 Παέδων
888 3109 917 3173 α’
933 3112 1010 3174 ὅτων
1024 3111 1062 3176 άν
1075 3114 1257 3194 προθέμενος

156 3212 261 3293 κτάνῃς
282 3213 367 3287 τινά;
393 3213 539 3299 Sophocl.
556 3213 668 3299 Antig.
687 3230 760 3295 772.
780 3215 861 3297 μάριρ
884 3215 916 3277 δὲ
935 3217 1010 3298 ποέφ
1033 3217 1083 3277 καί
1100 3223 1163 3296 σφε
1181 3223 1254 3296 βον-

156 3318 237 3380 λεάει
260 3323 396 3389 κτανεΐν;
425 3335 515 3401 1314.
530 3319 604 3401 ποίῳ
628 3318 660 3378 δὲ
679 3313 858 3379 κάπελύσατ’
875 3317 909 3379 έν
923 3323 1030 3397 φοναῖς
1051 3319 1170 3402 τρότῳ;
1196 3319 1257 3383 At-

155 3442 218 3506 que
239 3419 307 3482 haec
332 3418 484 3483 sufficient
498 3420 536 3483 ad
555 3417 773 3481 vindicandum
798 3417 930 3503 Hippol.
947 3436 999 3500 92.
1021 3419 1086 3483 Οὐκ
1106 3418 1181 3483 οἶδα·
1204 3425 1257 3486 τοῦ

156 3523 188 3585 δέ
205 3524 254 3585 καί
265 3520 294 3602 μ’
311 3522 478 3602 άνιστορεΐς
492 3521 579 3604 σέρις
603 3543 696 3606 quem
708 3518 850 3606 imperite
861 3517 1037 3584 sollicitavit
1049 3522 1257 3588 Brunclrius.”

157 3626 260 3689 POR.

202 3747 293 3812 1359.
309 3727 464 3811 χαλκέοις]
481 3733 606 3810 χαλκοῖς
619 3725 740 3790 codices
754 3723 868 3812 plures.
904 3725 1001 3789 Pauci
1016 3731 1169 3810 χαλκείοις
1183 3753 1255 3794 cum

155 3829 232 3893 Ald.

199 3932 410 4016 ἐκοσμήσανθ’]
430 3935 601 4012 ἐκόσμησαν
618 3932 662 3993 Η.
678 3945 709 3994 et
724 3928 802 3992 Ald.

202 4041 295 4123 1363.
318 4035 533 4119 μονομαχοῦντ’
551 4035 629 4099 Ald.
645 4058 716 4120 quae
739 4033 829 4098 lectio
844 4056 882 4097 ex
905 4034 1030 4098 duabus
1051 4036 1185 4104 conflata
1198 4057 1256 4119 est,

155 4140 327 4224 μονομάχον
349 4138 373 4203 τ’
393 4143 499 4225 (quam
523 4139 639 4201 habent
661 4135 836 4213 Bodleiani,
854 4138 892 4200 C.
910 4138 951 4200 D.
969 4139 1008 4201 L.
1026 4139 1073 4202 ed.
1095 4140 1207 4228 King.)
1225 4157 1257 4207 et

154 4241 327 4324 μονομάχον
341 4240 376 4315 τ’,
394 4264 487 4327 quam
505 4263 606 4304 veram
625 4264 690 4305 esse
706 4239 784 4303 vidit
800 4240 979 4318 Piersonus,
996 4256 1027 4305 et
1041 4265 1058 4304 e
1080 4244 1154 4306 MS.
1171 4259 1257 4309 nota-

156 4343 201 4406 vit
225 4344 373 4430 Scaliger.
414 4343 643 4407 Valckenaerius
664 4343 784 4407 confert
807 4366 902 4429 supra
928 4361 1017 4427 1345.
1035 4342 1164 4431 [1315]
1186 4350 1256 4412 He·

157 4445 231 4510 racl.
248 4446 321 4531 819.
339 4445 511 4528 μονομάχον
526 4442 561 4508 δι’
577 4446 702 4512 άστιάος
717 4447 894 4526 Διαλλαγίις
913 4445 1051 4527 ἔγνωσαν
1065 4447 1103 4511 οὐ
1114 4450 1255 4529 τελουμέ-
