2864 4914
185 287 250 353 808
543 281 922 347 ANNOTATIONES

183 459 329 546 ρενίίιαις
353 453 448 519 hicet
463 453 496 517 iu
511 455 638 540 Fragm.
655 455 735 518 Eur.
749 450 907 542 Licymnii
920 472 947 516 ι.
971 447 1088 530 κομψὸς
1102 446 1184 511 euim
1198 443 1288 532 apud

187 560 338 625 Nostrum
355 556 396 622 de
408 555 555 621 facundia
569 555 695 633 dicitur,
710 569 742 619 et
757 554 910 640 siguificat
923 553 1049 640 qureae,
1061 557 1212 638 argutus,
1224 547 1289 612 eal·

186 663 283 727 didm.
330 657 442 746 Suppl.
464 678 538 739 441.
563 659 689 740 Κομψός
719 655 746 738 γ’
771 660 788 720 ἀ
811 653 910 738 κῆρυξ.
949 651 1038 742 Cycl.
1060 669 1135 737 315.
1159 648 1289 733 Κομψὸς

187 763 310 848 γενήσει
336 763 384 826 καὶ
409 763 600 833 λαλίστατος,
620 761 766 841 Κύκλωψ.
799 757 918 822 Troad.
940 757 1013 841 652.
1039 759 1142 836 κομψὰ
1160 757 1289 834 θηλειῶν

187 864 254 944 έπη.
278 862 428 926 ΜΟΝΚ.

222 967 338 1050 λόγον]
357 966 468 1046 λόγους
483 965 556 1027 Par.
572 966 617 1028 A.
641 962 703 1028 Sed
719 965 815 1044 λόγον
830 960 916 1025 Plut.
932 960 1018 1022 Mor.
1034 980 1067 1045 p.
1081 957 1101 1020 6
1118 958 1158 1020 B.

232 1068 307 1153 987.
325 1067 369 1150 ές]
388 1067 487 1130 Recte
502 1068 544 1133 είς
558 1065 636 1129 Ald.

233 1186 308 1252 990.
325 1167 494 1251 συμφορᾶς]
512 1165 719 1231 scribendum
736 1167 886 1247 ξυμφορᾶς
899 1183 939 1226 ex
955 1162 1030 1225 Par.
1045 1160 1090 1223 A.

234 1290 307 1355 991.
323 1270 361 1355 δ’]
380 1271 406 1352 γ’
423 1271 494 1333 Par.
510 1271 555 1332 A.
573 1270 658 1332 Flor.
677 1271 717 1332 A.

233 1390 308 1459 992.
338 1372 483 1458 ὑπῆλθες]
508 1373 644 1437 Subdola
671 1391 848 1459 aggressus
875 1390 919 1432 ee.
963 1365 1058 1444 Quod
1086 1386 1148 1428 uon
1177 1375 1288 1450 aptum

189 1473 315 1539 videtur
340 1473 414 1538 huic
435 1471 514 1537 loeo.
551 1472 782 1560 corrigendum
805 1473 924 1551 ἐπῆλθε.
963 1467 1084 1533 Eadem
1111 1464 1291 1552 corruptela

190 1576 313 1641 sublata
328 1575 413 1662 apud
430 1575 592 1662 Aristoph.
608 1574 720 1661 Equis.
736 1591 809 1659 459.
825 1586 952 1637 auctore
966 1571 1071 1636 codiee
1086 1571 1282 1635 Ravennare.

233 1684 350 1760 πρῶπον
372 1679 446 1742 Par.
463 1680 506 1742 A.
531 1677 616 1742 Flor.
636 1678 679 1741 A.
698 1692 816 1760 1015.
842 1674 909 1739 Chr
943 1675 1014 1738 Pat.
1032 1693 1108 1758 519.
1144 1674 1291 1754 πρότερον

191 1781 276 1846 Flor.
294 1800 325 1847 π.
342 1782 432 1845 Lase.
449 1779 526 1844 Ald.

235 1903 309 1968 993.
334 1882 418 1968 κούκ]
442 1884 494 1947 οὐκ
518 1882 737 1947 Marklandus.
785 1881 836 1947 Sic
861 1881 952 1946 etiam
978 1879 1155 1945 scholiastes
1180 1877 1291 1964 legisse

191 1983 325 2048 videtur.
373 1983 434 2047 Sed
449 1983 547 2070 possis
561 1984 652 2049 etiam
669 1984 711 2049 sic
725 1984 883 2071 accipere:
900 1993 1024 2070 putam
1041 1991 1070 2044 te
1085 1980 1290 2067 perditurum

190 2107 256 2151 esse
276 2107 336 2165 me,
350 2096 379 2150 et
400 2108 449 2150 me
469 2088 552 2150 nihil
571 2088 870 2152 contradicturum.
916 2088 990 2150 Hoc
1008 2099 1054 2149 est
1069 2085 1109 2152 ὣς
1123 2088 1291 2166 διαφθερῶν

190 2213 238 2269 με,
263 2189 311 2252 καὶ
333 2190 372 2256 ὦς
391 2191 444 2269 έμὶ
465 2190 517 2254 οὐκ
538 2189 742 2268 ἀντιλέξονπα.
788 2187 937 2253 Similiter
960 2186 1065 2251 Thuc.
1087 2206 1120 2267 4,
1135 2202 1167 2272 5.
1191 2182 1292 2264 ‹irs-ir

191 2291 249 2375 οὐχ
262 2294 481 2373 ὑπομενοῦντας
497 2297 586 2375 σφᾶς,
602 2289 620 2371 ἣ
633 2293 739 2377 ῥαδίως
753 2292 922 2374 ληψόμενοι
935 2291 999 2375 βία.
1023 2290 1216 2353 ΜΑΤΤΗ.

235 2411 309 2479 997.
331 2394 370 2474 μὴ
383 2392 497 2478 ’δικεῖν]
521 2393 562 2473 μ]
576 2395 687 2457 ἀδικεῖν
701 2391 822 2457 codiees
843 2405 958 2479 praeter
974 2391 1061 2456 Flor.
1078 2410 1107 2456 2.
1146 2390 1291 2455 Scriben-

191 2495 268 2561 dum
284 2498 426 2577 μάδικεῖν.

190 2626 194 2630 ’
235 2597 437 2683 πειρωμένοις]
456 2600 635 2680 πειρώμενος
650 2601 721 2663 Par.
738 2601 784 2662 A.

235 2701 310 2785 998.
338 2699 555 2785 ἐπαγγέλλειν]
589 2701 691 2766 Codd.
717 2716 747 2766 et
777 2701 848 2766 edd.
873 2701 1089 2785 ἀπαγγέλλειν,
1114 2701 1289 2773 nunciam

192 2801 278 2890 quod
295 2801 406 2866 AEmil.
430 2804 517 2866 Port.
541 2826 612 2867 cum
637 2806 796 2884 ἐπίσταμαι
817 2803 991 2890 conjungit,
1008 2800 1121 2866 Mouk.
1142 2825 1180 2865 eo
1199 2825 1293 2866 sensu

193 2904 316 2991 accipit,
340 2927 407 2991 quo
429 2904 536 2968 nutrix
558 2904 589 2968 in
615 2905 673 2970 hac
692 2904 800 2971 fabula
824 2906 885 2970 dici
909 2905 1059 2991 potuisset
1085 2905 1293 2987 ἀπαγγέλλειν

195 3005 341 3071 Phaedrae
365 3006 448 3071 κακά.
495 3006 557 3070 Sed
581 3022 683 3094 potest
708 3008 820 3096 aliquis
847 3008 927 3073 mela
956 3007 1094 3072 facinora
1118 3029 1180 3070 non
1208 3006 1293 3070 forus

193 3110 313 3187 efferre,
331 3123 478 3173 ettamen
496 3108 657 3197 improbus
670 3134 747 3176 esse.
794 3114 909 3177 Sensus
930 3111 1031 3199 poscit
1046 3110 1188 3186 verbum,
1205 3109 1292 3196 quod

192 3211 309 3278 iudicet
323 3211 387 3276 sive
399 3221 504 3300 petere
518 3211 584 3276 sive
598 3215 733 3278 imitare
750 3214 794 3278 ad
814 3214 944 3301 aliquid.
991 3212 1084 3277 Prius
1098 3211 1197 3276 voluit
1213 3213 1292 3276 Mil-

194 3332 248 3381 ton
272 3316 474 3399 ἐπαγγέλλειν
488 3317 614 3403 legens;
638 3316 691 3381 sed
715 3317 774 3381 hoc
795 3341 814 3382 a
836 3316 1001 3381 serioribus
1024 3331 1145 3379 tautum
1166 3317 1293 3402 petendi

192 3419 225 3482 vi
241 3437 421 3506 usurpatur.
456 3421 567 3486 Potius
582 3424 690 3504 έπαγγ.
706 3420 1048 3507 accipiamfaeiendum
1062 3419 1185 3506 aliquid
1195 3420 1293 3483 alicui

192 3521 397 3597 denunciare,
412 3521 485 3586 hinc
504 3525 650 3588 incitare.
688 3524 863 3609 Spondere,
878 3525 914 3586 in
927 3545 961 3586 se
974 3523 1111 3608 recipere
1130 3523 1294 3608 patranda

179 3625 352 3710 facinora,
367 3647 432 3710 quo
447 3647 536 3689 sensu
561 3623 667 3689 Reisk.
685 3623 795 3690 Vulck.
812 3624 952 3689 Bruuck.
969 3647 1074 3689 vocem
1094 3640 1292 3710 acceperunt,

193 3738 285 3804 esset,
300 3741 392 3813 puto,
408 3729 656 3809 ἐπαγγείλασθαι.
681 3729 872 3792 ΜΑΤΤΗ.

241 3848 335 3892 1000.
352 3831 551 3918 έγγελαστλς]
570 3833 752 3914 έκγελασιὴς
769 3834 813 3895 Η.

242 3951 337 3995 1001.
353 3934 455 4017 αὐτὸς]
474 3933 563 3999 Libri
580 3936 675 4020 αιίτόςἲ

239 4035 349 4117 κάγγάις
363 4035 406 4099 ἀν
422 4038 537 4124 φίλοις]
554 4039 661 4120 κέγγὺς
676 4037 718 4100 ὢν
733 4039 824 4119 φίλος
839 4038 914 4100 Par.
931 4037 973 4098 A.
992 4034 1078 4098 Flor.
1095 4036 1139 4098 A.
1155 4035 1202 4096 H.

242 4155 334 4202 1002.
353 4139 448 4222 ἑλεῖν]
467 4139 549 4221 ἔχειν
565 4138 638 4203 Par.
655 4140 696 4202 E.
713 4139 799 4203 Flor.
817 4158 846 4202 2.
866 4156 915 4224 15.
932 4139 1024 4201 Lasc.

243 4258 333 4320 1004.
349 4240 401 4303 οὐκ
418 4240 491 4302 Par.
508 4243 550 4304 A.
567 4241 653 4305 Flor.
669 4243 714 4304 A.
726 4242 771 4304 H.
790 4242 882 4306 Lasc.
897 4254 929 4305 et
945 4240 1021 4305 Chr.
1038 4241 1110 4305 Pat.
1126 4256 1201 4325 520.
1224 4239 1293 4302 κούκ

237 4439 334 4526 λόγῳ]
351 4442 444 4521 μόνον
458 4438 547 4506 addit
564 4442 611 4505 H.
