2864 4914
536 289 603 354 AD
626 289 914 355 PHOENISSAS.
1214 290 1278 360 129

217 475 268 521 21.
291 459 308 521 δ
331 457 356 523 δ’
371 459 462 546 ἡδονῇ
484 461 566 546 δοὺς]
586 459 627 525 Id
642 474 689 526 eat
703 461 770 529 δοὺς
785 462 909 526 ἑαυτόνι
934 483 962 523 v.
978 459 1122 546 exempla
1136 459 1168 524 in
1185 459 1276 525 The·

170 580 265 624 sauro
280 561 433 649 Stephani
447 561 541 627 allata
554 562 615 627 vol.
633 582 662 628 2.
679 587 710 651 p.
727 582 818 644 1421.

213 680 264 729 22.
290 662 381 728 Idem
403 664 604 750 pleonasmus
626 667 696 730 Ion.
717 669 765 730 16.
788 663 903 730 τεκοῦσ’
921 667 955 729 ἓν
977 667 1066 732 οἴκοις
1088 663 1178 739 παῖδ’,
1195 665 1273 746 ἀπή-

168 788 275 846 νεγκεν
287 765 413 848 βρέφος,
429 766 537 832 similis
560 768 633 855 Iph.
651 770 692 832 Τ.
711 787 783 853 239.
798 766 1024 851 Ἀγαμέμνονος
1045 773 1109 841 παῖ,
1130 768 1177 832 καὶ
1193 774 1274 834 Κλυ-

165 866 364 950 ταηινήστρας
377 869 472 938 τέκος·
498 869 554 934 ubi
568 894 641 935 cunr
661 869 749 957 prius
770 896 804 934 τε
825 893 884 957 pro
898 877 955 934 παῖ
968 867 1148 956 conjecisset
1164 869 1276 934 Mark-

165 965 280 1033 landus
300 970 341 1035 ad
366 971 478 1059 Suppl.
497 992 571 1059 932.
593 989 702 1060 postea
724 972 888 1060 vulgatum
910 971 1059 1036 defendit.
1106 971 1169 1036 Sed
1192 972 1273 1037 inso-

166 1071 279 1136 lentior
292 1073 385 1137 etiam
400 1076 599 1161 pleonasmus
614 1076 748 1140 occurrit
763 1098 836 1140 mox
852 1093 904 1158 47.
920 1096 974 1160 49.
997 1075 1099 1139 POR.

213 1177 264 1239 26.
286 1174 397 1262 μέσον]
420 1177 522 1257 μέσων
542 1178 640 1242 codex
665 1181 759 1243 Cant.
785 1179 869 1265 quod
896 1177 1007 1265 legisse
1030 1178 1155 1242 videtur
1177 1177 1274 1242 schol.

168 1278 309 1364 August.
324 1282 373 1343 διδ
386 1279 489 1360 μέσων
503 1286 561 1344 τῶν
576 1287 700 1363 σφυρῶν
714 1284 751 1344 τδ
766 1285 872 1362 σιδηρᾶ
888 1279 995 1363 κέντρα
1013 1281 1126 1360 πείρας.
1151 1286 1275 1363 σφυρῶν

165 1379 263 1459 μέσον
277 1402 335 1465 pro
347 1380 428 1461 μέσα
442 1381 554 1465 σφυρό,
571 1398 607 1448 ut
622 1386 754 1466 λαγόνος
770 1385 800 1451 ές
814 1383 910 1463 μέσον
926 1384 1006 1447 Hec.
1022 1399 1098 1467 554.
1116 1382 1218 1460 κλίνης
1241 1385 1276 1446 έν

165 1481 250 1567 μέσῳ
268 1485 362 1546 1126.
387 1484 485 1549 Hune
500 1507 636 1564 versum,
652 1485 706 1549 sed
723 1485 765 1548 sic
780 1485 930 1572 scriptum
947 1484 1065 1566 σφυρὸν
1080 1487 1138 1547 σιδ.
1156 1509 1182 1548 κ.
1200 1483 1274 1547 citat

166 1582 263 1648 schol.
279 1584 389 1648 Venet.
406 1585 447 1649 ad
470 1586 511 1651 Il.
528 1587 570 1667 β’,
586 1604 639 1672 45.
654 1588 697 1652 ob
712 1592 818 1671 σιδηρᾶ
840 1587 957 1668 κέντρα,
973 1609 1072 1673 quum
1096 1585 1178 1649 infra
1201 1586 1273 1669 803,

167 1685 310 1773 OEdipus
325 1703 454 1752 vocetur
467 1691 660 1773 χρυσοδέτοις
675 1693 814 1773 περόναις
830 1693 983 1770 έπύσαμος.
1007 1690 1198 1752 ΜΑΤΤΗ.

213 1806 264 1871 27.
279 1790 378 1854 Hunc
393 1813 515 1855 versum
532 1792 675 1878 spurium
689 1791 909 1879 pronunciavit
924 1790 1167 1855 Valckenaerius.
1192 1793 1274 1854 Sane

166 1910 229 1952 non
245 1887 337 1954 nimis
350 1890 475 1978 elegans
489 1908 535 1957 est
550 1917 652 1981 neque
667 1909 839 1959 accuratus.
885 1892 947 1957 Sed
963 1915 1034 1956 cum
1051 1907 1205 1979 reputem,
1219 1890 1273 1955 vix

166 1990 233 2055 fieri
255 2015 357 2079 posse,
374 2009 409 2058 ut
423 1993 464 2059 de
485 1995 619 2061 nominis
632 1996 807 2085 OEdipodei
830 2012 935 2084 etymo
950 2008 1066 2061 taceret
1088 1993 1272 2081 Euripides,

166 2093 255 2181 quod
273 2109 446 2160 memoratu
467 2095 599 2184 dignum
623 2099 744 2164 censuit
767 2113 799 2164 et
823 2096 992 2186 Sophocles
1013 2096 1092 2162 OEd.
1117 2097 1159 2160 T.
1178 2098 1272 2181 1036.

166 2195 236 2260 ὥστ’
252 2197 429 2279 ὧνομόσθης
451 2201 484 2263 έκ
503 2202 593 2284 τύχης
611 2203 726 2283 ταύτης,
750 2201 782 2269 δς
802 2202 837 2276 εἴ,
859 2224 921 2265 non
942 2199 1058 2264 adduci
1079 2222 1219 2286 possum,
1236 2214 1272 2263 ut

165 2296 251 2364 hune
266 2322 390 2364 versum
406 2324 598 2389 expungam.
625 2303 710 2367 Mire
725 2302 934 2368 hallucinatur
949 2301 1137 2366 Eustathius
1151 2325 1183 2389 p.
1196 2303 1273 2386 650,

164 2403 217 2481 48.
233 2423 306 2465 cum
322 2402 385 2467 huc
400 2403 496 2468 trahit
517 2405 628 2470 Phoen.
646 2405 718 2470 818.
743 2405 934 2489 χρυσοδέτοις
955 2405 1095 2485 περόναις
1114 2405 1272 2483 ἐπίσαμον·

167 2501 222 2566 sed
242 2502 286 2568 ibi
306 2504 413 2570 eadem
437 2529 486 2571 res
508 2523 676 2594 spectatur,
692 2531 765 2594 quae
786 2532 816 2572 v.
833 2511 884 2573 60.
932 2507 1018 2571 Hinc
1040 2520 1145 2570 autem
1168 2503 1274 2591 arguit

167 2604 410 2687 Valckenaerius,
426 2608 512 2674 hunc
526 2633 650 2674 versum
670 2610 839 2675 Eustathio
855 2610 998 2698 ignotum
1021 2608 1127 2672 fuisse.
1173 2609 1274 2671 Porro

168 2708 327 2789 ὦνόμασεν
342 2715 378 2774 Κ.
395 2724 427 2775 οι
442 2733 461 2773 a
475 2733 570 2777 manu
585 2712 687 2799 prima
701 2714 752 2778 M.
776 2715 878 2778 POR.
919 2714 996 2776 Duo
1010 2711 1061 2775 alii
1074 2711 1262 2791 ὠνόμασσεν.

214 2812 266 2876 28.
290 2812 522 2878 Grammaticus
549 2816 821 2901 sangermanensis
843 2815 929 2903 apud
951 2813 1198 2878 Valckenaenum
1226 2811 1272 2896 [in

170 2911 272 2976 Bell.
288 2913 411 2978 Anecd.
434 2937 466 3001 p.
484 2915 536 2996 84,
555 2917 641 3001 19.]:
666 2922 881 2982 Βουκολεῖσθαι
904 2917 998 2999 αἶγας.
1031 2918 1163 2983 Εὔπολις
1178 2918 1247 2994 Αἰξί
1265 2963 1271 2978 .

167 3011 399 3094 Ἱπποβουκόλοι
421 3017 580 3099 Εὐριπίδης
600 3020 786 3086 Φοινίσσαις.
827 3017 930 3082 Ἵπποι
953 3017 1171 3098 έβουκολέοντο
1192 3017 1273 3080 dixit

169 3117 332 3181 Homerus
355 3117 395 3182 Il.
410 3124 446 3182 T.
464 3138 536 3184 220.
559 3118 616 3183 ubi
636 3119 822 3184 Eustathius
844 3143 876 3207 p.
895 3135 989 3203 1205,
1004 3137 1057 3204 51.
1074 3119 1187 3200 (1281,
1207 3122 1271 3203 13.)

167 3234 200 3284 et
223 3218 400 3284 scholiastes
419 3220 579 3285 Villoisoni
603 3235 744 3285 nostrum
770 3221 875 3285 citant.
923 3222 961 3284 ln
989 3220 1119 3284 Polluce
1143 3239 1175 3304 7,
1201 3220 1271 3303 185.

168 3327 326 3404 Σοφοκλῆς
341 3325 557 3402 ἱπποβουκόλοι
571 3338 656 3386 recte
671 3324 826 3404 Εὐριπίδης
842 3321 1089 3386 Valckenaerium
1108 3321 1211 3407 legere
1225 3345 1275 3385 ar-

167 3422 278 3503 bitror,
293 3447 364 3489 cum
381 3424 448 3489 haec
463 3424 589 3488 nomina
603 3438 758 3512 perpetuo
772 3424 1016 3488 confundantur.
1053 3424 1202 3488 Priscian.
1221 3440 1271 3505 17.

166 3549 198 3614 p.
218 3547 314 3613 1105,
329 3531 383 3614 36.
401 3528 566 3609 Εὐριπίδης.
590 3529 613 3590 ὦ
636 3527 699 3590 θεοὶ
720 3528 850 3612 πατρῷοι
873 3533 1029 3608 συγγενεῖς
1051 3553 1084 3590 τε
1103 3527 1185 3589 ἀλλὰ
1207 3531 1269 3590 νῦν.

166 3630 272 3717 Lege:
297 3634 466 3712 Σοφοκλῆς
490 3627 513 3693 ὦ
528 3629 591 3693 θεοὶ
606 3634 746 3714 πατρῷοι,
763 3627 945 3710 ξυγγένεσθέ
959 3627 987 3711 γ’
1004 3630 1087 3692 ἀλλδ
1103 3633 1167 3692 νῦν.
1203 3629 1270 3691 Lo·

165 3754 223 3796 cus
236 3746 284 3797 est
298 3730 416 3796 Electr.
431 3751 506 3811 411.
529 3730 632 3795 POR.

208 3853 265 3919 30.
281 3834 334 3898 τδν
349 3833 435 3918 έμδν]
453 3839 512 3897 τῶν
526 3835 604 3912 έμῶν
620 3834 666 3895 Η.
682 3831 797 3918 aliique
811 3854 883 3896 cum
901 3830 978 3895 Ald.
1015 3829 1113 3893 “Sed
1129 3831 1269 3895 similiter

164 3936 200 4000 τδ
223 3935 338 4001 πτανὸν
357 3938 471 4016 δίωγμα
493 3937 602 4001 πόλιον
628 3937 730 3999 Orest.
754 3951 827 4019 979.
853 3932 1012 4015 τετράορον
1032 3931 1141 4014 φάσμα
1160 3936 1268 4016 ταύρου

166 4036 264 4125 Soph.
280 4036 397 4101 Trach.
411 4038 487 4122 508.
510 4040 527 4100 ὁ
548 4036 619 4117 luds
640 4042 710 4102 ταῖς
731 4038 835 4103 παιδός
853 4035 1007 4099 Androm.
1023 4051 1100 4119 575.
1114 4035 1204 4119 χερὸς
1219 4035 1265 4100 ὑπ’

163 4139 310 4223 δγκόλοις
332 4141 416 4219 ἐμαῖς
439 4140 507 4202 lon.
528 4140 619 4223 1336.
635 4160 770 4223 quorum
792 4136 932 4200 Lobeck.
948 4137 988 4200 ad
1008 4137 1103 4221 Soph.
1120 4138 1175 4223 Aj.
1191 4141 1266 4221 308.

162 4257 324 4329 comparat
336 4241 464 4306 Pindar.
477 4240 528 4305 Ol.
541 4243 571 4318 8,
583 4255 636 4325 55.
652 4245 731 4306 τεαῖς
745 4239 834 4322 χερός
850 4242 1012 4322 έργασίαις.
1052 4240 1123 4303 Vid.
1140 4242 1175 4303 Μ
1182 4263 1264 4325 usgr.

163 4344 204 4409 ad
229 4343 327 4431 Soph.
343 4343 422 4409 OEd.
441 4345 483 4407 T.
503 4362 593 4428 1293.
611 4341 721 4428 Antig.
739 4342 810 4423 804.
835 4342 974 4406 Lobeck.
989 4343 1029 4407 ad
1055 4343 1109 4428 Aj.
1125 4363 1156 4426 9.
1203 4341 1265 4405 Sed

163 4446 230 4512 haec
244 4445 386 4533 enallage
399 4468 528 4511 casuum
543 4444 585 4510 ibi
601 4459 724 4510 tantum
740 4443 841 4510 locum
857 4445 962 4524 habet,
979 4445 1032 4510 ubi
1048 4444 1097 4508 vel
1119 4444 1263 4508 substau-

705 4569 724 4609 κ
