2864 4914
314 690 660 778 IPHIGENIA
700 694 1106 781 AULIDENSIS.

600 933 819 983 -0—

162 1122 440 1204 IPHIGENIAE
469 1139 653 1206 Aulidensis
680 1141 799 1230 duplex
824 1141 962 1206 recensio
990 1138 1086 1204 luisse
1110 1137 1259 1204 creditur.

162 1241 288 1305 Primus
302 1241 383 1306 hanc
397 1242 601 1328 questionem
617 1243 761 1309 tractavit
781 1243 988 1332 Musgravius
1006 1241 1046 1306 ad
1069 1240 1193 1306 initium
1215 1241 1262 1305 fa-

161 1342 256 1419 bulae,
271 1342 321 1407 cui
343 1343 456 1408 assensi
479 1359 553 1410 sunt
576 1344 796 1424 Marklandus,
815 1347 986 1412 Pnevostus
1007 1344 1038 1408 in
1059 1343 1194 1408 mitre
1208 1343 1262 1407 des

166 1447 263 1509 Grecs
274 1447 317 1509 Τ.
330 1462 360 1529 7.
378 1469 409 1533 p.
424 1466 496 1513 121.
508 1447 711 1513 Eichstadius
722 1451 760 1512 de
771 1451 873 1513 dram.
885 1449 1068 1513 Graecorum
1083 1447 1197 1510 comior
1210 1465 1263 1509 sa-

162 1549 263 1633 tyrico
277 1569 307 1633 p.
319 1567 372 1631 99.
386 1548 515 1612 Jacobs.
531 1549 564 1612 in
580 1550 690 1635 chtr.
706 1572 748 1614 zu
758 1550 900 1615 Snlzer's
920 1549 1053 1614 Themis
1069 1549 1111 1611 Τ.
1126 1561 1160 1632 5.
1177 1547 1217 1610 P.
1231 1563 1262 1613 a.

162 1672 195 1736 p.
211 1668 285 1729 401.
301 1664 333 1713 et
350 1651 495 1714 Exarsit.
509 1652 579 1714 crit.
596 1652 632 1713 ia
653 1653 762 1739 script.
779 1661 851 1717 vett.
869 1653 896 1717 1.
920 1674 950 1738 p.
967 1670 1019 1736 93.
1043 1672 1135 1713 nemo
1156 1661 1262 1713 autem

162 1751 338 1816 accuratius
359 1752 390 1816 in
410 1752 469 1817 hoc
488 1767 675 1839 argumento
697 1768 837 1819 versatus
857 1767 905 1819 est
926 1752 1088 1818 Boeclhio
1109 1752 1142 1817 in
1163 1751 1261 1816 libro:

168 1857 288 1919 Groecae
310 1864 397 1942 trag.
414 1857 610 1942 primipara,
635 1856 744 1921 AEsclt.
767 1856 863 1943 Sepla
879 1857 999 1942 Earip.
1022 1877 1099 1919 aram
1122 1875 1169 1933 ea,
1192 1877 1265 1942 qam

163 1965 344 2043 resperserat,
360 1967 390 2020 et
404 1960 552 2043 genuina
573 1960 680 2021 ornain
694 1959 760 2022 siat
774 1972 833 2022 etc.
849 1957 997 2022 Heidelb.
1016 1958 1110 2022 1808.
1132 1956 1193 2021 alia
1211 1956 1266 2021 ad-

165 2057 246 2122 didit
259 2057 405 2122 Bremins
418 2058 450 2121 in
464 2059 573 2145 philol.
590 2060 693 2123 Beier.
714 2080 741 2124 1.
755 2082 787 2146 p.
808 2079 880 2144 143.
911 2062 956 2124 Et
972 2059 1179 2146 Musgravius
1192 2059 1263 2145 qui-

166 2159 237 2223 dem
253 2159 389 2246 primum
405 2158 446 2222 ad
460 2161 564 2223 locum
580 2159 699 2224 AEliani
715 2160 756 2224 de
777 2160 902 2225 animal.
919 2176 948 2243 7,
964 2181 1018 2247 39.
1035 2174 1195 2248 provocat,
1210 2160 1265 2224 ubi

168 2285 274 2326 versus
296 2286 336 2325 ex
359 2262 523 2349 Euripidis
547 2262 654 2349 Iphig.
673 2263 753 2328 Aul.
775 2263 921 2341 citantur,
937 2286 1018 2348 quos
1041 2261 1073 2325 in
1093 2274 1200 2326 nostra
1218 2263 1265 2328 fa-

167 2363 252 2427 bulae
273 2363 408 2428 editione
430 2379 462 2428 et
483 2364 601 2428 frustra
619 2386 752 2451 quaeras,
776 2378 808 2429 et
832 2387 872 2428 ae
897 2364 999 2428 locum
1025 2362 1153 2449 quidem
1178 2364 1209 2427 in
1230 2386 1268 2428 ea

166 2464 282 2530 babere
296 2466 434 2553 potuisse
448 2467 538 2531 facile
553 2468 669 2532 videas.
716 2468 745 2531 Ii
760 2491 869 2532 versus
883 2467 916 2532 hi
931 2480 1021 2531 sunt:

292 2569 436 2652 Ἔλαφον
451 2568 475 2634 δ’
491 2569 624 2654 Ἀχαιῶν
637 2572 744 2655 χερσὶν
760 2571 875 2651 ἐνθήσω
890 2573 995 2653 φίλαις

298 2677 475 2754 «spariacus,
491 2672 528 2751 ἣν
542 2672 707 2756 σφάζοντες
721 2673 887 2757 αὔχήσονσι
902 2674 961 2752 σὴν

298 2773 426 2855 σφάζειν
440 2774 599 2857 θυγατέρα.

171 2876 251 2937 Haec
272 2873 370 2960 igitur
390 2874 527 2940 dubitari
548 2899 610 2941 non
633 2900 723 2964 posse
742 2877 817 2943 dicit
843 2880 1007 2966 Musgrav.
1023 2876 1099 2965 quin
1122 2900 1141 2940 a
1164 2874 1269 2939 Diana

170 2975 375 3061 pronunciata
389 2976 470 3050 sint3
492 2978 584 3064 cujus
598 3002 727 3063 persona
743 3003 814 3045 cum
830 2983 962 3068 prologo
975 2981 1007 3045 in
1023 2981 1081 3045 bac
1096 2976 1267 3066 proesertim

171 3077 323 3162 tragoedia
345 3078 633 3144 convenientissima
656 3081 704 3159 sit,
724 3096 949 3169 versenturque
976 3082 1010 3146 hi
1031 3103 1150 3158 versus,
1177 3094 1213 3142 ut
1237 3091 1270 3142 et

171 3181 261 3244 multi
284 3180 370 3268 apud
393 3181 581 3269 Euripidem
604 3182 735 3270 prologi,
750 3184 782 3248 in
805 3184 1007 3271 praedictione
1026 3204 1131 3247 rerum
1147 3181 1269 3244 futura-

172 3306 252 3361 rum,
277 3306 421 3371 magnam
444 3284 557 3350 exinde
580 3285 654 3350 oriri
677 3286 892 3375 suspicionem,
915 3288 1127 3373 fragmentum
1149 3281 1209 3346 hoc
1230 3304 1269 3345 ex

172 3409 246 3451 vero
275 3386 415 3474 prologo,
440 3410 534 3474 quem
564 3388 696 3480 proinde
725 3411 810 3454 nunc
838 3388 1059 3465 desideramus,
1090 3384 1271 3449 desumtum

171 3512 256 3563 esse;
280 3513 317 3553 ea
332 3512 405 3553 vero
418 3488 460 3552 ad
474 3492 746 3575 Agamemnonem
762 3489 810 3555 vel
825 3489 985 3554 absentem
1000 3488 1049 3553 vel
1065 3510 1128 3554 non
1142 3485 1272 3551 audien-

173 3607 234 3656 tem
250 3591 333 3656 dicta
348 3614 423 3669 esse,
438 3592 530 3678 cujus
543 3593 588 3656 rei
603 3614 674 3657 cum
689 3591 789 3656 multa
803 3591 947 3679 exempla
960 3590 1046 3678 apud
1069 3589 1145 3655 alios
1161 3602 1270 3652 aucto·

173 3717 230 3773 res,
247 3708 313 3758 tum
338 3691 489 3758 nonnulla
510 3693 597 3781 apud
619 3693 805 3781 Euripidem
828 3692 1016 3759 habeamus:
1041 3692 1106 3758 vid.
1123 3694 1203 3756 Hec.
1217 3703 1270 3776 55.

173 3798 330 3862 Androm.
348 3814 421 3864 222.
439 3796 511 3885 Iph.
529 3798 570 3860 Τ.
586 3813 659 3883 379.
705 3796 768 3862 Sed
789 3796 869 3861 hanc
890 3795 1192 3884 argumentationem
1213 3814 1271 3878 op-

173 3898 247 3963 time
261 3899 410 3965 refutavit
426 3899 531 3964 Bremi
546 3899 568 3965 l.
582 3924 608 3965 c.
624 3900 690 3964 fieri
712 3921 774 3963 non
797 3897 935 3985 potuisse
956 3921 1095 3976 monens,
1111 3909 1149 3960 ut
1168 3893 1273 3958 Diana

174 4000 206 4065 in
222 4005 492 4089 Agamemnonem
514 4025 551 4066 ea
567 4003 614 4067 ira
627 4001 753 4089 percita,
769 4024 842 4088 quae
865 4023 927 4064 non
950 4000 1009 4065 nisi
1028 4011 1164 4064 mactata
1184 3994 1273 4083 Iphi·

174 4104 266 4192 genia
280 4105 396 4192 placari
410 4121 523 4192 posset,
539 4128 611 4168 eum
633 4104 665 4167 in
684 4103 815 4192 prologo
829 4102 1041 4190 alloqueretur
1055 4118 1086 4166 et
1102 4096 1274 4165 consolare-

176 4224 236 4287 tur,
260 4232 298 4273 ac
324 4205 529 4272 sollicitudine
553 4205 593 4270 de
614 4205 687 4269 filiae
709 4220 791 4269 sorte
814 4203 942 4269 levaret.
986 4203 1117 4268 Addere
1140 4212 1272 4287 poterat,

175 4311 280 4397 inepte
306 4310 441 4374 Dianam
467 4308 551 4394 fingi,
573 4311 842 4394 Agamemnonem
870 4306 918 4371 vel
948 4307 1106 4371 absentem
1134 4303 1182 4366 vel
1210 4324 1273 4366 non

176 4412 352 4477 audientem
369 4410 418 4474 bis
433 4410 572 4477 versibus
585 4409 814 4496 alloquentem
839 4432 910 4474 nam
931 4410 1074 4475 absentes
1088 4404 1274 4493 compellan-

685 4512 766 4597 rf3
