2864 4914
527 295 595 369 AD
618 294 868 370 AxcEsifiN.
1188 295 1253 367 ³4⁷

152 461 230 540 Ἡδὺ
250 464 307 542 μὲν
328 465 531 541 πυνθάνεσθαι
546 467 638 544 ἄνδρα
660 467 754 548 φίλον
773 467 824 537 καῖ
845 464 946 546 ξεῖνον
965 466 1001 539 εὖ
1018 464 1255 547 πρήσσοντα*

154 566 220 645 ἐμοὶ
242 569 273 631 δὲ
296 570 328 642 αἱ
349 569 402 643 ,σαὶ
421 568 553 650 μεγάλαι
573 569 706 654 §buxtas
728 570 781 634 οὐκ
802 568 991 651 ἀρέσκουσιν.
1013 567 1201 654 ἐπισταμένῳ
1219 569 1254 642 τὸ

153 673 246 744 θεῖον.
267 672 306 747 ὣς
326 672 393 745 ἔστι
414 669 576 754 φθονερόν,
605 691 638 752 -7,
658 673 712 753 46·
739 675 755 739 ὁ
778 674 812 745 δὲ
834 671 914 746 θεὸς.
935 671 1049 759 γλυιῖν
1069 672 1183 753 γεύσας
1198 670 1255 744 τὸν

154 773 257 850 αἰῶνα,
281 774 427 856 φθονερός
449 776 483 843 έν
505 774 581 859 αὐτῷ
605 776 771 856 εὑρίσκεται
791 777 858 844 έιόν.
902 774 1011 862 Adjid
1031 787 1135 866 potest
1154 772 1254 848 PM.

156 874 268 940 Isthm.
286 892 315 958 7.
330 895 349 960 5
352 896 381 960 5.
399 879 414 939 ὁ
430 875 454 940 δ’
470 876 627 948 ἀθανάτων
642 877 694 956 Μὴ
709 877 866 959 θρασσέτω
885 875 1013 960 φθόνος.
1056 876 1158 965 Sop'b.
1176 875 1253 949 Ρίὶὶ·

154 975 225 1040 loct.
251 981 324 1060 776.
349 978 427 1049 Ἰδοὺ
449 979 550 1062 δέχου,
575 986 639 1051 παῖ’
666 980 719 1047 τὸν
744 977 861 1062 φθόνον
886 982 920 1045 δὲ
943 978 1104 1062 πρόνυσον,
1128 980 1181 1059 Μὴ
1205 1005 1256 1052 τρι

154 1079 296 1160 γενέσθαι
315 1080 458 1146 παλίντον’
482 1081 567 1151 αὐτό.
608 1083 760 1156 Conferss
782 1081 889 1151 Valde.
913 1081 953 1157 ad
981 1080 1103 1151 Herod.
1128 1105 1161 1169 p·
1176 1083 1254 1160 216,

153 1197 207 1276 59.
233 1185 337 1247 MON
342 1186 384 1251 K.

200 1306 292 1366 1140.
317 1285 464 1367 δαιμόνων
483 1290 523 1374 τῷ
545 1289 647 1374 κυρίῳ]
675 1289 702 1359 Ι.
719 1312 747 1357 e.
767 1294 826 1361 ,τῶν
840 1284 988 1369 δαιμόνων
1001 1287 1106 1373 έκείνιρ
1126 1285 1174 1361 vei
1193 1288 1256 1357 δαί

154 1413 222 1465 μονι
245 1389 357 1473 ἐκείνῳ,
375 1388 407 1456 δς
427 1388 523 1471 κύριός
542 1393 606 1454 ἐστι
626 1392 739 1464 τούτου,
763 1396 814 1467 ,τοῦ
836 1389 960 1472 ,ἀνάγειν
980 1389 1048 1464 τοὺς
1067 1387 1255 1469 τεθνηκότος.

156 1489 207 1553 Sic
230 1493 335 1572 κύριος,
351 1491 405 1577 qui
429 1506 611 1578 potestatem
628 1507 659 1556 et
676 1493 731 1580 jus
745 1492 788 1556 rei
803 1492 910 1570 habet,
926 1489 1001 1554 Hel.
1017 1492 1092 1575 968.
1109 1489 1163 1554 ΕΙ.
1180 1504 1254 1576 257.

155 1592 206 1655 De
220 1592 447 1657 constructione
462 1592 525 1657 vid.
541 1595 683 1659 Gramm.
701 1596 760 1659 Gr.
778 1596 808 1677 δ.
823 1613 898 1675 442.
923 1594 1114 1658 MATTH.

202 1697 292 1775 1146.
321 1698 494 1778 άφαγνίζειν
514 1719 575 1760 non
593 1697 780 1784 pun'ficare,
807 1694 860 1759 sed
886 1696 1046 1759 desecrare
1068 1692 1253 1759 vertendum

156 1813 261 1861 monet
277 1799 395 1863 Heath.
412 1798 548 1884 allegans
571 1822 599 1861 v.
617 1816 668 1883 75.
683 1798 777 1880 Ἱερδς
790 1803 848 1881 γδρ
870 1799 955 1865 οὗτος
976 1803 1035 1861 τῶν
1050 1801 1124 1862 κατὰ
1145 1795 1256 1881 χθονός

156 1904 240 1979 θεῶν,
257 1900 353 1965 Ὅπου
375 1900 434 1965 τόδ’
459 1902 549 1985 ἔγχος
574 1902 678 1983 κρατὸς
703 1904 813 1983 άγνίσῃ
837 1903 934 1985 τρίχα.
958 1900 1012 1966 ubi
1038 1900 1079 1966 de
1102 1899 1256 1965 contraria

155 2004 327 2067 ceremonia
342 2003 457 2067 dicitur
471 2005 614 2086 δγνίζειν.
638 2004 741 2068 MON
747 2005 790 2067 K.

203 2124 293 2190 1150.
319 2104 467 2191 τυράννῳ]
498 2106 642 2187 τυράννου
670 2104 756 2170 Flor.
780 2110 826 2170 A.
852 2125 901 2168 10.
927 2125 976 2190 15.
1014 2105 1137 2170 Eodem
1161 2104 1256 2169 modo

157 2224 317 2294 peccatum
333 2208 365 2271 in
382 2208 467 2273 libris
480 2207 626 2271 omnibus
641 2207 714 2272 Hel.
730 2226 784 2293 35.

202 2329 295 2396 1153.
318 2308 595 2396 νόστιμον-πόδα]
621 2311 747 2375 Hecub.
764 2330 837 2396 939.
858 2311 923 2375 έπεὶ
945 2309 1086 2388 νόστιμον
1102 2313 1173 2376 ναῦς
1195 2310 1254 2373 ext·

157 2440 249 2491 νησεν
263 2411 349 2478 πόδα.

206 2535 295 2600 1154.
312 2513 485 2601 τετραρχία]
503 2515 637 2579 Photius
649 2539 678 2579 v.
691 2516 860 2599 τετραρχία.
882 2513 1039 2595 Τεττάρων
1052 2519 1150 2596 μερῶν
1160 2514 1256 2576 ὄντων

156 2624 206 2700 τῆς
221 2620 399 2694 Θετταλίας,
423 2619 550 2682 ἕκαστον
570 2616 659 2698 μέρος
680 2621 783 2699 τετρὰς
805 2620 951 2681 έκολεῖτο.
988 2619 1084 2696 ὄνομα
1104 2615 1138 2679 δέ
1160 2623 1255 2698 φησιν

158 2723 233 2786 είναι
245 2729 309 2788 ταῖς
324 2721 469 2802 τετόρσιν,
484 2725 699 2797 Θετταλιῶτιν,
712 2724 853 2796 Φθιῶτιν,
866 2725 1085 2801 Πελασγιῶτιν,
1099 2717 1255 2782 Ἑστιαιεῖ-

157 2850 212 2889 τιν.
250 2825 298 2888 καὶ
319 2820 530 2905 Ἀριστοτέλης
556 2824 588 2885 δὲ
615 2824 648 2885 έν
673 2826 709 2902 τῇ
734 2826 816 2902 κοινῇ
843 2827 1008 2886 Θετταλῶν
1032 2821 1178 2905 πολιτεία,
1206 2821 1256 2883 ἐπὶ

155 2926 267 2990 Ἀλεύα
287 2931 339 2989 τοῦ
362 2927 480 3005 Πύρρου
494 2926 652 3005 διῃρῆσθαί
665 2933 759 3007 φησιν
775 2928 816 2992 είς
837 2924 978 3006 τέτταρας
990 2927 1095 3006 μοίρας
1108 2922 1162 3001 τὴν
1177 2927 1256 2988 Θετ-

157 3032 272 3094 ταλίαν.
318 3028 439 3092 Eadem
471 3026 583 3091 Suidas
611 3043 642 3092 et
674 3026 902 3115 Harpocratio:
933 3050 971 3091 ex
997 3027 1057 3090 hoc
1085 3023 1254 3112 legendum

155 3134 345 3196 -έκαλεῖτο
370 3129 446 3193 καθά
461 3138 555 3210 φησιν
569 3129 748 3197 Ἑλλάνικος
763 3132 797 3194 ἐν
810 3136 873 3197 τοῖς
888 3134 1092 3194 Θεπαλιιιοῖς.
1137 3126 1253 3191 Gram-

157 3233 259 3297 matici
283 3255 444 3318 respexere
466 3232 630 3296 Demosth.
648 3231 731 3296 Phil.
746 3252 778 3317 3.
796 3255 828 3320 p.
848 3250 920 3313 117,
937 3233 987 3297 26.
1027 3228 1102 3294 Vid.
1117 3227 1253 3294 Alberti.

156 3338 196 3401 ad
212 3335 352 3423 Hesych.
368 3358 396 3397 v.
412 3333 579 3416 τετράρχαι.
605 3335 709 3398 MON
713 3335 756 3398 K.

203 3458 296 3522 1155.
320 3434 472 3523 Respexit
494 3451 585 3521 poeta
601 3451 734 3498 veterem
758 3434 959 3523 popularium
982 3455 1109 3498 suorum
1125 3454 1255 3497 eonsue-

158 3540 316 3605 tudinem:
339 3537 509 3601 exscribam
530 3535 632 3600 locum
650 3537 870 3601 Demosthenis
893 3541 966 3602 κατὰ
981 3538 1116 3616 Μειδίου,
1130 3558 1162 3623 p.
1177 3552 1254 3622 530,

159 3664 210 3709 22.
227 3648 292 3709 ἴστε
306 3646 364 3725 γὰρ
384 3640 476 3720 δήπου
491 3638 580 3713 τοῦθ’,
597 3641 643 3702 ότι
664 3640 732 3707 τοὺς
753 3640 861 3723 χοροὺς
882 3642 963 3720 ὑμεῖς
983 3639 1115 3706 ἅπαντας
1135 3640 1256 3706 τούτους

158 3750 205 3812 καὶ
219 3751 326 3828 ύμνους
340 3749 380 3831 τῷ
398 3747 455 3829 θεῷ
477 3746 622 3816 ποιεῖσθε,
638 3741 673 3806 ού
684 3740 779 3822 μόνον
794 3747 868 3807 κοτδ
882 3743 949 3810 τοὺς
972 3739 1078 3821 νόμους
1099 3741 1166 3808 τοὺς
1187 3741 1255 3823 περὶ

157 3857 215 3913 τῶν
231 3851 407 3920 Διονυσίων,
424 3849 505 3910 ἀλλὰ
527 3846 575 3909 καὶ
594 3849 668 3909 κατὰ
687 3849 739 3913 τδς
758 3847 906 3926 μαντείας,
923 3848 958 3910 έν
975 3846 1022 3912 αῖς
1035 3842 1168 3909 άπάσαις
1183 3844 1253 3929 άνῃ·

156 3952 284 4035 ρημένον
299 3950 437 4032 εὑρήσετε
459 3950 494 4035 τῇ
516 3946 614 4021 πόλει,
636 3950 744 4028 ὁμοίως
766 3949 799 4012 έκ
818 3948 950 4030 Δέλφων
974 3947 1020 4010 καὶ
1043 3948 1077 4010 ἐκ
1097 3946 1254 4023 Δωδύνης,

157 4056 263 4138 χοροὺς
285 4052 403 4117 ἱστάναι
425 4055 499 4116 κοτδ
520 4056 557 4116 τὰ
571 4052 690 4133 πάτρια,
707 4054 755 4117 καὶ
771 4055 898 4114 κνισσιῖν
912 4051 1026 4131 ἀγυιὰς,
1042 4049 1091 4112 καὶ
1106 4055 1256 4130 στεφανη-

157 4165 273 4240 φορεῖν.
319 4155 469 4241 Sequitur
497 4153 670 4231 oraculum,
701 4155 792 4240 cujus
821 4151 929 4216 ultima
959 4165 1043 4228 sunt,
1076 4152 1257 4229 Μεμοῆσθαι

158 4261 297 4343 Βάκχοιο,
314 4259 362 4322 καὶ
377 4255 554 4340 εὐρυχόρους
569 4254 629 4320 κατ’
643 4259 746 4338 άγυιδς
759 4253 893 4318 Ἱστάναι
908 4255 1022 4335 ῶραίων
1036 4254 1152 4337 Βρομίῳ
1167 4250 1256 4334 χάριν

157 4367 269 4445 ἄμμιγα
283 4361 406 4438 πάντας,
423 4359 481 4423 Καὶ
497 4364 624 4423 κνισσῖιν
638 4363 768 4437 βωμοῖσι
786 4354 857 4438 κάρη
873 4353 1035 4439 στεφάνοις
1056 4352 1255 4420 πυκάσαντας.

1341 4498 1368 4615 Ι
