2864 4914
546 288 614 350 AD
638 287 864 352 MEDEAM.
1193 289 1259 351 1215

156 459 192 522 οὗ
206 461 263 541 γδρ
278 457 327 541 ἐφ’
343 460 447 536 έαντῆς
462 457 562 541 έλεγε,
578 461 643 524 ἐπεὶ
658 460 741 524 εἶπεν
756 458 794 522 δν
805 457 985 541 γαμουμένη,
999 460 1080 521 άλλδι
1095 457 1147 521 τὸν
1159 457 1257 523 Ἰάσο-

156 586 206 628 νος
219 563 316 643 λόγον
331 559 379 643 ἐφ’
395 564 498 640 ἑαυτῆς
519 562 736 645 μετέστρεψεν.
768 566 861 644 γαμεῖ
871 563 927 640 μέν
941 566 999 643 γδρ
1021 559 1137 641 ὀάνδρ,
1153 568 1256 643 γαμεῖ·

154 689 203 727 ται
218 666 250 727 δέ
264 665 282 742 ἡ
297 663 380 746 γυνή.
404 664 521 727 ELM.

197 767 270 829 608.
296 767 354 830 Καὶ
369 773 434 833 σοΐς
449 768 539 849 ἆραία
553 765 580 848 γ’
597 767 673 830 otoo
695 767 833 850 τυγχάνω
853 767 968 854 δόμοις]
993 765 1108 830 Active
1130 789 1255 830 sumen·

155 867 231 931 duni
256 870 354 949 ἀραία.
394 871 446 933 Ita
470 885 573 933 noster
600 868 673 956 Ιρλ.
699 871 740 933 Τ.
762 884 834 952 774.
859 870 981 949 κόμισαί
996 868 1025 949 μ’
1044 867 1257 950 έςἈργος,ὣ

156 974 286 1051 ξόνοιμε,
303 973 372 1053 πρὶν
395 978 508 1049 θανεῖν,
528 970 534 1059 Ι
554 976 586 1037 ἐκ
607 971 765 1054 βαρβάρου
786 976 849 1053 γῆς,
866 974 914 1035 καὶ
934 972 1123 1051 μετάστησον
1145 977 1214 1039 θεᾶς
1232 971 1239 1059 Ι

156 1075 305 1154 σφαγίων,
323 1072 370 1156 ἐφ’
386 1075 447 1137 οίσι
469 1077 649 1156 ξενοφόνους
671 1077 755 1154 τιμὰς
777 1075 847 1157 ἔχω,
867 1074 873 1158 Ι
891 1071 909 1152 ἢ
929 1079 995 1140 σοῖς
1015 1074 1104 1153 ἀραία
1125 1076 1258 1154 δώμασιν

156 1174 332 1255 γενήσομαι.
371 1174 538 1263 Sophocles
552 1175 632 1240 OEd.
650 1178 695 1239 T.
716 1195 806 1258 1290.
828 1177 865 1243 ὦς
888 1178 920 1239 έκ
942 1175 1053 1258 χθονὸς
1073 1177 1173 1258 ῥίψων
1188 1178 1256 1240 iav-

155 1273 217 1348 τδν,
234 1275 293 1339 οὐδ’
311 1278 353 1340 ἔτι
373 1276 378 1364 Ι
396 1285 495 1357 μενῶν
509 1281 610 1357 δόμοις
624 1280 737 1359 ἀραῖος,
752 1280 791 1344 ὦς
805 1277 946 1359 ἠράσατο.
984 1275 1100 1341 Trach.
1122 1295 1213 1363 1203.
1231 1281 1258 1341 εί

157 1379 189 1438 δὲ
203 1378 254 1457 μὴ,
270 1387 349 1457 μενῶ
365 1380 392 1442 σ’
410 1382 480 1463 ε’γὼ,
499 1379 506 1468 Ι
524 1382 572 1444 καὶ
589 1380 694 1462 νέρθεν
708 1379 760 1453 ὢν,
778 1382 879 1461 ἀραῖος
894 1382 936 1446 εἶς
951 1381 998 1443 ἀεὶ
1012 1381 1116 1460 βαρύς.
1140 1381 1257 1442 ELM.

198 1481 270 1562 609.
300 1479 356 1548 ‘stc
384 1483 419 1545 οὗ
449 1487 600 1563 κρινοῦμαι
628 1481 720 1546 τῶνδέ
747 1508 797 1544 σοι
821 1486 859 1544 τὰ
885 1481 1026 1564 πλείονα]
1054 1479 1111 1548 Ὦς
1135 1481 1258 1546 fortiter

155 1580 336 1646 affirmantis
358 1599 414 1661 est,
435 1601 471 1647 ut
493 1586 556 1648 ἴσθι
578 1585 624 1650 ὡς.
666 1585 782 1647 Noster
804 1583 917 1646 Phoen.
935 1601 1008 1664 727.
1024 1581 1080 1650 Ὠς
1094 1585 1129 1648 οὗ
1145 1583 1257 1663 καθέξω

155 1682 280 1765 τειχέων
295 1687 366 1747 εἵσω
382 1688 521 1766 στρατόν.
560 1685 682 1750 Eadem
699 1683 861 1771 particuloe
877 1684 1061 1770 significatio
1075 1685 1149 1748 ibid.
1167 1688 1256 1770 1658.

154 1783 212 1852 Ὠς
235 1787 313 1853 οὔτις
336 1790 413 1869 ἀμφὶ
440 1786 505 1874 τῷδ’
532 1790 627 1869 ὑγρὰν
651 1787 738 1865 θήσει
764 1790 856 1850 κόνιν.
895 1789 975 1850 Hoc.
995 1807 1070 1867 400.
1097 1785 1154 1853 Ὡς
1176 1786 1257 1866 τῆσδ’

158 1889 267 1951 ἑκοῦσα
291 1890 395 1957 παιδὸς
421 1890 455 1953 οὐ
476 1890 652 1971 μεθήσομαι.
688 1889 793 1952 Andr.
815 1907 886 1972 254.
906 1886 964 1955 Ὠς
984 1887 1061 1951 τοῦτ’
1084 1890 1185 1970 άραρε,
1208 1890 1259 1952 κοῦ

155 1996 235 2069 μενῶ
249 1995 339 2055 πόσιν
352 1999 469 2072 μολεῖν.
505 1992 590 2056 Ibid.
606 1993 680 2077 588.
702 1990 759 2059 Ὡς
782 1991 860 2070 τήνδ’
877 1992 998 2070 ἀπάξεις
1020 1991 1118 2056 οὔποτ’
1136 1996 1167 2072 ἐξ
1190 1995 1260 2071 ἐμῆς

156 2095 253 2175 χερός.
289 2094 458 2180 Sophocles
476 2095 556 2158 OEd.
574 2096 613 2158 C.
631 2098 704 2158 861.
726 2092 783 2160 Ὠς
805 2099 890 2157 τοῦτο
914 2099 967 2157 νῦν
989 2095 1177 2175 πεπράξεται,
1199 2093 1259 2182 Ιῆν

155 2194 196 2274 μή
216 2194 277 2275 ,io
301 2201 427 2278 κραίνων
445 2203 534 2276 τῆσδε
557 2202 610 2279 γῆς
632 2196 805 2282 άπειργάθῃ.
839 2196 895 2283 Aj.
912 2217 966 2281 39.
980 2195 1038 2264 Ὠς
1054 2198 1138 2261 ἔστιν
1153 2199 1259 2280 ἀνδρὸς

156 2302 242 2361 τοῦδε
255 2300 349 2381 τᾶργα
365 2301 455 2363 ταῦτά
470 2327 529 2363 σοι.
568 2299 653 2364 Ibid.
670 2301 720 2385 98.
735 2297 792 2367 Ὠς
809 2298 921 2385 (vulgo
936 2297 1023 2381 ὥσθ’)
1040 2298 1137 2364 οὔποτ’
1154 2303 1257 2364 Αἴανθ

157 2396 210 2462 οἵδ’
226 2400 400 2480 άτιμάσουσ’
418 2403 470 2467 ἔτι.
496 2404 612 2467 ELM.

203 2501 306 2568 Schol.
332 2505 378 2567 Οὐ
404 2510 572 2586 κρινοῦμαιι
600 2505 666 2569 ἀντὶ
691 2509 753 2578 τοῦ,
783 2504 835 2568 οὐκ
865 2505 1076 2586 άποκρινοῦμαι
1104 2507 1172 2587 περὶ
1200 2511 1260 2570 τῶν

157 2607 297 2668 τοιούτων
311 2606 398 2670 οὐδὲν
412 2607 485 2688 πρὸς
499 2609 546 2680 σε,
561 2608 680 2687 μεθίημι
695 2608 727 2669 δὲ
741 2609 851 2670 τούτων
866 2610 903 2670 τὰ
917 2607 1030 2671 πολλά.
1069 2607 1166 2672 Male.
1191 2614 1260 2691 Κρι-

158 2711 264 2787 νοῦμαι
280 2708 413 2794 litigabo
428 2707 590 2794 significat,
607 2724 642 2772 ut
662 2722 744 2772 recte
763 2731 783 2771 α
802 2710 900 2772 Porto
917 2707 1047 2794 aliisque
1068 2709 1258 2796 explicatum

157 2821 215 2872 est.
251 2809 479 2896 Aristophanes
505 2810 591 2874 Nub.
614 2812 666 2875 66.
688 2809 761 2877 τέως
783 2812 840 2890 μέν
861 2813 914 2875 οὖν
935 2811 1095 2893 ἐκρινόμεθ’
1098 2865 1106 2886 ,
1133 2813 1197 2877 εἶτα
1218 2817 1259 2900 τῷ

157 2912 256 2995 χρόνῳ
275 2911 281 2996 Ι
302 2916 383 2998 κοινῇ
398 2913 574 2992 ξυνέβημεν,
592 2912 740 2992 κάθέμεθα
754 2914 960 2993 Φειδιππίδην.
984 2915 1098 2977 ELM.

201 3016 273 3078 610.
299 3018 393 3101 σαυτῇ
420 3019 517 3096 φυγῆς
539 3015 630 3078 Lasc.
653 3031 685 3078 et
706 3013 826 3100 aliquot
847 3013 940 3078 codd.
978 3013 1126 3101 Plerique
1151 3018 1261 3094 σανιῆς

158 3120 250 3198 φυγῇ.
287 3118 326 3180 In
344 3115 421 3179 Ald.
437 3121 530 3195 σαυτῇ
546 3121 637 3202 φυγῇ

201 3219 275 3280 6ι8.
299 3223 388 3281 κακοῦ
409 3223 466 3299 γὰρ
487 3218 593 3301 ἀνδρὸς
620 3216 684 3300 δῶρ’
710 3220 816 3297 ὄνησιν
838 3219 890 3281 οὐκ
914 3218 990 3301 ἔχει]
1018 3219 1117 3281 Ηιιιιο
1136 3239 1260 3280 versum

157 3314 311 3380 imitatum
337 3341 403 3380 esse
430 3318 614 3404 Sophoclem
640 3319 694 3403 Aj.
719 3319 794 3402 665.
825 3321 939 3400 έχθρῶν
964 3320 1063 3399 ἄδωρα
1086 3324 1164 3400 δῶρα
1191 3319 1260 3382 κούκ

157 3419 285 3499 ὀνήσιμα
299 3417 469 3483 Clementis
483 3420 536 3483 At.
552 3420 658 3507 opinio
673 3435 719 3485 est
740 3421 853 3483 Strom.
871 3422 900 3483 6.
917 3443 949 3506 p.
968 3439 1040 3502 740.
1079 3421 1150 3482 Non
1174 3435 1261 3485 tanta

156 3536 202 3586 est
219 3522 381 3609 utriusque
396 3540 497 3610 poetae
513 3525 680 3588 verborum
703 3521 874 3586 similitudo
892 3537 927 3585 ut
940 3522 1019 3586 alter
1033 3521 1166 3585 alterum
1186 3521 1258 3586 imi·

157 3640 242 3690 tatus
257 3649 322 3689 esse
339 3625 492 3689 videatur.

199 3730 272 3812 625.
284 3730 336 3806 ξὺν
351 3733 408 3815 θεῷ
422 3727 445 3792 δ’
463 3727 624 3810 εἰρήσεται]
646 3729 716 3790 Ηαο
729 3724 864 3790 formula
878 3725 1040 3813 Aristoph.
1055 3725 1156 3791 utitur
1169 3724 1258 3791 Plut.

159 3850 230 3909 114.

199 3933 272 3996 628.
290 3933 346 3996 Ab
362 3934 502 4000 ἐλθόντες
517 3954 632 3995 novum
649 3952 772 4009 versum
788 3930 897 4018 incipit
913 3930 988 3995 Ald.

200 4038 275 4119 629.
301 4034 505 4122 οὔδ’-ἔλθοι]
531 4036 612 4098 Haec
628 4033 659 4097 in
677 4056 773 4097 unum
790 4056 915 4098 versum
938 4050 1011 4098 sunt
1025 4033 1257 4119 conjungenda,

156 4138 211 4224 qui
227 4161 266 4201 ex
282 4137 407 4201 duobus
421 4152 542 4200 constat
557 4136 704 4200 trimetris
722 4135 882 4224 dactylicis
903 4133 1087 4200 catalecticis
1108 4134 1140 4197 in
1160 4135 1256 4224 disyl-

157 4239 276 4304 labum.

202 4345 277 4426 630.
300 4344 326 4404 εἰ
346 4342 371 4404 δ’
390 4341 456 4407 ἅλις
479 4340 564 4403 έλθοι
582 4339 587 4427 Ι
608 4343 731 4422 Κύπρις,
754 4341 807 4404 οὐκ
831 4342 913 4405 ἄλλα
933 4338 1001 4407 θεὸς
1026 4340 1144 4423 εὔχαρις
1165 4342 1255 4429 οὕτω]

737 4464 760 4511 Q
