2864 4914
169 282 232 349 160
532 285 911 350 ANNOTATIONES

167 471 332 535 memorat,
352 456 489 521 invenies
506 473 535 542 7.
554 459 625 523 228.
650 456 766 539 ἐθάφθη
790 455 941 520 Simonidi
962 454 1202 537 restituendum
1215 479 1273 542 pro

168 558 305 642 ἐκάμφθη
319 561 406 648 apud
419 562 537 626 Athen.
550 581 582 646 3.
598 584 672 648 pag.
685 578 744 644 125
756 560 799 623 Ι).
835 561 874 624 In
890 560 960 623 loco
972 581 1068 645 supra
1082 583 1120 623 ex
1137 559 1273 623 Hecuba

166 662 297 728 laudato
312 668 460 746 τραφῆναι
475 665 591 729 babent
606 667 639 729 J.
656 666 698 729 N.
714 677 746 728 et
760 664 792 728 in
809 677 898 729 textu
915 665 957 727 R.
974 662 1028 726 sed
1044 662 1094 726 bic
1110 666 1273 745 θρεφθῆναι

167 788 225 853 pro
240 789 270 830 v.
286 766 310 830 l.
356 768 433 830 Duo
456 768 554 832 MSS.
579 765 736 831 Herodoti
755 787 784 832 2.
803 767 853 830 81.
877 769 1008 848 ταφῆναι
1029 788 1088 852 pro
1110 770 1271 847 θαφθῆναι.

168 869 267 932 Recte
288 867 385 954 igitur
404 871 612 954 ἀπαλλαχθεὶς
631 868 831 956 expluribus
848 870 949 932 MSS.
964 867 1104 954 reposuit
1119 867 1272 931 Valcken-

166 969 278 1045 aerius;
304 971 371 1049 sed,
388 995 530 1036 successu
554 973 663 1060 paullo
683 971 888 1036 confidentior
904 971 1018 1049 factus,
1041 994 1059 1033 e
1082 970 1270 1056 tragicorum

166 1072 306 1160 reliquiis
326 1074 478 1139 infelicem
502 1075 590 1139 illum
613 1075 762 1140 aoristum
781 1074 952 1160 exstirpare
966 1088 1105 1137 conatur.
1152 1075 1197 1138 Et
1212 1073 1270 1136 boc

166 1177 293 1263 quidem
317 1200 373 1264 per
400 1193 533 1242 metrum
559 1179 624 1243 fleri
647 1193 751 1266 potest
774 1177 804 1240 in
831 1176 976 1263 AEscliyli
999 1179 1114 1263 Agam.
1138 1196 1211 1261 344
1238 1189 1271 1239 et

168 1280 330 1367 Sophoclis
358 1282 472 1368 Antig.
499 1283 575 1364 428.
602 1285 706 1366 (422.)
752 1280 835 1369 Quid
865 1293 970 1344 autem
1001 1279 1094 1344 faciet
1125 1278 1268 1366 AEscbyli

166 1383 273 1448 Prom.
292 1397 366 1468 749.
389 1384 589 1467 άπηλλάγην;
615 1391 756 1466 κρεῖσσον
777 1387 835 1465 γὰρ
858 1385 900 1449 εἷς
922 1383 1000 1461 ἅπαξ
1022 1388 1134 1446 θανεῖν.
1181 1380 1270 1446 Male

165 1483 257 1549 etiam
282 1485 427 1567 affirmat,
448 1508 487 1549 ne
509 1488 603 1551 semel
625 1487 752 1574 quidem
774 1488 962 1567 άπαλλαγεῖς
982 1500 1038 1549 aut
1057 1487 1270 1568 ἀπαλλαγῆναι

164 1586 252 1674 apud
267 1600 406 1652 nostrum
424 1587 566 1668 inveniri,
582 1611 654 1653 cum
670 1588 846 1671 ἀπηλλάγης
860 1602 961 1652 exstet
975 1588 1006 1651 in
1022 1587 1177 1651 Androm.
1192 1607 1269 1672 593.

165 1711 346 1775 quanquam
363 1703 395 1754 et
409 1690 491 1754 illud
506 1691 571 1754 sine
585 1691 676 1755 metri
687 1691 812 1777 jactura
828 1689 941 1754 mutari
956 1703 1087 1777 poterat.
1115 1690 1176 1754 Sed
1189 1714 1269 1776 quo-

165 1791 259 1856 modo
279 1792 397 1856 factum
420 1809 478 1872 est,
504 1807 539 1858 ut
561 1793 626 1858 duo
647 1793 716 1858 loca
737 1793 833 1880 hujus
847 1792 945 1879 ipsius
958 1792 1075 1856 fabulae
1086 1792 1159 1857 601.
1175 1811 1269 1872 1424.

164 1894 434 1981 praeterviderit?”
457 1897 560 1960 POR.

208 2013 281 2083 977.
296 2000 363 2083 ποῖ]
383 1998 474 2063 Libri
488 1998 609 2085 aliquot
622 2005 681 2064 ποθ
694 2012 726 2063 et
740 2003 792 2079 πῆ.

207 2101 281 2186 980.
305 2102 383 2166 Post
404 2102 540 2184 περάσας
561 2102 684 2167 addunt
699 2109 794 2186 φεῦγε
808 2102 951 2191 plerique
967 2104 1066 2167 MSS.
1082 2125 1155 2166 cum
1170 2102 1266 2168 Aldo.

164 2203 327 2269 Omittunt
339 2204 433 2288 πάτερ
449 2206 541 2271 Grot.
560 2207 598 2270 C.
613 2206 655 2271 K.
673 2207 713 2271 L.
729 2205 821 2271 Leid.
837 2229 896 2270 soc.
943 2205 1005 2270 Sed
1020 2204 1128 2269 melior
1143 2205 1268 2271 videtur

165 2308 293 2372 Canteri
307 2309 497 2394 conjectura,
514 2325 550 2374 ut
564 2315 660 2393 φεῦγε
673 2308 854 2384 omittatur;
883 2310 975 2372 Cant.
999 2306 1080 2372 enim
1104 2331 1143 2372 ex
1164 2331 1269 2373 recen-

164 2409 249 2476 sione
274 2426 396 2477 tantum
424 2411 521 2476 addit.
550 2419 605 2477 ποῖ
624 2435 682 2499 pro
704 2412 825 2476 Aldino
847 2416 888 2499 πῇ
908 2410 1014 2500 plures
1037 2413 1136 2476 MSS.
1161 2413 1266 2476 POR.

165 2513 249 2578 Mihi
264 2537 392 2601 quoque
407 2519 501 2597 φεῦγε
516 2514 642 2579 aliunde
658 2516 721 2579 huc
735 2514 856 2579 illatum
875 2514 1009 2592 videtur,
1025 2513 1173 2578 modone
1188 2512 1266 2577 illud

164 2639 203 2680 ex
224 2616 435 2704 superioribus
457 2616 668 2704 supplendum
691 2616 787 2697 dicas,
803 2616 857 2681 scd
880 2640 979 2703 quum
996 2619 1098 2681 Creon
1118 2616 1161 2679 ita
1175 2615 1265 2679 insti-

164 2718 274 2782 tuisset
287 2718 470 2796 orationem,
487 2719 629 2801 Δελφοὺς
644 2719 778 2800 περάσας
791 2720 867 2800 μόλε
883 2722 947 2783 Alc.
966 2721 996 2785 ἐς
1010 2719 1077 2802 γῆν,
1094 2741 1266 2782 sermonem

163 2821 232 2908 ejus
246 2821 489 2907 intercipientern
507 2823 708 2885 Menoeceum
723 2821 879 2886 addidisse
893 2836 1021 2899 statuas,
1037 2821 1124 2907 quod
1144 2820 1195 2883 ille
1214 2820 1267 2884 de-

162 2923 285 3002 buerat,
299 2931 414 3003 μολεῖν.
461 2923 523 2987 Sed
545 2923 637 2988 codd.
658 2937 835 2988 constanter
856 2928 952 3006 φεῦγε
973 2938 1090 3001 tenent,
1107 2922 1163 2987 nisi
1179 2923 1266 3009 quod

163 3024 194 3087 in
211 3027 304 3089 Cant.
324 3048 364 3088 ex
387 3025 563 3089 recensione
585 3040 706 3091 tantum
729 3026 885 3101 additum,
905 3026 937 3089 in
958 3026 1055 3089 Paris.
1073 3027 1111 3089 B.
1127 3040 1267 3090 autema

163 3152 204 3194 m.
220 3153 266 3216 pr.
283 3129 429 3193 omissum
450 3144 507 3206 est,
524 3131 616 3212 πάτερ
635 3145 739 3194 autem
755 3130 906 3195 omittunt
922 3130 996 3193 MS.
1014 3131 1051 3193 C.
1065 3131 1103 3193 C.
1117 3130 1156 3193 C.
1173 3127 1264 3192 Leid.

164 3236 201 3298 B.
214 3235 255 3299 K.
271 3236 309 3298 L.
326 3236 455 3320 Mosqu.
472 3235 514 3296 D.
533 3234 597 3297 Gu.
616 3232 700 3296 Flor.
718 3251 746 3297 2.
761 3250 791 3317 5.
808 3236 838 3296 6.
854 3254 884 3316 9.
902 3233 952 3296 18.
970 3251 1020 3295 21.
1039 3233 1227 3295 MATTH.

206 3340 279 3421 981.
296 3340 326 3404 ἐς
341 3339 386 3401 Η.
402 3352 433 3400 et
449 3335 525 3400 Ald.
543 3339 583 3402 εἰς
597 3359 634 3398 ex
652 3336 792 3421 quinque
807 3334 897 3399 codd.
914 3349 1086 3399 enotatum.

205 3441 278 3524 983.
295 3439 367 3518 δῆπα
381 3442 458 3521 ῥῦμα
473 3438 704 3503 Valckenarius.
728 3436 788 3516 δῆτ’
805 3438 896 3519 ἔρυμα
911 3436 990 3500 libri.

204 3542 279 3625 986.
303 3543 424 3605 Totum
447 3564 618 3605 sermonem
642 3563 661 3603 a
683 3541 895 3624 986-1018.
935 3541 1100 3603 Menoeceo
1121 3538 1263 3602 dandum

161 3641 240 3707 vidit
263 3644 478 3730 Musgravius.
524 3644 565 3707 In
584 3642 662 3707 Ald.
686 3642 813 3706 Creonti
837 3641 987 3705 tribuitur
1008 3642 1099 3724 χώρει
1121 3667 1174 3705 νυν
1190 3645 1263 3726 986.

160 3758 192 3810 et
207 3759 292 3809 totus
303 3767 378 3831 990.
396 3748 499 3811 POR.
515 3748 605 3830 χώρει
620 3772 674 3811 νυν
690 3745 829 3823 Creonti,
845 3744 965 3831 reliqua
979 3745 1083 3808 omnia
1099 3746 1268 3808 Menoeceo

160 3847 270 3912 tribuit
287 3847 377 3912 Harl.

203 3951 277 4033 987.
301 3949 454 4030 Ἰοκάστης
476 3952 524 4015 Η.
551 3966 582 4016 et
605 3951 690 4015 Flor.
718 3966 780 4015 tres
804 3974 876 4015 oum
899 3950 976 4015 Ald.
1022 3951 1262 4029 Accusativunt‚

159 4075 254 4139 quern
277 4053 309 4117 in
332 4052 513 4139 hujusmodi
535 4053 609 4118 locis
630 4077 699 4118 mos
720 4052 857 4138 postulat
881 4053 1081 4140 tragicorum,
1100 4069 1264 4118 servarunt

159 4154 229 4218 libri
245 4153 366 4240 reliqui.

202 4257 277 4342 989.
300 4258 390 4321 σώσω
408 4258 480 4336 βίον
496 4258 542 4320 Η.
557 4255 671 4343 aliique
691 4257 806 4345 plures.
852 4259 918 4322 Alii
935 4263 1043 4324 σώσων
1057 4262 1136 4338 βίον.
1161 4262 1262 4335 σώζων

157 4362 230 4438 βίον
245 4360 284 4422 Β.
307 4361 397 4423 πάλιν
419 4362 529 4424 σώσων
544 4358 623 4424 Ald.
647 4363 737 4425 σώσω
758 4364 849 4426 πάλιν
870 4360 957 4426 Flor.
980 4376 1053 4439 tres,
1076 4385 1114 4424 ex
1138 4385 1169 4425 v.
1187 4377 1261 4448 997.
