2864 4914
582 304 852 367 PRAEFA'rlo.
1248 323 1266 361 ν

168 477 296 546 tandos
313 476 389 567 ipse
401 477 588 570 judicabat
605 476 875 548 Valckenarius
914 476 1057 567 Duplex
1075 485 1195 544 autem
1213 477 1268 543 in-

167 592 444 682 terpolatianum
462 593 605 662 illarum
628 617 741 688 genus
763 604 840 663 est:
866 592 936 662 alia
960 591 1057 662 enim
1082 594 1128 662 ad
1153 591 1266 681 expli-

165 708 297 777 candas
314 708 623 799 amplificandasve
640 723 755 798 poetas
777 707 970 778 sententias
991 708 1037 778 ab
1062 706 1265 798 interpreti·

167 822 233 892 bus
263 832 349 893 sunt
381 824 541 904 conficta,
571 823 641 893 alia
672 823 870 914 Euripidea
903 822 1048 914 quidem
1078 832 1175 905 sunt,
1204 824 1265 892 sed

166 937 252 1008 locis
286 938 410 1008 alienis
445 939 556 1021 illata,
589 962 700 1029 quum
740 938 962 1032 marginibus
996 938 1266 1028 adscripsissent

163 1055 392 1148 grammatici
409 1052 542 1125 similia
561 1053 739 1123 similibus
760 1064 1016 1143 comparantes.
1067 1053 1266 1144 Utriusque

165 1169 307 1264 generis
332 1172 505 1260 exempla,
522 1192 675 1260 quornm
699 1168 852 1238 indicem
878 1168 974 1239 infru
998 1168 1113 1259 posui,
1133 1168 1264 1258 partim

166 1283 212 1353 ah
244 1307 302 1354 me
337 1285 468 1376 partim
499 1284 546 1355 ab
579 1283 660 1354 aliis
694 1293 818 1353 notata
851 1293 936 1353 sunt
970 1306 1092 1354 versus
1122 1295 1265 1354 centnm

166 1409 202 1469 et
230 1400 459 1494 septuaginta
484 1423 546 1470 sex
572 1400 609 1469 in
635 1399 766 1470 fabulis
792 1400 1067 1490 septemdecim:
1109 1423 1190 1469 narn
1227 1399 1265 1469 in

166 1515 287 1586 Rheso
310 1527 442 1606 praeter
462 1517 534 1586 duo
559 1519 724 1610 prologos
748 1516 888 1608 spurios
909 1516 955 1586 ab
971 1517 1143 1607 scriptore
1159 1540 1267 1610 argn-

165 1631 277 1701 menti
302 1632 420 1703 Graeci
445 1642 659 1702 memoratos
685 1632 776 1701 nihil
802 1632 1010 1726 hujusmodi
1033 1631 1267 1724 deprehendi·

164 1768 257 1832 mus,
285 1750 423 1838 amplas
452 1757 572 1818 antem
604 1748 803 1843 Iphigeniae
833 1747 1042 1818 Aulidensis
1075 1748 1266 1838 interpola·

164 1861 290 1945 tiones,
308 1863 347 1932 in
363 1863 537 1954 prooemio
554 1866 600 1934 ad
616 1865 709 1933 hanc
728 1864 885 1933 fabulam
910 1863 1094 1947 indicatas,
1111 1887 1263 1955 quarum

164 1979 339 2048 rationem
370 1982 491 2069 paullo
517 1979 624 2049 aliam
659 2002 735 2049 essa
762 2002 870 2070 supra
894 1979 1067 2064 dicebam,
1092 1982 1160 2051 hoc
1190 1985 1266 2051 loco

162 2093 328 2165 omittere
353 2096 498 2186 placuit.
551 2096 719 2166 Ceterum
745 2119 789 2166 ex
811 2096 927 2167 indice
949 2108 1072 2168 nostro
1088 2097 1192 2168 facile
1212 2097 1266 2166 in-

162 2208 346 2304 telligetur
375 2211 510 2303 primas
539 2222 711 2303 quattuor
737 2213 888 2296 fabulas,
916 2237 1004 2304 quas
1034 2238 1110 2305 prae
1139 2215 1264 2284 ceteris

163 2324 341 2397 lectitataa
358 2327 397 2398 in
413 2328 543 2399 scholis
559 2330 875 2424 grammaticorum
896 2353 972 2401 esse
988 2340 1138 2414 constat,
1154 2330 1265 2400 inter-

162 2442 404 2530 polationibus
422 2444 537 2538 magis
554 2468 663 2538 quam
680 2445 835 2539 reliquas
854 2447 963 2518 fuisse
980 2446 1162 2518 obnoxias.

218 2694 280 2740 ι-
288 2697 324 2768 3.
345 2674 482 2745 Hecuh.
500 2697 712 2772 441—443.

260 2784 299 2868 ὃς
316 2789 369 2875 τὴν
385 2792 536 2861 Λάκαιναν
552 2790 689 2885 ξύγγονον
705 2790 890 2888 Διοσκίροιν,

260 2904 385 2992 ‘Elim
402 2904 508 2998 ἴδοιμι·
538 2907 587 2978 διὰ
603 2917 702 2978 καλῶν
718 2909 776 3005 γὰρ
794 2909 934 3003 ὄμμάτων

260 3016 416 3114 αἴσχιστα
431 3016 540 3117 Τροίαν
558 3017 622 3093 εἷλε
640 3021 693 3110 τὴν
710 3022 880 3117 εὐδαίμονα.

209 3157 245 3223 4·
265 3155 298 3228 5·
318 3137 409 3208 Ibid.
429 3156 512 3233 555·
532 3141 615 3233 556·

262 3251 291 3323 ai
306 3251 331 3321 δ’
349 3252 387 3332 ὥς
405 3256 533 3349 τάχιστ’
549 3253 677 3342 ἥκουσαν
695 3253 827 3343 ὑστάτην
842 3253 912 3343 ixa,

259 3374 402 3458 μεθῆκαν,
418 3366 505 3463 οἷπερ
522 3367 574 3441 καί
591 3372 738 3464 μέγιστον
754 3368 789 3459 ἦν
804 3375 921 3468 κράτος.
953 3360 956 3365 ⁴

208 3485 318 3578 6-9·
339 3486 430 3557 nn.
452 3508 662 3583 794-797·

259 3598 354 3681 ξενίας
371 3598 399 3670 τ’
416 3600 529 3700 ἇμθμῷ
545 3614 647 3700 πρῶτα
663 3612 718 3674 τῶν
735 3604 811 3697 ipris
826 3604 919 3688 ξένων·

258 3716 357 3810 τνχὸν
373 3713 397 3786 δ’
416 3715 489 3787 inas
505 3717 555 3790 lei·
566 3715 618 3789 καί
635 3721 740 3804 λαβὼν
754 3720 916 3817 προμηθίαν

257 3828 380 3916 ἔκτεινε,
397 3831 519 3927 τίμβον
536 3833 572 3919 δ’,
591 3834 619 3906 εί
633 3844 749 3907 κτανεῖν
766 3835 921 3921 ἐβούλετο,

259 3944 311 4016 οὖν
326 3945 461 4035 ἠξίωσεν,
478 3948 551 4021 ἀλλ’
570 3950 672 4042 ἀφῆκε
689 3948 813 4023 πίντνον.

213 4085 268 4133 ιο.
289 4086 342 4134 11.
361 4064 453 4136 Ibid.
474 4066 557 4161 831.
577 4068 660 4160 832.

259 4176 294 4249 ἔκ
309 4186 363 4251 τοῦ
379 4176 489 4253 σκίτον
503 4181 564 4276 γὰρ
580 4190 636 4252 τῶν
653 4213 686 4251 τε
704 4183 842 4278 surripui
859 4184 932 4252 πάνυ

675 4303 741 4367 33
