2864 4914
537 300 605 362 AD
630 299 854 364 MEDEAM.
1186 296 1251 366 228
1295 251 1298 255 <

145 470 361 550 βασιλεύτερος
385 473 438 549 εἴη,
460 469 465 557 Ι
484 476 630 552 γλῶσσαν
653 470 677 535 δ’
700 470 865 553 Ἀδρήστου
893 474 1105 556 μειλιχύγηρυν
1131 473 1206 557 ἔχοι.
1225 475 1232 560 Ι

146 569 206 634 οὐδ’
223 575 251 636 εἰ
271 577 374 637 πᾶσαν
397 573 462 656 ἔχοι
482 576 573 653 δόξαν
593 575 674 654 πλὴν
690 577 822 656 θούριδος
844 574 948 654 ὀλκῆς.
994 575 1164 661 Sequentia
1178 575 1250 640 vide

145 673 231 759 apud
247 674 460 740 Gaislordium
478 678 567 742 Poet.
584 677 666 741 Min.
683 679 732 742 Gr
748 679 791 741 Τ.
810 697 837 741 1.
853 700 883 764 p.
898 680 975 763 436.
998 679 1116 742 ELM.

189 791 265 860 543.
289 778 430 866 κάλλιον]
456 779 545 843 Libri
568 779 688 868 aliquot
709 779 835 860 βέλτιον
849 780 897 843 vel
918 780 1091 860 βέλτιστον.
1124 781 1250 847 κάλλιον

146 877 293 942 Eustath.
310 902 341 966 p.
354 882 429 962 667,
440 899 492 963 47.
509 883 584 961 801,
600 899 656 966 54.

189 998 263 1066 545.
285 979 388 1063 μέντοι
406 1006 444 1047 ex
460 987 503 1048 A.
520 983 651 1070 aliisque
673 983 831 1048 nonnullis
845 1002 877 1049 et
893 987 983 1049 Lasc.
1000 985 1130 1051 editum.
1169 986 1249 1052 Seri-

147 1082 284 1148 bendum
301 1085 358 1166 μέν
372 1113 430 1160 σοι,
448 1087 534 1174 qnod
551 1087 667 1152 habent
681 1087 802 1151 codices
817 1086 927 1174 reliqui
942 1102 973 1152 et
987 1087 1067 1153 Ald.

190 1190 263 1271 546.
280 1188 571 1277 ἅμιλλαν-λόγων]
591 1189 706 1254 Iisdem
725 1189 827 1254 verbis
844 1189 944 1254 utitur
960 1189 1072 1277 Suppl.
1087 1193 1162 1271 428.

189 1309 266 1373 550.
282 1292 407 1377 ἥσυχος]
425 1294 544 1376 ἡσύχως
558 1297 654 1358 Rom.
670 1293 758 1358 A.B.
775 1295 847 1357 Par.
865 1295 910 1356 A.
947 1292 1008 1357 Sed
1026 1294 1099 1358 Par.
1116 1298 1158 1358 A.
1176 1317 1247 1358 cum

146 1390 267 1456 Aldina
281 1394 431 1458 consentit
445 1395 548 1482 Hipp.
564 1415 656 1482 1313.
674 1395 728 1460 ubi
743 1395 856 1460 iterum
868 1395 1020 1481 leguntur
1033 1395 1140 1459 eadem
1154 1395 1249 1460 verba

146 1493 216 1557 ἀλλ’
233 1494 277 1578 ἔχ’
292 1497 414 1580 ἥσυχος.
459 1499 560 1586 Apud
576 1498 821 1585 Aristophanem
836 1498 934 1585 vulgo
948 1496 1063 1585 legitur
1078 1496 1121 1581 ἔχ’
1137 1498 1249 1582 ἥσυχος

146 1595 233 1660 Plut.
255 1616 323 1681 127.
349 1600 401 1684 ἔχε
424 1627 477 1665 νυν
491 1603 604 1686 ἥσυχος
625 1602 712 1666 Νυδ.
733 1603 825 1682 1246.
847 1600 912 1680 μέν’
935 1601 1047 1684 ἥσυχος
1068 1602 1133 1664 AV.
1154 1619 1248 1686 1199.

148 1696 277 1763 Thesm.
294 1720 368 1787 932.
393 1703 493 1789 Apud
508 1703 693 1791 Euripidem
712 1704 784 1790 Iph.
801 1706 844 1767 A.
859 1722 951 1787 1133.
966 1701 1062 1766 verba
1077 1701 1121 1786 ἔχ’
1137 1705 1249 1787 ἥσυχος

144 1799 185 1864 ab
200 1801 289 1866 Aldo
303 1804 415 1869 omissa
428 1830 467 1870 ex
483 1805 575 1872 codd.
589 1806 726 1894 reposuit
742 1804 961 1870 Marklandus.
996 1804 1098 1891 Apud
1113 1805 1247 1869 eundem

147 1904 257 1989 Suppl.
284 1923 357 1990 305.
388 1906 460 1972 edd.
488 1931 607 1987 omnes,
633 1908 666 1971 ni
702 1907 804 1985 fallor,
831 1906 909 1988 κάρτ’
938 1907 976 1972 ἂν
1005 1907 1089 1989 εἶχον
1117 1910 1245 1992 ἡσύχως.

144 2007 261 2072 ELM.

186 2125 262 2195 552.
288 2117 406 2180 πολλὰς
439 2113 576 2194 ἐφέλκων
602 2116 757 2195 συμφοράς
781 2112 965 2195 ἀμηχάνους]
994 2112 1098 2198 Supra
1121 2137 1149 2176 v.
1171 2131 1245 2199 450.
1342 2111 1351 2119 ’

143 2212 247 2276 media
260 2213 360 2278 forma
375 2216 535 2298 ἐφέλκεται
550 2216 657 2280 eadem
674 2215 739 2279 fere
754 2212 976 2301 significatione
990 2211 1114 2300 legitur.
1131 2217 1245 2281 ELM.

185 2332 259 2400 553.
276 2318 377 2401 εὖρον]
398 2318 604 2382 scribendum
621 2319 720 2400 ηὗρον.

186 2437 261 2502 554·
278 2422 376 2502 onyas
390 2421 500 2504 νυὸς]
518 2422 614 2502 γεγὼς
628 2423 725 2503 φυᾶς
741 2421 784 2482 Α·

184 2537 259 2605 555.
276 2524 436 2608 ἐχθαίρειν]
456 2524 621 2606 ἔχθραίνων
638 2521 716 2587 Ald.
730 2536 762 2585 et
778 2523 873 2584 Rom.
891 2521 931 2584 Ε.

185 2626 260 2706 564.
283 2622 469 2706 ξυνορτήσος
489 2625 593 2709 γένος]
622 2624 746 2688 Eodem
770 2645 860 2687 sensu
885 2621 998 2709 Eurip.
1020 2624 1126 2687 OEneo
1150 2625 1189 2689 fr.
1216 2647 1243 2691 1.

142 2722 223 2788 dixit
237 2731 352 2809 ξυνῆψε
367 2728 487 2810 γένναν.
512 2728 627 2791 ELM.

184 2828 257 2912 565.
274 2831 326 2893 σοί
338 2856 371 2894 τε
388 2834 446 2912 γὰρ
461 2831 574 2893 ποιδων
587 2830 619 2892 τί
631 2828 691 2912 δεῖ]
717 2829 799 2891 Haec
822 2825 864 2891 sic
885 2827 1019 2914 arripio:
1042 2851 1140 2916 nequae
1160 2833 1245 2895 enim

141 2930 198 2993 riht
212 2951 292 3016 opus
306 2933 441 2995 catallis
462 2932 581 3008 liberis,
597 2940 626 2994 et
647 2929 727 2992 miti
744 2929 1055 3008 conducit-Quum
1078 2931 1191 3019 aliquis
1205 2935 1244 3012 ei,

141 3033 197 3118 qni
216 3033 282 3119 jam
306 3034 419 3098 liberos
443 3033 547 3111 habet,
572 3032 661 3110 dicit,
685 3032 713 3097 ei
739 3054 801 3095 non
827 3055 908 3119 opus
932 3056 996 3097 esse
1019 3032 1133 3113 liberis,
1156 3036 1246 3101 facile

140 3134 353 3222 intelligimus,
377 3159 448 3199 eum
473 3158 533 3199 non
557 3135 597 3198 de
616 3135 732 3212 liberis,
750 3134 807 3220 qui
821 3135 887 3221 jam
909 3149 992 3212 sunt,
1016 3134 1113 3221 loqui,
1130 3137 1184 3202 sed
1204 3139 1245 3204 de

140 3237 217 3316 aliis,
234 3239 290 3325 qui
312 3238 394 3302 nasei
416 3235 519 3301 adhuc
543 3237 669 3322 possint.
716 3237 830 3322 Itaque
852 3235 911 3300 hoc
934 3235 1009 3300 dicit
1026 3239 1143 3302 Jason:
1169 3241 1242 3304 Me-

141 3339 209 3404 deae
235 3363 296 3405 non
323 3340 399 3404 alios
424 3363 489 3403 esse
519 3339 711 3425 expetendos
732 3338 856 3414 liberos,
882 3353 1059 3403 contentam
1087 3363 1153 3404 eam
1178 3365 1244 3407 esse

140 3465 230 3530 posse
252 3443 298 3520 iis,
321 3442 377 3529 qui
395 3443 460 3529 jam
485 3441 556 3519 sint,
583 3441 717 3528 ideoque
743 3464 805 3505 non
829 3440 943 3505 debere
969 3465 1036 3506 eam
1060 3443 1241 3532 conjugium

139 3547 163 3610 J
165 3546 266 3609 asonis
282 3545 372 3609 nimis
386 3545 572 3623 desiderare,
584 3546 674 3632 quasi
689 3568 728 3609 ex
743 3569 780 3609 eo
791 3544 868 3610 alios
883 3544 976 3609 etiam
991 3545 1105 3609 liberos
1120 3562 1240 3633 speret:

139 3649 207 3712 οἵτε
221 3651 281 3730 γδρ
296 3649 345 3711 σοὶ
359 3650 473 3711 παιδον
488 3648 532 3712 ἔτι
545 3651 600 3721 δεῖ,
617 3649 685 3726 ἐμοί
696 3672 730 3712 τε
744 3649 863 3712 λύει-
880 3648 1072 3711 ΜΑΤΤΗ.

181 3752 257 3834 566.
272 3752 354 3839 λύει]
372 3750 412 3814 Id
427 3766 474 3814 est
487 3755 650 3814 λυσιτελεῖ.

181 3855 255 3935 569.
272 3851 342 3916 ἀλλ’
359 3855 400 3920 εἷς
417 3856 561 3915 τοσοῦτον
575 3850 666 3931 ἥκεύ,
683 3853 752 3915 ὥστ’
767 3849 947 3933 ὀρθουμένης
966 3848 971 3936 Ι
991 3851 1087 3930 εὐνῆς,
1104 3860 1243 3934 γυναῖκες

137 3953 223 4018 πάντ’
240 3956 322 4038 ἔχειν
338 3955 484 4038 νομίζετε]
510 3953 640 4017 Plenius
663 3957 704 4021 εἰς
725 3958 868 4017 τοσοῦτον
888 3953 1008 4033 μωρίας,
1032 3952 1064 4016 ni
1086 3953 1190 4033 fallor,
1208 3970 1243 4021 ut

138 4079 167 4121 v.
183 4059 257 4144 365.
296 4057 390 4135 Quod
407 4057 457 4121 hio
476 4055 658 4144 perstringit
671 4057 783 4135 Jason,
798 4053 940 4120 defendit
956 4054 1122 4120 Menelaus
1136 4059 1242 4124 Andr.

137 4178 212 4244 372.
227 4163 335 4241 τὰμὲν
349 4164 407 4242 γὰρ
430 4161 512 4224 ἄλλο
529 4157 638 4240 δεύτερ’
655 4157 693 4223 δν
714 4158 828 4241 πάσχοι
849 4156 933 4240 γυνή·
953 4156 959 4242 Ι
979 4157 1086 4240 ἀνδρὸς
1108 4158 1132 4222 δ’
1148 4163 1241 4243 ἁμαρ-

138 4261 269 4336 τάνουσ’,
286 4262 446 4343 ἁμαρτάνει
460 4265 541 4340 βίον.
564 4260 679 4325 ELM.

180 4382 254 4449 573.
278 4363 500 4448 χρῆν-γένος]
530 4362 674 4427 Eandem
697 4361 879 4427 sententiam
900 4361 1046 4448 pluribus
1067 4362 1170 4428 verbis
1191 4387 1244 4430 ex-

139 4468 249 4552 pressit
270 4468 374 4555 Hipp.
390 4469 465 4532 616.
488 4464 512 4531 δ
535 4469 604 4545 Ζεῦ,
626 4468 656 4530 τί
676 4465 722 4544 δὴ,
743 4466 887 4544 κίβδηλον
910 4464 1075 4564 ἀνθρώποις
1098 4465 1226 4554 κακὸν]
