<?xml version="1.0" encoding="UTF-8"?>
<!DOCTYPE html PUBLIC "-//W3C//DTD XHTML 1.0 Transitional//EN"
    "http://www.w3.org/TR/xhtml1/DTD/xhtml1-transitional.dtd">
<html xmlns="http://www.w3.org/1999/xhtml" xml:lang="en" lang="en">
 <head>
  <title>
</title>
<meta http-equiv="Content-Type" content="text/html;charset=utf-8" />
  <meta name='ocr-system' content='tesseract 3.04.00' />
  <meta name='ocr-capabilities' content='ocr_page ocr_carea ocr_par ocr_line ocrx_word'/>
</head>
<body>
  <div class='ocr_page' id='page_1' title='image "./tragoediaesuper01eurigoog_0415.png"; bbox 0 0 2864 4914; ppageno 0'>
   <div class='ocr_carea' id='block_1_1' title="bbox 525 293 1376 364">
    <p class='ocr_par' dir='ltr' id='par_1_1' title="bbox 525 293 1376 364">
     <span class='ocr_line' id='line_1_1' title="bbox 525 293 1376 364; baseline 0.005 -4"><span class='ocrx_word' id='word_1_1' title='bbox 525 297 592 360; x_wconf 85' lang='lat' dir='ltr'>AD</span> <span class='ocrx_word' id='word_1_2' title='bbox 617 295 883 360; x_wconf 84' lang='lat' dir='ltr'><strong>SUPPLICES.</strong></span> <span class='ocrx_word' id='word_1_3' title='bbox 1181 293 1246 356; x_wconf 78' lang='lat'>408</span> <span class='ocrx_word' id='word_1_4' title='bbox 1375 361 1376 364; x_wconf 74' lang='grc'>,</span> 
     </span>
    </p>
   </div>
   <div class='ocr_carea' id='block_1_2' title="bbox 152 465 1256 4640">
    <p class='ocr_par' dir='ltr' id='par_1_2' title="bbox 152 465 1248 1164">
     <span class='ocr_line' id='line_1_2' title="bbox 152 465 1245 552; baseline 0.002 -24"><span class='ocrx_word' id='word_1_5' title='bbox 152 467 266 546; x_wconf 82' lang='grc' dir='ltr'>δρθμδν</span> <span class='ocrx_word' id='word_1_6' title='bbox 288 470 336 532; x_wconf 82' lang='grc' dir='ltr'>καὶ</span> <span class='ocrx_word' id='word_1_7' title='bbox 356 470 462 550; x_wconf 79' lang='grc' dir='ltr'>φιλίαν</span> <span class='ocrx_word' id='word_1_8' title='bbox 482 469 610 550; x_wconf 77' lang='grc' dir='ltr'>τέμνειν,</span> <span class='ocrx_word' id='word_1_9' title='bbox 634 467 826 533; x_wconf 83' lang='lat' dir='ltr'>Callimacho</span> <span class='ocrx_word' id='word_1_10' title='bbox 847 469 960 552; x_wconf 82' lang='lat' dir='ltr'><strong>fragm.</strong></span> <span class='ocrx_word' id='word_1_11' title='bbox 984 467 1088 529; x_wconf 86' lang='lat' dir='ltr'>Bentl.</span> <span class='ocrx_word' id='word_1_12' title='bbox 1107 485 1177 551; x_wconf 93' lang='grc'><strong><em>199.</em></strong></span> <span class='ocrx_word' id='word_1_13' title='bbox 1202 465 1245 530; x_wconf 87' lang='lat' dir='ltr'>sic</span> 
     </span>
     <span class='ocr_line' id='line_1_3' title="bbox 153 566 1246 658; baseline 0.003 -29"><span class='ocrx_word' id='word_1_14' title='bbox 153 569 237 649; x_wconf 82' lang='grc' dir='ltr'>ὅρκια</span> <span class='ocrx_word' id='word_1_15' title='bbox 251 571 379 653; x_wconf 75' lang='grc' dir='ltr'>τέμνειν,</span> <span class='ocrx_word' id='word_1_16' title='bbox 394 587 425 635; x_wconf 88' lang='lat' dir='ltr'>et</span> <span class='ocrx_word' id='word_1_17' title='bbox 441 574 572 639; x_wconf 76' lang='grc' dir='ltr'>σπονδὰς</span> <span class='ocrx_word' id='word_1_18' title='bbox 591 572 719 651; x_wconf 90' lang='grc' dir='ltr'>τέμνειν,</span> <span class='ocrx_word' id='word_1_19' title='bbox 733 594 805 658; x_wconf 81' lang='lat' dir='ltr'>quae</span> <span class='ocrx_word' id='word_1_20' title='bbox 827 593 866 635; x_wconf 82' lang='lat' dir='ltr'>ex</span> <span class='ocrx_word' id='word_1_21' title='bbox 890 571 1032 633; x_wconf 84' lang='lat' dir='ltr'>Homero</span> <span class='ocrx_word' id='word_1_22' title='bbox 1045 583 1076 637; x_wconf 88' lang='lat' dir='ltr'>et</span> <span class='ocrx_word' id='word_1_23' title='bbox 1091 566 1246 654; x_wconf 83' lang='lat' dir='ltr'>Euripide</span> 
     </span>
     <span class='ocr_line' id='line_1_4' title="bbox 152 669 1246 757; baseline 0 -23"><span class='ocrx_word' id='word_1_24' title='bbox 152 670 286 737; x_wconf 86' lang='lat' dir='ltr'>adduxit</span> <span class='ocrx_word' id='word_1_25' title='bbox 302 673 478 739; x_wconf 80' lang='lat' dir='ltr'>Burnesius.</span> <span class='ocrx_word' id='word_1_26' title='bbox 501 673 618 755; x_wconf 76' lang='grc' dir='ltr'>τέμνειν</span> <span class='ocrx_word' id='word_1_27' title='bbox 632 675 732 755; x_wconf 88' lang='grc' dir='ltr'>όρκιον</span> <span class='ocrx_word' id='word_1_28' title='bbox 748 672 931 738; x_wconf 89' lang='lat' dir='ltr'>Herodotus</span> <span class='ocrx_word' id='word_1_29' title='bbox 947 688 1059 756; x_wconf 84' lang='lat'><strong>7.132.</strong></span> <span class='ocrx_word' id='word_1_30' title='bbox 1074 687 1106 735; x_wconf 91' lang='lat' dir='ltr'>et</span> <span class='ocrx_word' id='word_1_31' title='bbox 1120 669 1246 757; x_wconf 81' lang='lat' dir='ltr'>passim.</span> 
     </span>
     <span class='ocr_line' id='line_1_5' title="bbox 153 773 1247 864; baseline 0.001 -27"><span class='ocrx_word' id='word_1_32' title='bbox 153 789 185 837; x_wconf 86' lang='lat' dir='ltr'>et</span> <span class='ocrx_word' id='word_1_33' title='bbox 204 778 357 856; x_wconf 85' lang='grc' dir='ltr'>ταμόντες,</span> <span class='ocrx_word' id='word_1_34' title='bbox 372 777 522 856; x_wconf 84' lang='lat' dir='ltr'>absolute,</span> <span class='ocrx_word' id='word_1_35' title='bbox 539 779 658 864; x_wconf 80' lang='lat' dir='ltr'>absque</span> <span class='ocrx_word' id='word_1_36' title='bbox 673 779 766 860; x_wconf 85' lang='grc' dir='ltr'>ὅρκια,</span> <span class='ocrx_word' id='word_1_37' title='bbox 782 776 864 841; x_wconf 88' lang='lat' dir='ltr'>idern</span> <span class='ocrx_word' id='word_1_38' title='bbox 881 798 912 855; x_wconf 84' lang='lat'>4.</span> <span class='ocrx_word' id='word_1_39' title='bbox 926 794 997 840; x_wconf 87' lang='lat'><strong>201.</strong></span> <span class='ocrx_word' id='word_1_40' title='bbox 1021 777 1115 839; x_wconf 82' lang='grc' dir='ltr'>Φέλια</span> <span class='ocrx_word' id='word_1_41' title='bbox 1129 773 1247 854; x_wconf 85' lang='grc' dir='ltr'>τέμνειν</span> 
     </span>
     <span class='ocr_line' id='line_1_6' title="bbox 153 878 1248 968; baseline 0 -28"><span class='ocrx_word' id='word_1_42' title='bbox 153 878 374 944; x_wconf 82' lang='lat' dir='ltr'>adumbratum</span> <span class='ocrx_word' id='word_1_43' title='bbox 389 879 500 968; x_wconf 83' lang='lat' dir='ltr'>opinor</span> <span class='ocrx_word' id='word_1_44' title='bbox 510 903 549 944; x_wconf 85' lang='lat' dir='ltr'>ex</span> <span class='ocrx_word' id='word_1_45' title='bbox 565 882 707 944; x_wconf 83' lang='lat' dir='ltr'>Homero</span> <span class='ocrx_word' id='word_1_46' title='bbox 721 879 810 944; x_wconf 81' lang='lat' dir='ltr'>Iliad.</span> <span class='ocrx_word' id='word_1_47' title='bbox 828 885 859 943; x_wconf 89' lang='grc' dir='ltr'>Γ.</span> <span class='ocrx_word' id='word_1_48' title='bbox 873 897 924 966; x_wconf 98' lang='grc'><strong><em>73.</em></strong></span> <span class='ocrx_word' id='word_1_49' title='bbox 940 880 1087 959; x_wconf 81' lang='grc' dir='ltr'>φιλότητα</span> <span class='ocrx_word' id='word_1_50' title='bbox 1102 879 1150 942; x_wconf 80' lang='grc' dir='ltr'>καὶ</span> <span class='ocrx_word' id='word_1_51' title='bbox 1163 878 1248 959; x_wconf 86' lang='grc' dir='ltr'>ὅρκια</span> 
     </span>
     <span class='ocr_line' id='line_1_7' title="bbox 153 977 1245 1064; baseline -0.001 -21"><span class='ocrx_word' id='word_1_52' title='bbox 153 985 245 1045; x_wconf 80' lang='grc' dir='ltr'>πιστὰ</span> <span class='ocrx_word' id='word_1_53' title='bbox 267 984 417 1061; x_wconf 79' lang='grc' dir='ltr'>ταμόντες.</span> <span class='ocrx_word' id='word_1_54' title='bbox 440 982 493 1046; x_wconf 92' lang='lat' dir='ltr'>ubi</span> <span class='ocrx_word' id='word_1_55' title='bbox 518 981 711 1046; x_wconf 76' lang='lat' dir='ltr'>scholiastes:</span> <span class='ocrx_word' id='word_1_56' title='bbox 737 984 844 1064; x_wconf 82' lang='grc' dir='ltr'>φιλίαν</span> <span class='ocrx_word' id='word_1_57' title='bbox 868 981 915 1044; x_wconf 78' lang='grc' dir='ltr'>καὶ</span> <span class='ocrx_word' id='word_1_58' title='bbox 939 981 1042 1061; x_wconf 82' lang='grc' dir='ltr'>ὅρκους</span> <span class='ocrx_word' id='word_1_59' title='bbox 1066 979 1188 1047; x_wconf 81' lang='grc' dir='ltr'>τιστοδς</span> <span class='ocrx_word' id='word_1_60' title='bbox 1209 977 1245 1043; x_wconf 86' lang='grc' dir='ltr'>δι’</span> 
     </span>
     <span class='ocr_line' id='line_1_8' title="bbox 154 1084 663 1164; baseline 0.006 -19"><span class='ocrx_word' id='word_1_61' title='bbox 154 1085 285 1164; x_wconf 79' lang='grc' dir='ltr'>ὲντόμον</span> <span class='ocrx_word' id='word_1_62' title='bbox 299 1084 485 1163; x_wconf 81' lang='grc' dir='ltr'>ποιήσαντες.</span> <span class='ocrx_word' id='word_1_63' title='bbox 510 1085 663 1149; x_wconf 87' lang='lat' dir='ltr'><strong>MARK.</strong></span> 
     </span>
    </p>

    <p class='ocr_par' dir='ltr' id='par_1_3' title="bbox 153 1183 1248 1375">
     <span class='ocr_line' id='line_1_9' title="bbox 197 1183 1248 1253; baseline -0.001 -4"><span class='ocrx_word' id='word_1_64' title='bbox 197 1186 310 1253; x_wconf 83' lang='grc' dir='ltr'>τέκνοις</span> <span class='ocrx_word' id='word_1_65' title='bbox 325 1185 411 1251; x_wconf 88' lang='lat' dir='ltr'>Flor.</span> <span class='ocrx_word' id='word_1_66' title='bbox 429 1207 454 1251; x_wconf 88' lang='grc'>1.</span> <span class='ocrx_word' id='word_1_67' title='bbox 468 1206 495 1249; x_wconf 84' lang='lat'>2.</span> <span class='ocrx_word' id='word_1_68' title='bbox 520 1186 722 1251; x_wconf 82' lang='lat' dir='ltr'>Scribebstur</span> <span class='ocrx_word' id='word_1_69' title='bbox 735 1186 894 1250; x_wconf 83' lang='grc' dir='ltr'>τέκνοισιν.</span> <span class='ocrx_word' id='word_1_70' title='bbox 919 1188 1035 1249; x_wconf 83' lang='lat' dir='ltr'>Versus</span> <span class='ocrx_word' id='word_1_71' title='bbox 1048 1207 1086 1247; x_wconf 89' lang='lat' dir='ltr'>ex</span> <span class='ocrx_word' id='word_1_72' title='bbox 1102 1183 1248 1249; x_wconf 87' lang='lat' dir='ltr'>dochmio</span> 
     </span>
     <span class='ocr_line' id='line_1_10' title="bbox 153 1287 1024 1375; baseline -0.001 -25"><span class='ocrx_word' id='word_1_73' title='bbox 153 1303 186 1350; x_wconf 80' lang='lat' dir='ltr'>et</span> <span class='ocrx_word' id='word_1_74' title='bbox 200 1287 325 1352; x_wconf 89' lang='lat' dir='ltr'>duobus</span> <span class='ocrx_word' id='word_1_75' title='bbox 338 1289 481 1353; x_wconf 83' lang='lat' dir='ltr'>buccheis</span> <span class='ocrx_word' id='word_1_76' title='bbox 495 1288 694 1375; x_wconf 88' lang='lat' dir='ltr'>compositus,</span> <span class='ocrx_word' id='word_1_77' title='bbox 710 1288 816 1353; x_wconf 88' lang='lat' dir='ltr'>similis</span> <span class='ocrx_word' id='word_1_78' title='bbox 831 1287 932 1352; x_wconf 88' lang='lat' dir='ltr'>versui</span> <span class='ocrx_word' id='word_1_79' title='bbox 948 1290 1024 1373; x_wconf 83' lang='lat'><strong>367.</strong></span> 
     </span>
    </p>

    <p class='ocr_par' dir='ltr' id='par_1_4' title="bbox 197 1392 1015 1474">
     <span class='ocr_line' id='line_1_11' title="bbox 197 1392 1015 1474; baseline -0.002 -18"><span class='ocrx_word' id='word_1_80' title='bbox 197 1395 379 1474; x_wconf 74' lang='grc' dir='ltr'>ληψόμεσθα</span> <span class='ocrx_word' id='word_1_81' title='bbox 394 1394 606 1455; x_wconf 84' lang='lat' dir='ltr'>Hermannus.</span> <span class='ocrx_word' id='word_1_82' title='bbox 631 1392 832 1456; x_wconf 75' lang='lat' dir='ltr'>scribebatur</span> <span class='ocrx_word' id='word_1_83' title='bbox 846 1394 1015 1474; x_wconf 85' lang='grc' dir='ltr'>ληψόμεθα.</span> 
     </span>
    </p>

    <p class='ocr_par' dir='ltr' id='par_1_5' title="bbox 155 1489 1250 1763">
     <span class='ocr_line' id='line_1_12' title="bbox 197 1489 1249 1578; baseline 0.001 -20"><span class='ocrx_word' id='word_1_84' title='bbox 197 1509 272 1578; x_wconf 84' lang='grc'><strong><em>377.</em></strong></span> <span class='ocrx_word' id='word_1_85' title='bbox 300 1493 354 1557; x_wconf 83' lang='grc' dir='ltr'>Αι]</span> <span class='ocrx_word' id='word_1_86' title='bbox 380 1495 640 1558; x_wconf 85' lang='lat' dir='ltr'>constructionem</span> <span class='ocrx_word' id='word_1_87' title='bbox 663 1494 703 1557; x_wconf 84' lang='lat' dir='ltr'>cl.</span> <span class='ocrx_word' id='word_1_88' title='bbox 729 1493 839 1557; x_wconf 83' lang='lat' dir='ltr'>AEsch.</span> <span class='ocrx_word' id='word_1_89' title='bbox 866 1492 970 1557; x_wconf 89' lang='lat' dir='ltr'>Theb.</span> <span class='ocrx_word' id='word_1_90' title='bbox 999 1511 1046 1572; x_wconf 88' lang='grc'>14.</span> <span class='ocrx_word' id='word_1_91' title='bbox 1073 1496 1152 1559; x_wconf 86' lang='grc' dir='ltr'>θεοῖς</span> <span class='ocrx_word' id='word_1_92' title='bbox 1178 1489 1249 1572; x_wconf 74' lang='grc' dir='ltr'>δρό-</span> 
     </span>
     <span class='ocr_line' id='line_1_13' title="bbox 155 1595 1250 1679; baseline -0.001 -20"><span class='ocrx_word' id='word_1_93' title='bbox 155 1621 221 1678; x_wconf 86' lang='grc' dir='ltr'>γειν</span> <span class='ocrx_word' id='word_1_94' title='bbox 246 1599 294 1660; x_wconf 81' lang='grc' dir='ltr'>καὶ</span> <span class='ocrx_word' id='word_1_95' title='bbox 320 1601 396 1660; x_wconf 84' lang='grc' dir='ltr'>θεῶν</span> <span class='ocrx_word' id='word_1_96' title='bbox 420 1598 571 1679; x_wconf 79' lang='grc' dir='ltr'>ἐγχωρίων</span> <span class='ocrx_word' id='word_1_97' title='bbox 595 1602 734 1675; x_wconf 84' lang='grc' dir='ltr'>Βωμοῖσι,</span> <span class='ocrx_word' id='word_1_98' title='bbox 761 1602 845 1675; x_wconf 82' lang='grc' dir='ltr'>τιμδς</span> <span class='ocrx_word' id='word_1_99' title='bbox 870 1595 910 1675; x_wconf 72' lang='grc' dir='ltr'>μὴ</span> <span class='ocrx_word' id='word_1_100' title='bbox 933 1595 1144 1676; x_wconf 76' lang='grc' dir='ltr'>’ξαλειφθῆναί</span> <span class='ocrx_word' id='word_1_101' title='bbox 1166 1618 1250 1658; x_wconf 81' lang='grc' dir='ltr'>ποτε.</span> 
     </span>
     <span class='ocr_line' id='line_1_14' title="bbox 156 1700 346 1763; baseline -0.005 0"><span class='ocrx_word' id='word_1_102' title='bbox 156 1700 346 1763; x_wconf 84' lang='grc' dir='ltr'><strong><em>ΜΑΤΤΗ.</em></strong></span> 
     </span>
    </p>

    <p class='ocr_par' dir='ltr' id='par_1_6' title="bbox 155 1799 1250 1990">
     <span class='ocr_line' id='line_1_15' title="bbox 197 1799 1250 1887; baseline -0.001 -22"><span class='ocrx_word' id='word_1_103' title='bbox 197 1803 271 1887; x_wconf 87' lang='grc'><strong><em>380.</em></strong></span> <span class='ocrx_word' id='word_1_104' title='bbox 297 1802 408 1885; x_wconf 82' lang='grc' dir='ltr'>νέμεις]</span> <span class='ocrx_word' id='word_1_105' title='bbox 430 1801 610 1887; x_wconf 80' lang='lat' dir='ltr'>Legebstur</span> <span class='ocrx_word' id='word_1_106' title='bbox 627 1802 724 1881; x_wconf 89' lang='grc' dir='ltr'>νέμεις</span> <span class='ocrx_word' id='word_1_107' title='bbox 738 1803 788 1865; x_wconf 71' lang='lat' dir='ltr'>tet</span> <span class='ocrx_word' id='word_1_108' title='bbox 803 1802 876 1884; x_wconf 75' lang='grc' dir='ltr'>(αἰεί</span> <span class='ocrx_word' id='word_1_109' title='bbox 889 1800 992 1883; x_wconf 89' lang='lat' dir='ltr'>Ald.).</span> <span class='ocrx_word' id='word_1_110' title='bbox 1031 1799 1142 1865; x_wconf 83' lang='lat' dir='ltr'>Delevi</span> <span class='ocrx_word' id='word_1_111' title='bbox 1158 1802 1204 1865; x_wconf 81' lang='lat' dir='ltr'>dei</span> <span class='ocrx_word' id='word_1_112' title='bbox 1218 1814 1250 1865; x_wconf 86' lang='lat' dir='ltr'>et</span> 
     </span>
     <span class='ocr_line' id='line_1_16' title="bbox 155 1904 473 1990; baseline -0.003 -23"><span class='ocrx_word' id='word_1_113' title='bbox 155 1904 262 1968; x_wconf 80' lang='lat' dir='ltr'>addidi</span> <span class='ocrx_word' id='word_1_114' title='bbox 278 1930 311 1968; x_wconf 82' lang='lat' dir='ltr'>re</span> <span class='ocrx_word' id='word_1_115' title='bbox 326 1920 396 1990; x_wconf 88' lang='lat' dir='ltr'>post</span> <span class='ocrx_word' id='word_1_116' title='bbox 411 1906 473 1968; x_wconf 85' lang='lat' dir='ltr'>rdv.</span> 
     </span>
    </p>

    <p class='ocr_par' dir='ltr' id='par_1_7' title="bbox 155 2003 1252 2509">
     <span class='ocr_line' id='line_1_17' title="bbox 197 2003 1249 2096; baseline -0.004 -25"><span class='ocrx_word' id='word_1_117' title='bbox 197 2009 271 2092; x_wconf 82' lang='lat'><strong>381.</strong></span> <span class='ocrx_word' id='word_1_118' title='bbox 287 2006 391 2072; x_wconf 84' lang='lat' dir='ltr'>Verba</span> <span class='ocrx_word' id='word_1_119' title='bbox 403 2011 459 2087; x_wconf 74' lang='grc' dir='ltr'>μὲν</span> <span class='ocrx_word' id='word_1_120' title='bbox 474 2010 520 2072; x_wconf 81' lang='grc' dir='ltr'>ἀεὶ</span> <span class='ocrx_word' id='word_1_121' title='bbox 535 2009 636 2073; x_wconf 87' lang='lat' dir='ltr'>sensui</span> <span class='ocrx_word' id='word_1_122' title='bbox 653 2031 764 2096; x_wconf 87' lang='lat' dir='ltr'>purum</span> <span class='ocrx_word' id='word_1_123' title='bbox 781 2008 926 2095; x_wconf 83' lang='lat' dir='ltr'>prodesse</span> <span class='ocrx_word' id='word_1_124' title='bbox 937 2008 1056 2072; x_wconf 84' lang='lat' dir='ltr'>notavit</span> <span class='ocrx_word' id='word_1_125' title='bbox 1069 2003 1249 2070; x_wconf 80' lang='lat' dir='ltr'><strong>Markland.</strong></span> 
     </span>
     <span class='ocr_line' id='line_1_18' title="bbox 157 2109 1251 2197; baseline -0.001 -24"><span class='ocrx_word' id='word_1_126' title='bbox 157 2110 322 2174; x_wconf 83' lang='lat' dir='ltr'>Probabile</span> <span class='ocrx_word' id='word_1_127' title='bbox 341 2125 398 2189; x_wconf 90' lang='lat' dir='ltr'>est,</span> <span class='ocrx_word' id='word_1_128' title='bbox 413 2111 499 2197; x_wconf 90' lang='lat' dir='ltr'>quod</span> <span class='ocrx_word' id='word_1_129' title='bbox 522 2111 696 2197; x_wconf 84' lang='lat' dir='ltr'>suspicatur</span> <span class='ocrx_word' id='word_1_130' title='bbox 718 2113 896 2196; x_wconf 67' lang='lat' dir='ltr'>Musgrsv„</span> <span class='ocrx_word' id='word_1_131' title='bbox 913 2109 1058 2173; x_wconf 88' lang='lat' dir='ltr'>mutilum</span> <span class='ocrx_word' id='word_1_132' title='bbox 1083 2109 1141 2172; x_wconf 88' lang='lat' dir='ltr'>hoc</span> <span class='ocrx_word' id='word_1_133' title='bbox 1162 2130 1251 2172; x_wconf 87' lang='lat' dir='ltr'>exor-</span> 
     </span>
     <span class='ocr_line' id='line_1_19' title="bbox 155 2210 1252 2291; baseline -0.002 -16"><span class='ocrx_word' id='word_1_134' title='bbox 155 2211 242 2275; x_wconf 86' lang='lat' dir='ltr'>dium</span> <span class='ocrx_word' id='word_1_135' title='bbox 258 2236 333 2276; x_wconf 88' lang='lat' dir='ltr'>esse.</span> <span class='ocrx_word' id='word_1_136' title='bbox 379 2214 411 2275; x_wconf 92' lang='lat' dir='ltr'>Si</span> <span class='ocrx_word' id='word_1_137' title='bbox 433 2228 516 2278; x_wconf 88' lang='lat' dir='ltr'>recte</span> <span class='ocrx_word' id='word_1_138' title='bbox 538 2238 569 2278; x_wconf 90' lang='lat' dir='ltr'>se</span> <span class='ocrx_word' id='word_1_139' title='bbox 592 2214 695 2291; x_wconf 83' lang='lat' dir='ltr'>habet,</span> <span class='ocrx_word' id='word_1_140' title='bbox 710 2214 761 2277; x_wconf 91' lang='lat' dir='ltr'>hic</span> <span class='ocrx_word' id='word_1_141' title='bbox 777 2238 842 2278; x_wconf 87' lang='lat' dir='ltr'>esse</span> <span class='ocrx_word' id='word_1_142' title='bbox 857 2213 982 2278; x_wconf 87' lang='lat' dir='ltr'>videtur</span> <span class='ocrx_word' id='word_1_143' title='bbox 995 2212 1073 2277; x_wconf 92' lang='lat' dir='ltr'>ordo</span> <span class='ocrx_word' id='word_1_144' title='bbox 1088 2210 1252 2276; x_wconf 83' lang='lat' dir='ltr'>sententis·</span> 
     </span>
     <span class='ocr_line' id='line_1_20' title="bbox 158 2312 1251 2405; baseline -0.002 -27"><span class='ocrx_word' id='word_1_145' title='bbox 158 2337 245 2378; x_wconf 87' lang='lat' dir='ltr'>rum:</span> <span class='ocrx_word' id='word_1_146' title='bbox 270 2316 375 2390; x_wconf 83' lang='lat' dir='ltr'>Quum</span> <span class='ocrx_word' id='word_1_147' title='bbox 391 2314 465 2378; x_wconf 82' lang='lat' dir='ltr'>alias</span> <span class='ocrx_word' id='word_1_148' title='bbox 481 2339 602 2404; x_wconf 88' lang='lat' dir='ltr'>semper</span> <span class='ocrx_word' id='word_1_149' title='bbox 615 2317 742 2381; x_wconf 92' lang='lat' dir='ltr'>nuntios</span> <span class='ocrx_word' id='word_1_150' title='bbox 757 2330 788 2381; x_wconf 90' lang='lat' dir='ltr'>et</span> <span class='ocrx_word' id='word_1_151' title='bbox 798 2317 887 2405; x_wconf 82' lang='lat' dir='ltr'>jussu</span> <span class='ocrx_word' id='word_1_152' title='bbox 896 2338 965 2380; x_wconf 82' lang='lat' dir='ltr'>mea</span> <span class='ocrx_word' id='word_1_153' title='bbox 977 2315 1016 2379; x_wconf 80' lang='lat' dir='ltr'>sd</span> <span class='ocrx_word' id='word_1_154' title='bbox 1032 2313 1108 2379; x_wconf 82' lang='lat' dir='ltr'>alios</span> <span class='ocrx_word' id='word_1_155' title='bbox 1122 2312 1251 2401; x_wconf 74' lang='lat' dir='ltr'>perfers,</span> 
     </span>
     <span class='ocr_line' id='line_1_21' title="bbox 157 2417 931 2509; baseline 0.003 -28"><span class='ocrx_word' id='word_1_156' title='bbox 157 2433 223 2481; x_wconf 88' lang='lat' dir='ltr'>turn</span> <span class='ocrx_word' id='word_1_157' title='bbox 241 2417 299 2482; x_wconf 90' lang='lat' dir='ltr'>hoc</span> <span class='ocrx_word' id='word_1_158' title='bbox 314 2434 453 2504; x_wconf 87' lang='lat' dir='ltr'>tempore</span> <span class='ocrx_word' id='word_1_159' title='bbox 468 2420 597 2485; x_wconf 82' lang='lat' dir='ltr'>Thebas</span> <span class='ocrx_word' id='word_1_160' title='bbox 611 2443 716 2509; x_wconf 84' lang='lat' dir='ltr'>perge.</span> <span class='ocrx_word' id='word_1_161' title='bbox 740 2421 931 2484; x_wconf 84' lang='lat' dir='ltr'><strong>MATTH.</strong></span> 
     </span>
    </p>

    <p class='ocr_par' dir='ltr' id='par_1_8' title="bbox 158 2519 1253 2709">
     <span class='ocr_line' id='line_1_22' title="bbox 199 2519 1253 2608; baseline -0.002 -23"><span class='ocrx_word' id='word_1_162' title='bbox 199 2522 274 2607; x_wconf 86' lang='lat'>384.</span> <span class='ocrx_word' id='word_1_163' title='bbox 298 2524 411 2608; x_wconf 74' lang='grc' dir='ltr'>σεμνῷ]</span> <span class='ocrx_word' id='word_1_164' title='bbox 445 2523 544 2586; x_wconf 87' lang='lat' dir='ltr'>Recte.</span> <span class='ocrx_word' id='word_1_165' title='bbox 575 2525 779 2587; x_wconf 83' lang='lat' dir='ltr'>Hermsnnus</span> <span class='ocrx_word' id='word_1_166' title='bbox 801 2522 915 2603; x_wconf 88' lang='grc' dir='ltr'>σεμνδν</span> <span class='ocrx_word' id='word_1_167' title='bbox 938 2521 1091 2608; x_wconf 79' lang='lat' dir='ltr'>corrigere</span> <span class='ocrx_word' id='word_1_168' title='bbox 1117 2519 1253 2583; x_wconf 88' lang='lat' dir='ltr'>videtur.</span> 
     </span>
     <span class='ocr_line' id='line_1_23' title="bbox 158 2624 681 2709; baseline -0.002 -21"><span class='ocrx_word' id='word_1_169' title='bbox 158 2624 208 2688; x_wconf 85' lang='lat' dir='ltr'>Sic</span> <span class='ocrx_word' id='word_1_170' title='bbox 225 2627 417 2709; x_wconf 80' lang='grc' dir='ltr'>Καλλίχορον</span> <span class='ocrx_word' id='word_1_171' title='bbox 432 2624 546 2706; x_wconf 89' lang='grc' dir='ltr'>σεμνδν</span> <span class='ocrx_word' id='word_1_172' title='bbox 561 2648 591 2690; x_wconf 88' lang='lat' dir='ltr'>v.</span> <span class='ocrx_word' id='word_1_173' title='bbox 606 2644 681 2709; x_wconf 86' lang='lat'><strong>392.</strong></span> 
     </span>
    </p>

    <p class='ocr_par' dir='ltr' id='par_1_9' title="bbox 156 2723 1255 3321">
     <span class='ocr_line' id='line_1_24' title="bbox 198 2723 1254 2814; baseline -0.004 -23"><span class='ocrx_word' id='word_1_174' title='bbox 198 2728 273 2814; x_wconf 83' lang='grc'><strong><em>385.</em></strong></span> <span class='ocrx_word' id='word_1_175' title='bbox 288 2724 385 2810; x_wconf 80' lang='grc' dir='ltr'>θάψαι</span> <span class='ocrx_word' id='word_1_176' title='bbox 400 2729 531 2813; x_wconf 84' lang='grc' dir='ltr'>νεκροὺς]</span> <span class='ocrx_word' id='word_1_177' title='bbox 555 2729 626 2792; x_wconf 87' lang='grc' dir='ltr'>Νοο</span> <span class='ocrx_word' id='word_1_178' title='bbox 644 2727 713 2792; x_wconf 92' lang='lat' dir='ltr'>vult</span> <span class='ocrx_word' id='word_1_179' title='bbox 729 2727 884 2804; x_wconf 85' lang='lat' dir='ltr'>Theseus,</span> <span class='ocrx_word' id='word_1_180' title='bbox 901 2742 936 2791; x_wconf 93' lang='lat' dir='ltr'>ut</span> <span class='ocrx_word' id='word_1_181' title='bbox 953 2728 1055 2791; x_wconf 89' lang='lat' dir='ltr'>Creon</span> <span class='ocrx_word' id='word_1_182' title='bbox 1074 2749 1126 2789; x_wconf 89' lang='lat' dir='ltr'>eos</span> <span class='ocrx_word' id='word_1_183' title='bbox 1145 2723 1254 2811; x_wconf 81' lang='lat' dir='ltr'>sepeli-</span> 
     </span>
     <span class='ocr_line' id='line_1_25' title="bbox 156 2825 1253 2917; baseline -0.005 -22"><span class='ocrx_word' id='word_1_184' title='bbox 156 2840 204 2895; x_wconf 79' lang='lat' dir='ltr'>rer</span> <span class='ocrx_word' id='word_1_185' title='bbox 212 2856 227 2908; x_wconf 88' lang='lat'>,·</span> <span class='ocrx_word' id='word_1_186' title='bbox 250 2830 303 2894; x_wconf 93' lang='lat' dir='ltr'>sed</span> <span class='ocrx_word' id='word_1_187' title='bbox 320 2847 356 2895; x_wconf 91' lang='lat' dir='ltr'>ut</span> <span class='ocrx_word' id='word_1_188' title='bbox 369 2833 444 2895; x_wconf 78' lang='lat' dir='ltr'>aliis</span> <span class='ocrx_word' id='word_1_189' title='bbox 462 2831 594 2917; x_wconf 79' lang='lat' dir='ltr'>sepelire</span> <span class='ocrx_word' id='word_1_190' title='bbox 606 2851 657 2893; x_wconf 85' lang='lat' dir='ltr'>eos</span> <span class='ocrx_word' id='word_1_191' title='bbox 673 2830 880 2913; x_wconf 79' lang='lat' dir='ltr'>permitteret.</span> <span class='ocrx_word' id='word_1_192' title='bbox 904 2829 1033 2893; x_wconf 84' lang='lat' dir='ltr'>eandem</span> <span class='ocrx_word' id='word_1_193' title='bbox 1056 2850 1121 2892; x_wconf 89' lang='lat' dir='ltr'>rem</span> <span class='ocrx_word' id='word_1_194' title='bbox 1143 2825 1253 2891; x_wconf 88' lang='lat' dir='ltr'>eodem</span> 
     </span>
     <span class='ocr_line' id='line_1_26' title="bbox 157 2928 1254 3020; baseline -0.002 -25"><span class='ocrx_word' id='word_1_195' title='bbox 157 2933 251 2997; x_wconf 90' lang='lat' dir='ltr'>modo</span> <span class='ocrx_word' id='word_1_196' title='bbox 264 2933 343 3020; x_wconf 84' lang='lat' dir='ltr'>petit</span> <span class='ocrx_word' id='word_1_197' title='bbox 357 2933 515 2997; x_wconf 84' lang='lat' dir='ltr'>Adrastus</span> <span class='ocrx_word' id='word_1_198' title='bbox 529 2957 548 2997; x_wconf 83' lang='lat' dir='ltr'><strong>a</strong></span> <span class='ocrx_word' id='word_1_199' title='bbox 563 2930 688 2996; x_wconf 84' lang='lat' dir='ltr'>Theseo</span> <span class='ocrx_word' id='word_1_200' title='bbox 703 2956 765 2996; x_wconf 88' lang='lat' dir='ltr'>ver.</span> <span class='ocrx_word' id='word_1_201' title='bbox 781 2951 852 3018; x_wconf 84' lang='grc'><strong><em>130.</em></strong></span> <span class='ocrx_word' id='word_1_202' title='bbox 884 2932 1094 2996; x_wconf 86' lang='lat' dir='ltr'>Athenienses</span> <span class='ocrx_word' id='word_1_203' title='bbox 1107 2928 1254 2995; x_wconf 73' lang='lat' dir='ltr'>volebant</span> 
     </span>
     <span class='ocr_line' id='line_1_27' title="bbox 157 3033 1255 3121; baseline -0.004 -21"><span class='ocrx_word' id='word_1_204' title='bbox 157 3058 209 3100; x_wconf 89' lang='lat' dir='ltr'>eos</span> <span class='ocrx_word' id='word_1_205' title='bbox 224 3034 332 3119; x_wconf 85' lang='grc' dir='ltr'>θόψαι,</span> <span class='ocrx_word' id='word_1_206' title='bbox 347 3037 367 3100; x_wconf 93' lang='lat' dir='ltr'>i.</span> <span class='ocrx_word' id='word_1_207' title='bbox 383 3060 410 3100; x_wconf 92' lang='lat' dir='ltr'>e.</span> <span class='ocrx_word' id='word_1_208' title='bbox 427 3057 576 3113; x_wconf 82' lang='lat' dir='ltr'>cremare,</span> <span class='ocrx_word' id='word_1_209' title='bbox 594 3058 655 3099; x_wconf 90' lang='lat' dir='ltr'>ver.</span> <span class='ocrx_word' id='word_1_210' title='bbox 668 3053 743 3121; x_wconf 84' lang='lat'><strong>559.</strong></span> <span class='ocrx_word' id='word_1_211' title='bbox 754 3035 807 3099; x_wconf 87' lang='lat' dir='ltr'>sed</span> <span class='ocrx_word' id='word_1_212' title='bbox 825 3051 938 3099; x_wconf 82' lang='lat' dir='ltr'>matres</span> <span class='ocrx_word' id='word_1_213' title='bbox 949 3056 1057 3099; x_wconf 90' lang='lat' dir='ltr'>eorum</span> <span class='ocrx_word' id='word_1_214' title='bbox 1073 3033 1145 3121; x_wconf 91' lang='lat' dir='ltr'>plus</span> <span class='ocrx_word' id='word_1_215' title='bbox 1158 3054 1255 3119; x_wconf 86' lang='lat' dir='ltr'>uppe-</span> 
     </span>
     <span class='ocr_line' id='line_1_28' title="bbox 158 3137 1255 3225; baseline -0.004 -22"><span class='ocrx_word' id='word_1_216' title='bbox 158 3138 276 3215; x_wconf 81' lang='lat' dir='ltr'>tebunt‚</span> <span class='ocrx_word' id='word_1_217' title='bbox 300 3153 331 3203; x_wconf 92' lang='lat' dir='ltr'>et</span> <span class='ocrx_word' id='word_1_218' title='bbox 352 3139 521 3225; x_wconf 83' lang='lat' dir='ltr'>cupiebant</span> <span class='ocrx_word' id='word_1_219' title='bbox 542 3137 638 3220; x_wconf 85' lang='grc' dir='ltr'>θάψαι</span> <span class='ocrx_word' id='word_1_220' title='bbox 658 3162 710 3202; x_wconf 90' lang='lat' dir='ltr'>eos</span> <span class='ocrx_word' id='word_1_221' title='bbox 735 3139 833 3222; x_wconf 80' lang='grc' dir='ltr'>χθονὶ,</span> <span class='ocrx_word' id='word_1_222' title='bbox 849 3161 913 3202; x_wconf 87' lang='lat' dir='ltr'>ver.</span> <span class='ocrx_word' id='word_1_223' title='bbox 936 3160 982 3219; x_wconf 93' lang='grc'>17.</span> <span class='ocrx_word' id='word_1_224' title='bbox 1004 3139 1023 3202; x_wconf 93' lang='lat' dir='ltr'>i.</span> <span class='ocrx_word' id='word_1_225' title='bbox 1038 3163 1066 3202; x_wconf 89' lang='lat' dir='ltr'>e.</span> <span class='ocrx_word' id='word_1_226' title='bbox 1087 3138 1255 3201; x_wconf 77' lang='lat' dir='ltr'>inhumare</span> 
     </span>
     <span class='ocr_line' id='line_1_29' title="bbox 157 3241 974 3321; baseline -0.002 -15"><span class='ocrx_word' id='word_1_227' title='bbox 157 3265 219 3321; x_wconf 84' lang='lat' dir='ltr'>eos,</span> <span class='ocrx_word' id='word_1_228' title='bbox 235 3264 289 3306; x_wconf 90' lang='lat' dir='ltr'>seu</span> <span class='ocrx_word' id='word_1_229' title='bbox 305 3241 421 3306; x_wconf 89' lang='lat' dir='ltr'>cineres</span> <span class='ocrx_word' id='word_1_230' title='bbox 435 3264 541 3306; x_wconf 88' lang='lat' dir='ltr'>eorum</span> <span class='ocrx_word' id='word_1_231' title='bbox 560 3258 641 3307; x_wconf 84' lang='lat' dir='ltr'>terra</span> <span class='ocrx_word' id='word_1_232' title='bbox 656 3243 798 3306; x_wconf 85' lang='lat' dir='ltr'>condere.</span> <span class='ocrx_word' id='word_1_233' title='bbox 822 3243 974 3306; x_wconf 87' lang='lat' dir='ltr'><strong>MARK.</strong></span> 
     </span>
    </p>

    <p class='ocr_par' dir='ltr' id='par_1_10' title="bbox 200 3341 1174 3430">
     <span class='ocr_line' id='line_1_30' title="bbox 200 3341 1174 3430; baseline -0.004 -21"><span class='ocrx_word' id='word_1_234' title='bbox 200 3346 274 3430; x_wconf 91' lang='grc'><strong><em>388.</em></strong></span> <span class='ocrx_word' id='word_1_235' title='bbox 290 3344 434 3429; x_wconf 86' lang='grc' dir='ltr'>θέλωσιν]</span> <span class='ocrx_word' id='word_1_236' title='bbox 452 3342 559 3408; x_wconf 75' lang='grc' dir='ltr'>θέλοντ’</span> <span class='ocrx_word' id='word_1_237' title='bbox 576 3344 655 3408; x_wconf 87' lang='lat' dir='ltr'>libri.</span> <span class='ocrx_word' id='word_1_238' title='bbox 682 3346 865 3409; x_wconf 81' lang='lat' dir='ltr'>Conectum</span> <span class='ocrx_word' id='word_1_239' title='bbox 882 3345 913 3409; x_wconf 93' lang='lat' dir='ltr'>in</span> <span class='ocrx_word' id='word_1_240' title='bbox 929 3344 979 3408; x_wconf 87' lang='lat' dir='ltr'>ed.</span> <span class='ocrx_word' id='word_1_241' title='bbox 995 3341 1174 3408; x_wconf 83' lang='lat' dir='ltr'>Brubschii.</span> 
     </span>
    </p>

    <p class='ocr_par' dir='ltr' id='par_1_11' title="bbox 201 3447 744 3535">
     <span class='ocr_line' id='line_1_31' title="bbox 201 3447 744 3535; baseline -0.002 -22"><span class='ocrx_word' id='word_1_242' title='bbox 201 3468 275 3535; x_wconf 86' lang='lat'><strong>390.</strong></span> <span class='ocrx_word' id='word_1_243' title='bbox 291 3447 447 3531; x_wconf 82' lang='grc' dir='ltr'>δέχεσθαι]</span> <span class='ocrx_word' id='word_1_244' title='bbox 464 3448 593 3532; x_wconf 86' lang='grc' dir='ltr'>δέχεσθε</span> <span class='ocrx_word' id='word_1_245' title='bbox 609 3451 684 3512; x_wconf 80' lang='lat' dir='ltr'>Par.</span> <span class='ocrx_word' id='word_1_246' title='bbox 701 3451 744 3512; x_wconf 86' lang='lat' dir='ltr'>A.</span> 
     </span>
    </p>

    <p class='ocr_par' dir='ltr' id='par_1_12' title="bbox 157 3551 1253 3844">
     <span class='ocr_line' id='line_1_32' title="bbox 200 3551 1253 3638; baseline -0.004 -22"><span class='ocrx_word' id='word_1_247' title='bbox 200 3571 274 3637; x_wconf 84' lang='lat'><strong>392.</strong></span> <span class='ocrx_word' id='word_1_248' title='bbox 303 3553 508 3636; x_wconf 78' lang='grc' dir='ltr'>Καλλίχορον]</span> <span class='ocrx_word' id='word_1_249' title='bbox 540 3553 677 3614; x_wconf 84' lang='lat' dir='ltr'>Puteum</span> <span class='ocrx_word' id='word_1_250' title='bbox 704 3551 834 3630; x_wconf 74' lang='lat' dir='ltr'>Atticos,</span> <span class='ocrx_word' id='word_1_251' title='bbox 861 3551 985 3638; x_wconf 84' lang='lat' dir='ltr'>dequo</span> <span class='ocrx_word' id='word_1_252' title='bbox 1012 3575 1040 3615; x_wconf 91' lang='lat' dir='ltr'>v.</span> <span class='ocrx_word' id='word_1_253' title='bbox 1065 3551 1199 3614; x_wconf 77' lang='lat' dir='ltr'>Paussn.</span> <span class='ocrx_word' id='word_1_254' title='bbox 1227 3568 1253 3626; x_wconf 91' lang='grc'>1,</span> 
     </span>
     <span class='ocr_line' id='line_1_33' title="bbox 157 3655 946 3739; baseline 0 -22"><span class='ocrx_word' id='word_1_255' title='bbox 157 3655 211 3739; x_wconf 89' lang='grc'>38,</span> <span class='ocrx_word' id='word_1_256' title='bbox 227 3658 256 3718; x_wconf 89' lang='grc'>6.</span> <span class='ocrx_word' id='word_1_257' title='bbox 942 3672 946 3677; x_wconf 84' lang='grc'><strong>’</strong></span> 
     </span>
     <span class='ocr_line' id='line_1_34' title="bbox 202 3756 952 3844; baseline -0.001 -23"><span class='ocrx_word' id='word_1_258' title='bbox 202 3759 340 3839; x_wconf 77' lang='grc' dir='ltr'>εὐτρεπὴς</span> <span class='ocrx_word' id='word_1_259' title='bbox 355 3756 576 3821; x_wconf 82' lang='lat' dir='ltr'>Marklandus.</span> <span class='ocrx_word' id='word_1_260' title='bbox 603 3756 784 3844; x_wconf 81' lang='lat' dir='ltr'>Legebatur</span> <span class='ocrx_word' id='word_1_261' title='bbox 800 3757 952 3838; x_wconf 79' lang='grc' dir='ltr'>εὐπρεπής.</span> 
     </span>
    </p>

    <p class='ocr_par' dir='ltr' id='par_1_13' title="bbox 201 3858 659 3945">
     <span class='ocr_line' id='line_1_35' title="bbox 201 3858 659 3945; baseline -0.004 -21"><span class='ocrx_word' id='word_1_262' title='bbox 201 3881 273 3945; x_wconf 85' lang='grc'><strong><em>393.</em></strong></span> <span class='ocrx_word' id='word_1_263' title='bbox 289 3861 318 3942; x_wconf 82' lang='grc' dir='ltr'>γ’</span> <span class='ocrx_word' id='word_1_264' title='bbox 334 3859 493 3924; x_wconf 78' lang='lat' dir='ltr'>Matthias.</span> <span class='ocrx_word' id='word_1_265' title='bbox 519 3858 608 3924; x_wconf 87' lang='lat' dir='ltr'>Libri</span> <span class='ocrx_word' id='word_1_266' title='bbox 623 3859 659 3922; x_wconf 85' lang='grc' dir='ltr'>τ’.</span> 
     </span>
    </p>

    <p class='ocr_par' dir='ltr' id='par_1_14' title="bbox 159 3961 1254 4150">
     <span class='ocr_line' id='line_1_36' title="bbox 201 3961 1254 4045; baseline 0 -21"><span class='ocrx_word' id='word_1_267' title='bbox 201 3981 272 4045; x_wconf 90' lang='grc'><strong><em>395.</em></strong></span> <span class='ocrx_word' id='word_1_268' title='bbox 289 3963 514 4045; x_wconf 83' lang='grc' dir='ltr'>τές-έρχεται;</span> <span class='ocrx_word' id='word_1_269' title='bbox 539 3961 687 4025; x_wconf 80' lang='lat' dir='ltr'>Matthiae</span> <span class='ocrx_word' id='word_1_270' title='bbox 700 3961 807 4025; x_wconf 91' lang='lat' dir='ltr'>editio.</span> <span class='ocrx_word' id='word_1_271' title='bbox 836 3961 925 4025; x_wconf 86' lang='lat' dir='ltr'>Libri</span> <span class='ocrx_word' id='word_1_272' title='bbox 941 3975 1024 4025; x_wconf 85' lang='lat' dir='ltr'>recte</span> <span class='ocrx_word' id='word_1_273' title='bbox 1038 3961 1254 4043; x_wconf 72' lang='grc' dir='ltr'>τις-ἔρχεται,</span> 
     </span>
     <span class='ocr_line' id='line_1_37' title="bbox 159 4060 850 4150; baseline -0.001 -24"><span class='ocrx_word' id='word_1_274' title='bbox 159 4060 245 4126; x_wconf 83' lang='lat' dir='ltr'>nulls</span> <span class='ocrx_word' id='word_1_275' title='bbox 259 4079 329 4150; x_wconf 84' lang='lat' dir='ltr'>post</span> <span class='ocrx_word' id='word_1_276' title='bbox 344 4065 464 4148; x_wconf 80' lang='grc' dir='ltr'>ἔρχεται</span> <span class='ocrx_word' id='word_1_277' title='bbox 478 4063 726 4150; x_wconf 88' lang='lat' dir='ltr'>interpunctione</span> <span class='ocrx_word' id='word_1_278' title='bbox 741 4064 850 4150; x_wconf 86' lang='lat' dir='ltr'>posits.</span> 
     </span>
    </p>

    <p class='ocr_par' dir='ltr' id='par_1_15' title="bbox 159 4163 1256 4561">
     <span class='ocr_line' id='line_1_38' title="bbox 201 4163 1254 4254; baseline 0.003 -25"><span class='ocrx_word' id='word_1_279' title='bbox 201 4168 274 4251; x_wconf 88' lang='grc'><strong><em>396.</em></strong></span> <span class='ocrx_word' id='word_1_280' title='bbox 293 4170 450 4246; x_wconf 79' lang='grc' dir='ltr'>Καδμεῖος,</span> <span class='ocrx_word' id='word_1_281' title='bbox 465 4167 505 4234; x_wconf 76' lang='grc' dir='ltr'>ὣς</span> <span class='ocrx_word' id='word_1_282' title='bbox 520 4165 616 4230; x_wconf 86' lang='grc' dir='ltr'>έοικεν</span> <span class='ocrx_word' id='word_1_283' title='bbox 630 4166 665 4229; x_wconf 82' lang='grc' dir='ltr'>οὐ</span> <span class='ocrx_word' id='word_1_284' title='bbox 679 4163 752 4247; x_wconf 82' lang='grc' dir='ltr'>σάφ’</span> <span class='ocrx_word' id='word_1_285' title='bbox 769 4168 858 4230; x_wconf 78' lang='grc' dir='ltr'>εἰδότι</span> <span class='ocrx_word' id='word_1_286' title='bbox 877 4189 916 4230; x_wconf 86' lang='lat' dir='ltr'>ex</span> <span class='ocrx_word' id='word_1_287' title='bbox 941 4167 1117 4251; x_wconf 77' lang='lat' dir='ltr'>Musgravii</span> <span class='ocrx_word' id='word_1_288' title='bbox 1133 4168 1254 4254; x_wconf 83' lang='lat' dir='ltr'>conjec-</span> 
     </span>
     <span class='ocr_line' id='line_1_39' title="bbox 159 4266 1256 4358; baseline 0.001 -25"><span class='ocrx_word' id='word_1_289' title='bbox 159 4285 229 4333; x_wconf 83' lang='lat' dir='ltr'>turs</span> <span class='ocrx_word' id='word_1_290' title='bbox 244 4268 366 4354; x_wconf 85' lang='lat' dir='ltr'>legitur.</span> <span class='ocrx_word' id='word_1_291' title='bbox 407 4267 496 4332; x_wconf 85' lang='lat' dir='ltr'>Libri</span> <span class='ocrx_word' id='word_1_292' title='bbox 514 4273 668 4348; x_wconf 85' lang='grc' dir='ltr'>Καδμεῖος,</span> <span class='ocrx_word' id='word_1_293' title='bbox 685 4269 723 4335; x_wconf 78' lang='grc' dir='ltr'>ὣς</span> <span class='ocrx_word' id='word_1_294' title='bbox 738 4269 843 4342; x_wconf 85' lang='grc' dir='ltr'>έοικεν,</span> <span class='ocrx_word' id='word_1_295' title='bbox 860 4270 896 4333; x_wconf 81' lang='grc' dir='ltr'>οὐ</span> <span class='ocrx_word' id='word_1_296' title='bbox 910 4266 984 4350; x_wconf 83' lang='grc' dir='ltr'>σάφ’</span> <span class='ocrx_word' id='word_1_297' title='bbox 1000 4267 1053 4332; x_wconf 83' lang='grc' dir='ltr'>οἶδ’</span> <span class='ocrx_word' id='word_1_298' title='bbox 1070 4269 1127 4331; x_wconf 88' lang='grc' dir='ltr'>ότι.</span> <span class='ocrx_word' id='word_1_299' title='bbox 1161 4270 1256 4358; x_wconf 89' lang='lat' dir='ltr'>Inep·</span> 
     </span>
     <span class='ocr_line' id='line_1_40' title="bbox 159 4368 1256 4458; baseline 0.001 -21"><span class='ocrx_word' id='word_1_300' title='bbox 159 4390 226 4437; x_wconf 89' lang='lat' dir='ltr'>tum</span> <span class='ocrx_word' id='word_1_301' title='bbox 249 4387 294 4434; x_wconf 89' lang='lat' dir='ltr'>est</span> <span class='ocrx_word' id='word_1_302' title='bbox 317 4372 351 4435; x_wconf 83' lang='grc' dir='ltr'>οὐ</span> <span class='ocrx_word' id='word_1_303' title='bbox 373 4369 446 4453; x_wconf 83' lang='grc' dir='ltr'>σάφ’</span> <span class='ocrx_word' id='word_1_304' title='bbox 471 4369 524 4435; x_wconf 85' lang='grc' dir='ltr'>οἶδ’</span> <span class='ocrx_word' id='word_1_305' title='bbox 547 4372 602 4444; x_wconf 86' lang='grc' dir='ltr'>ὅτι,</span> <span class='ocrx_word' id='word_1_306' title='bbox 625 4393 682 4435; x_wconf 89' lang='lat' dir='ltr'>nec</span> <span class='ocrx_word' id='word_1_307' title='bbox 707 4385 810 4435; x_wconf 82' lang='lat' dir='ltr'>tumen</span> <span class='ocrx_word' id='word_1_308' title='bbox 830 4371 866 4435; x_wconf 82' lang='grc' dir='ltr'>οὐ</span> <span class='ocrx_word' id='word_1_309' title='bbox 887 4368 960 4452; x_wconf 78' lang='grc' dir='ltr'>σάφ’</span> <span class='ocrx_word' id='word_1_310' title='bbox 989 4372 1077 4434; x_wconf 76' lang='grc' dir='ltr'>εἰδότι</span> <span class='ocrx_word' id='word_1_311' title='bbox 1101 4370 1256 4458; x_wconf 81' lang='lat' dir='ltr'>scripsisse</span> 
     </span>
     <span class='ocr_line' id='line_1_41' title="bbox 159 4467 1256 4561; baseline 0.003 -23"><span class='ocrx_word' id='word_1_312' title='bbox 159 4489 261 4560; x_wconf 84' lang='lat' dir='ltr'>potest</span> <span class='ocrx_word' id='word_1_313' title='bbox 275 4473 457 4561; x_wconf 86' lang='lat' dir='ltr'>Euripides,</span> <span class='ocrx_word' id='word_1_314' title='bbox 472 4496 570 4560; x_wconf 91' lang='lat' dir='ltr'>quum</span> <span class='ocrx_word' id='word_1_315' title='bbox 587 4473 724 4551; x_wconf 82' lang='grc' dir='ltr'>έοιιιέναι,</span> <span class='ocrx_word' id='word_1_316' title='bbox 740 4474 854 4554; x_wconf 72' lang='lat' dir='ltr'>videri,</span> <span class='ocrx_word' id='word_1_317' title='bbox 870 4496 932 4538; x_wconf 90' lang='lat' dir='ltr'>non</span> <span class='ocrx_word' id='word_1_318' title='bbox 954 4472 1048 4537; x_wconf 82' lang='lat' dir='ltr'>soleat</span> <span class='ocrx_word' id='word_1_319' title='bbox 1063 4493 1134 4538; x_wconf 83' lang='lat' dir='ltr'>curn</span> <span class='ocrx_word' id='word_1_320' title='bbox 1149 4467 1256 4542; x_wconf 74' lang='lat' dir='ltr'>dativo</span> 
     </span>
    </p>

    <p class='ocr_par' dir='ltr' id='par_1_16' title="bbox 661 4574 755 4640">
     <span class='ocr_line' id='line_1_42' title="bbox 661 4574 755 4640; baseline -0.011 0"><span class='ocrx_word' id='word_1_321' title='bbox 661 4597 682 4640; x_wconf 87' lang='lat' dir='ltr'>n</span> <span class='ocrx_word' id='word_1_322' title='bbox 698 4574 755 4640; x_wconf 75' lang='lat' dir='ltr'>dt</span> 
     </span>
    </p>
   </div>
   <div class='ocr_carea' id='block_1_3' title="bbox 0 0 1444 4914">
    <p class='ocr_par' dir='ltr' id='par_1_17' title="bbox 0 0 1444 4914">
     <span class='ocr_line' id='line_1_43' title="bbox 0 0 1444 4914; baseline 0 0"><span class='ocrx_word' id='word_1_323' title='bbox 0 0 1444 4914; x_wconf 95' lang='lat' dir='ltr'> </span> 
     </span>
    </p>
   </div>
  </div>
 </body>
</html>
