2864 4914
199 282 266 345 404
564 280 943 346 ANNOTATIONES

199 452 347 519 construi.
392 452 602 531 Quamobrem
623 453 691 517 boec
714 453 809 518 verba
829 451 976 540 explendi
998 473 1106 516 versus
1125 471 1237 516 cauma
1258 449 1305 515 ab

198 556 325 622 librario
338 555 446 622 addita
460 579 526 621 esse
540 555 691 644 aurpioor,
706 579 806 643 quum
824 556 919 621 verba
933 569 1035 644 poetae
1049 552 1248 621 excidissent.

241 675 316 747 397·
334 659 438 746 dot]
456 662 556 726 Recte
571 665 657 743 κῆρυξ
671 660 751 726 Ald.

241 762 317 849 398.
338 764 442 843 μολὸν
455 762 478 828 θ’
495 763 574 829 Ald.
597 762 622 829 θ’
637 763 787 829 omittunt
800 761 940 828 codices:
965 775 1002 826 ut
1015 785 1035 826 a
1048 774 1221 825 oorreotore
1235 757 1306 822 Al-

197 863 274 929 dino
299 864 457 952 adjectum
481 865 635 932 rideatur.
683 865 888 932 Scribendum
914 887 988 931 cum
1017 861 1178 942 Elmsleio,
1202 861 1243 942 ἤν
1268 859 1301 926 τ’

198 965 356 1048 ἀπαλλάξῃ
375 970 468 1034 πόνου
483 971 587 1050 μολὸν
607 971 739 1049 ὑπαντὸξ
761 975 822 1036 τοῖς
844 970 926 1048 θμοῖς
943 968 1159 1048 βουλεύμασιν.
1192 966 1305 1051 Hesy-

196 1069 298 1149 chius,
321 1069 473 1150 ὑπαντάξε
498 1075 530 1152 ἐξ
555 1074 700 1150 ἐναντίας,
722 1073 787 1136 ἀντὶ
808 1076 859 1135 τοῦ
881 1067 1073 1149 ὑπαντιάσας,
1097 1068 1302 1149 συναντήσας.

197 1171 363 1261 Aristoph.
380 1174 419 1238 fr.
433 1191 507 1259 534.
524 1175 644 1258 ἔφευγε,
662 1176 741 1257 κάγὼ
756 1177 806 1254 τῆς
820 1175 951 1253 inumb}
967 1171 1097 1258 εἰχόμην.

239 1294 314 1360 399.
329 1278 384 1343 Τίς
397 1281 452 1358 γῆς
465 1279 607 1360 τύραννος
620 1279 643 1362 ;]
671 1279 856 1341 Proecouum
876 1298 975 1363 genus
990 1298 1051 1340 nou
1066 1273 1182 1340 amavit
1196 1275 1300 1340 Euri-

196 1376 296 1465 pides.
320 1377 405 1443 unde
419 1402 471 1443 eos
486 1394 523 1444 ut
536 1379 668 1467 ineptos,
684 1401 909 1466 nonnunquam
925 1392 961 1444 ut
975 1378 1073 1443 malos
1086 1376 1229 1442 homines
1249 1375 1302 1441 in-

196 1479 294 1545 ducit.
318 1481 390 1546 vide
413 1481 574 1547 Heraclid.
591 1484 644 1563 48.
659 1505 747 1569 seqq.
785 1482 895 1561 Hunc,
908 1480 1093 1559 absurdum,
1108 1493 1141 1544 et
1158 1480 1301 1567 abrupte

195 1582 421 1670 ingredientem
441 1584 526 1664 facit,
541 1586 595 1654 Τίς
615 1590 671 1668 γῆς
691 1587 853 1667 τύραννος;
877 1584 962 1671 quod
985 1583 1018 1648 in
1037 1582 1157 1648 actione
1176 1581 1300 1648 fabulae

197 1686 407 1773 proculdubio
419 1688 645 1775 spectatoribus
659 1687 814 1775 apparuit.
852 1685 1028 1752 Cassandra
1041 1685 1074 1750 in
1090 1687 1202 1750 Troas.
1219 1702 1298 1770 427.

196 1789 285 1871 dicit,
297 1793 462 1858 Proeoones
473 1815 572 1857 unum
584 1792 700 1857 babere
710 1813 823 1856 nomen
837 1790 992 1879 generale,
1003 1812 1126 1877 nempe,
1136 1789 1301 1874 ἀπέχθημα

196 1892 361 1976 πάγκοινον
375 1902 506 1977 βροτοῖς,
517 1895 624 1960 odium
637 1915 796 1958 commune
809 1894 997 1959 homiuibus.
1013 1916 1117 1980 neque
1130 1893 1171 1958 de
1184 1915 1301 1958 eorum

198 1995 314 2061 virtute
328 2011 360 2061 et
374 1997 547 2062 onustantia
561 1996 672 2062 meiius
681 1996 837 2085 judicavit
851 2012 956 2061 noster
970 1998 1074 2062 Orest.
1090 1997 1163 2060 886.

368 2100 413 2164 Τὸ
427 2102 486 2182 γὰρ
500 2100 589 2181 γένος
603 2103 744 2164 τοιοῦτον·
770 2100 818 2164 ἐπὶ
832 2098 886 2163 τὸν
901 2100 1008 2182 εύπνχῆ

369 2202 490 2283 Πηδῶσ’
506 2205 554 2268 dei
568 2202 696 2285 nipvxer.

197 2304 242 2368 Et
256 2305 409 2372 scholiast.
433 2307 515 2371 adv.
531 2326 605 2392 903.
624 2306 700 2370 citat
720 2327 854 2392 gnomen
878 2302 1043 2391 Euripidis
1054 2325 1093 2368 ex
1114 2302 1176 2368 alia
1188 2304 1302 2390 aliqua

197 2406 361 2494 tragoedia,
378 2409 495 2492 σπέρμα
511 2411 641 2490 κηρύκων
654 2410 764 2472 λαλόν.
812 2408 852 2471 In
868 2407 1030 2472 Heraclid.
1049 2423 1120 2492 115.
1137 2409 1298 2493 Copreun,

196 2508 369 2595 Eurysthei
392 2532 507 2596 praeoo,
525 2509 661 2595 (dequo
675 2508 893 2597 Apollodorus
915 2507 1067 2574 Biblioth.
1082 2511 1130 2593 4)
1153 2507 1301 2573 similiter

195 2610 320 2696 quaerit,
336 2614 390 2678 Τίς
404 2611 428 2675 δ’
445 2613 510 2676 ἐστὶ
531 2614 630 2695 χώρας
652 2615 751 2689 τῆσδε,
769 2614 816 2676 καὶ
833 2614 949 2680 πόλεως
963 2613 1057 2691 dona
1080 2611 1135 2676 aed
1149 2635 1213 2676 uon
1227 2627 1299 2676 tam

195 2712 329 2800 abrupte
344 2737 438 2800 quam
456 2714 505 2778 bic
520 2738 634 2802 praeco.
659 2715 813 2778 MARK.

237 2835 313 2894 401.
336 2816 516 2896 ἑπτάστομον
537 2819 630 2881 πύλαι
651 2816 733 2880 idem
749 2817 897 2882 videntur
911 2817 1085 2903 siguificare
1099 2816 1186 2905 quod
1203 2819 1297 2884 ἑπτά·

195 2922 292 2981 πνλον
307 2920 404 2998 στόμα
420 2919 516 3005 Soph.
531 2919 644 3005 Antig.
661 2941 733 3004 119.
758 2920 1014 2987 GAISFORD.

237 3020 314 3100 408.
328 3022 489 3106 πλεῖστον]
510 3022 716 3087 Scribendum
730 3029 837 3088 πλεῖον
850 3047 922 3088 oum
939 3023 1096 3089 Elmsleio.

237 3142 310 3207 409.
335 3124 445 3187 Verte:
475 3125 581 3188 Unum
603 3127 726 3213 quidem
748 3127 803 3190 Ιιοο
824 3128 923 3203 nobis,
941 3129 1023 3192 οὶοιιύ
1045 3130 1081 3190 in
1101 3127 1299 3192 colculomm

194 3226 278 3305 ludo,
294 3228 506 3292 destructorii
521 3231 593 3294 Ioco.
626 3230 770 3317 Metapb.
787 3243 834 3294 est
848 3244 952 3295 sumta
973 3254 993 3295 a
1013 3230 1135 3317 iegibus
1156 3229 1298 3311 lusoriis,

195 3328 250 3393 ubi
265 3353 348 3417 saepe
362 3331 481 3418 peritus
495 3330 677 3418 imperitiori
694 3353 806 3411 unum,
822 3331 888 3396 duo
902 3330 951 3395 vel
965 3331 1067 3420 plura,
1080 3331 1112 3395 in
1127 3330 1195 3396 ludi
1209 3355 1299 3397 oom-

194 3447 273 3518 puto
288 3447 403 3519 puncta
422 3433 519 3520 gratis
538 3434 690 3512 concedit,
707 3447 873 3520 antequam
897 3433 1024 3523 incipiat
1045 3435 1151 3512 ludus,
1168 3450 1204 3500 ut
1224 3437 1299 3522 ejus

194 3533 357 3621 imperitiae
373 3535 459 3599 velut
474 3538 724 3622 supplementum
741 3536 802 3599 sint
816 3550 846 3599 et
862 3551 965 3623 partes
981 3537 1094 3601 exinde
1116 3554 1297 3624 aequentur.

195 3638 381 3701 HEATH.

235 3760 310 3818 411.
326 3743 409 3824 ὄχλῳ
425 3739 501 3803 Aid.
525 3743 627 3823 ὄχλων
641 3740 771 3805 codicem

236 3845 420 3922 412-416.
444 3842 601 3906 Describit
616 3843 797 3929 Euripides,
813 3844 873 3908 sub
888 3867 1021 3931 persona
1034 3845 1186 3932 praeconis
1202 3847 1294 3912 Tbe-

193 3944 277 4021 bani,
292 3967 393 4009 mores
414 3944 574 4009 rhetorum
597 3959 629 4008 et
649 3950 830 4027 δημαγωγῶν
849 3946 898 4009 sui
921 3947 1088 4033 temporis;
1111 3948 1236 4034 quibus.
1250 3950 1296 4014 si-

193 4045 277 4110 milia
302 4064 471 4111 occurrunt
492 4049 523 4110 in
550 4047 714 4134 Aristoph.
739 4049 923 4133 Equitibus‚
947 4064 978 4113 et
1002 4050 1086 4114 alibi.
1132 4054 1223 4138 Saepe
1247 4051 1298 4119 ita

193 4149 268 4214 facit
282 4165 396 4227 noster,
412 4164 444 4213 et
459 4173 582 4214 sensum
598 4173 689 4214 suum
706 4151 765 4215 sub
780 4151 866 4215 larva
880 4154 979 4217 effert.
1003 4156 1155 4219 MARK.

235 4272 311 4338 413.
329 4255 438 4338 ἄλλος]
456 4252 559 4317 ἄλλοτ’
576 4252 795 4318 MarklanduS.

235 4371 310 4439 415.
327 4357 461 4440 ἐσαῦθις]
481 4356 577 4420 Scrib.
596 4359 735 4423 εἰσαῦθις.
760 4356 850 4421 Libri
868 4362 1003 4426 εἰσαῦτις.

234 4477 309 4541 417.
329 4457 447 4523 Marki.
463 4458 564 4524 fassus
578 4482 610 4524 se
625 4462 784 4541 διορθεύων
798 4463 908 4543 λόγους
920 4484 981 4528 non
997 4462 1179 4549 intelligere,
1192 4466 1299 4553 suspi-
