2864 4914
160 299 225 364 110
525 299 904 367 ANNOTATIONES

203 474 372 558 ἕπποβάτα]
392 475 542 554 ἱπποβότα
557 474 636 539 Ald.
652 457 809 554 ἱπποβάπά
817 476 864 539 Η.
881 473 1034 553 ίπποβάτα
1047 487 1118 538 octo
1131 473 1264 539 oodioes.

160 574 299 642 Restitui
323 576 488 656 ίπποβάτα,
505 577 545 642 de
563 599 629 664 quo
647 577 714 642 dixi
730 577 773 642 ad
789 576 887 666 Soph.
903 578 962 664 ΑΙ.
977 578 1052 662 615.
1096 577 1213 641 Versus
1231 576 1264 640 in

160 678 240 744 Ald.
254 678 297 743 sic
316 677 429 766 digesti
454 677 635 763 Ἀτρέος-
654 679 660 769 Ι
677 681 874 761 ἠελίου-ἕ·
893 681 899 757 Ι
917 704 1031 762 σπερον
1042 716 1085 730 -
1102 678 1110 764 Ι
1127 681 1264 758 μονόπω-

158 790 260 846 λον-
278 781 284 868 Ι
303 781 521 864 δρομήμοτα-
539 782 545 870 Ι
565 785 689 852 Ζεὺς-
707 783 713 871 Ι
732 783 925 852 θανάτους-
943 780 950 870 Ι
968 784 1117 847 δεῖπνα-
1136 781 1149 869 Ι
1160 780 1263 863 Ἀερά·

159 910 261 952 που-
278 883 284 971 Ι
303 888 383 948 τά-
401 884 409 972 Ι
427 885 695 969 ἐμὸν-ἀνάγκαις.

207 1005 299 1053 1002.
330 989 417 1052 ἀλίου
441 989 612 1052 Porsonus.
650 991 754 1055 ἀελίου
782 988 873 1054 οοάά.
904 986 1054 1076 plerique.
1087 986 1191 1066 ἠελίου
1217 986 1265 1063 Η,

161 1087 249 1153 Flor.
264 1087 340 1166 duo,
356 1087 436 1153 Ald.

208 1211 299 1277 1003.
324 1190 456 1274 ἑσπέραν
470 1194 559 1257 Β.Η.
580 1207 613 1258 et
633 1193 751 1258 Joann.
772 1192 968 1280 Philoponus
989 1191 1030 1256 ad
1044 1191 1179 1256 Aristot.
1195 1191 1268 1254 Me-

161 1307 237 1360 teor.
251 1315 277 1359 r.
293 1317 325 1381 p.
342 1314 412 1359 100.
428 1293 477 1359 ed.
495 1311 588 1381 1551.
603 1318 623 1359 a
639 1297 780 1360 Porsono
798 1295 921 1360 citatus.
969 1294 1152 1382 Legebatur
1175 1294 1265 1358 ἕσπε-

159 1423 224 1480 ρον,
244 1396 332 1484 quod
354 1396 491 1462 duorum
512 1397 787 1485 grammaticorum
810 1396 920 1485 glossis
941 1397 1154 1474 confirmatur,
1174 1396 1199 1460 si
1221 1419 1267 1460 eae

160 1499 203 1564 ad
217 1499 302 1564 hunc
316 1499 418 1564 locum
434 1514 507 1564 sunt
526 1499 709 1578 referendae,
724 1500 822 1564 altera
836 1499 1000 1588 Hesychii‚
1017 1501 1147 1581 ἕσπερον
1163 1498 1266 1563 κέλευ-

161 1607 234 1666 tlon:
258 1602 313 1682 τὴν
328 1601 460 1684 ἑσπέραν
479 1603 559 1677 ὁδόν,
583 1601 684 1688 (quod
705 1611 763 1667 aut
784 1603 838 1682 τὴν
854 1605 997 1685 ἑσπερίου
1011 1604 1084 1667 ὁδόν
1096 1614 1163 1679 aut,
1178 1600 1267 1688 quod

159 1704 293 1791 conjecit
317 1704 477 1783 Matthia,
500 1705 554 1784 τὴν
575 1704 649 1787 πρὸς
671 1706 803 1788 ἑσπέραν
825 1708 896 1771 ὀδόν
917 1704 1144 1787 scribendum),
1169 1703 1268 1769 altera

163 1807 269 1873 Photii
285 1829 319 1894 p.
337 1825 389 1886 αι,
405 1826 455 1872 10.
471 1807 601 1890 ἕσπερον
616 1807 776 1873 κέλευθουε
805 1807 956 1891 ἑσπέριον,
979 1809 1027 1873 ἐπὶ
1049 1811 1162 1888 δυσμάς
1183 1808 1266 1872 ὁδόν.

162 1909 226 1973 His
236 1909 318 1973 inter
328 1933 360 1973 se
371 1908 489 1974 collatis
504 1909 595 1974 valde
609 1910 778 1998 probabilis
793 1910 892 1975 videri
905 1924 1008 1996 potent
1022 1910 1180 1975 Matthiaei
1194 1934 1269 1978 con-

156 2011 282 2098 jectura
302 2012 356 2091 πὴν
371 2013 500 2095 ἕσπερον
517 2013 660 2078 κέλευθον
673 2012 845 2090 eonibentia,
865 2012 957 2100 cujus
977 2012 1131 2099 glossema
1153 2013 1191 2078 sit
1214 2015 1268 2095 τὴν

161 2114 237 2197 πρὸς
252 2113 394 2196 ἑσπέραν.
419 2114 632 2180 Nihilominus
647 2115 806 2204 vulgatam
822 2115 942 2181 servavi
957 2116 1153 2203 scripturam,
1165 2139 1266 2204 quum

162 2240 226 2283 non
240 2218 403 2306 probabile
419 2218 561 2283 videatur
576 2241 741 2283 numerum
760 2217 951 2284 trochaicum
974 2219 1185 2306 interruptum
1210 2219 1270 2284 boc

162 2320 231 2387 looo
245 2344 311 2386 esse
324 2320 365 2385 ab
381 2320 545 2408 Euripide.

206 2426 459 2510 προσαρμόσασα]
477 2427 691 2507 προσαρμόσας
705 2424 783 2490 Ald.
831 2427 1015 2490 Correctum
1034 2449 1075 2490 ex
1092 2448 1204 2491 novem
1219 2450 1269 2491 co-

161 2526 298 2603 dicibus,
319 2528 350 2591 in
374 2526 492 2613 quibus
512 2525 739 2608 πραοαρμόσασ’
758 2527 885 2610 οὐρανοῦ
906 2527 1029 2615 legitur.
1052 2529 1269 2612 μεθορμάσασα

163 2629 240 2718 legit
255 2628 427 2694 scholiasta.

212 2750 305 2811 1004.
321 2734 353 2798 ές
367 2730 496 2795 codices.
521 2734 564 2798 είς
578 2730 655 2795 Ald.

211 2854 305 2920 1005.
329 2834 500 2916 δρομήμοτα
514 2834 665 2900 Πλειάδος
679 2833 757 2898 Ald.
780 2848 812 2898 et
833 2836 934 2900 MSS.
957 2836 1055 2922 major
1077 2859 1160 2923 pars.
1205 2839 1270 2902 Pro

162 2938 336 3022 ἀρομήμοτα
358 2951 462 3002 tamen
485 2939 531 3003 H.
550 2939 594 3001 K.
611 2939 660 3000 M.
677 2937 719 3001 N.
738 2938 779 3001 R.
797 2940 890 3002 Cant.
908 2940 955 3023 [et
976 2939 1064 3004 Flor.
1086 2939 1164 3025 duo]
1186 2962 1269 3026 prae-

164 3042 241 3107 bent
255 3038 397 3124 δράμημα,
414 3041 499 3127 quod
515 3042 677 3106 confirmat
693 3040 901 3127 Philoponus.
939 3041 1127 3129 Legendum
1143 3043 1269 3122 scilicet,

165 3158 202 3210 ut
217 3144 312 3222 edidi,
329 3143 461 3228 δράμημα
477 3144 654 3222 Πελειάδος,
670 3144 830 3230 quomodo
850 3143 965 3209 diserte
985 3145 1061 3210 citat
1081 3146 1271 3212 Eustachius

165 3265 303 3334 p.1713.
321 3249 473 3331 7.POR.

213 3354 306 3416 1006.
323 3353 438 3439 ἀλλον]
455 3352 554 3431 ἀλλην
569 3352 606 3414 Β.
623 3364 654 3413 et
668 3363 739 3414 octo
757 3348 822 3413 alii.
869 3351 992 3414 Locum
1008 3350 1051 3414 sic
1065 3350 1206 3439 explico:
1240 3361 1271 3418 ee

164 3455 292 3542 Jupiter
306 3454 492 3519 Atridarum
513 3455 629 3537 (τῶνδε)
647 3474 736 3517 necea
754 3455 881 3518 ιιοοιῗάιιο
897 3464 1072 3541 permutat,
1087 3454 1107 3519 i.
1124 3478 1150 3519 e.
1169 3455 1271 3520 caedes

165 3573 291 3621 mutuas
314 3556 430 3621 excitat
450 3565 481 3619 ct
505 3556 602 3642 dapes
629 3555 775 3641 Thyeste
795 3559 1006 3644 cog-nomines,
1030 3566 1061 3621 et
1084 3559 1271 3646 conjuginm

166 3661 289 3726 Cressoe
300 3659 700 3747 Aeropaesrouduleotum.
722 3658 778 3722 Ad
790 3658 899 3723 ultima
911 3658 983 3724 τάπ’
997 3662 1138 3727 ἐπιέναι(
1151 3664 1271 3743 ἀμείβει

165 3761 253 3827 aliud
268 3761 399 3826 verbum
416 3761 626 3850 supplendum
643 3774 700 3839 est,
716 3784 748 3824 v.
761 3785 790 3825 c.
816 3763 929 3843 ἐπάγει.
954 3765 1082 3828 δολίοισι
1096 3765 1213 3849 γάμοις,
1229 3788 1269 3829 sc.

167 3867 211 3939 ἕν,
234 3886 291 3952 per
313 3864 540 3929 abundantiam
564 3862 723 3951 quandam
747 3863 891 3928 additum
914 3863 1051 3944 videtur,
1076 3891 1135 3954 pro
1161 3867 1272 3950 λέκτρα

167 3971 264 4032 δόλια.
312 3968 421 4031 Potest
442 3989 515 4031 vero
536 3966 629 4030 etiam
652 3966 695 4030 sic
717 3965 834 4052 accipi:
861 3968 980 4047 ἀμείβει
999 3968 1110 4052 λέκτρα
1122 3968 1272 4053 Ἀερόπας

166 4070 297 4134 δολίοισι
315 4068 432 4151 γάμοις,
450 4078 480 4133 et
501 4070 687 4157 conjugium
701 4070 834 4156 Aeropo
855 4070 930 4134 aliis
949 4073 1110 4160 conjugiis
1118 4073 1270 4159 flando-

164 4171 270 4249 Ζουίὲα,
294 4184 330 4234 ut
353 4170 603 4257 Clytaemnestra
625 4194 697 4235 cum
719 4174 969 4257 Agamemnone,
992 4191 1170 4261 permutat:
1198 4198 1271 4239 nam

167 4293 266 4359 quum
291 4272 452 4338 ἀλλάττειν
469 4299 497 4337 τι
511 4276 572 4338 τινί
583 4273 716 4354 dicatur,
734 4274 812 4356 (vid.
829 4276 973 4339 Gramm.
989 4278 1049 4343 Gr.
1068 4281 1098 4361 ξ.
1113 4298 1187 4365 343.
1203 4292 1269 4343 not.

170 4378 217 4458 2.)
232 4373 343 4461 quidni
364 4375 456 4438 etiam
479 4377 616 4457 ἀμείβειν
631 4403 659 4440 τι
672 4380 733 4442 τινί
744 4377 846 4442 dicere
861 4378 1007 4445 licuerit?
1040 4405 1095 4447 nec
1109 4403 1215 4446 rarum
1230 4381 1271 4446 ab
