2864 4914
221 274 287 338 412
584 272 963 341 ANNOTATIONES

216 443 356 532 postulat
376 443 437 511 boc
458 446 537 525 loco,
551 460 589 511 ut
603 446 645 512 ad
659 446 871 513 diverbiorum
886 446 987 534 legem
1002 446 1062 511 ista
1074 443 1325 511 constituantur.

216 545 332 632 Itaque
346 570 419 633 quae
433 548 560 613 AE'thrae
574 547 624 614 vel
635 549 766 615 Adrasti
780 565 869 616 erant
882 551 914 615 in
926 549 999 615 edd.
1010 547 1099 614 alteri
1113 547 1327 614 Hemicborio

215 648 311 714 tribui
322 675 333 723 t
363 672 429 737 quo
443 651 537 729 facto,
552 674 674 716 summa
687 650 747 718 bac
760 676 888 741 quoque
902 653 935 718 in
949 675 984 717 re
998 650 1161 739 {equalitas
1174 649 1324 716 efficitur.

256 854 333 939 598.
347 873 421 941 599.
446 856 592 944 Uterque
605 880 713 923 versus
731 857 904 946 dactylicus
917 856 1058 923 trimeter
1071 854 1298 922 catalecticus
1289 879 1324 921 m

213 956 364 1046 syllabam
395 972 454 1038 est,
482 958 569 1046 prior
595 960 717 1048 adjecto
745 959 960 1048 ithyphallioo,
989 958 1068 1024 alter
1095 980 1166 1023 cum
1199 959 1324 1025 usitata

213 1058 355 1125 clausula
368 1059 610 1126 choriambica‘
588 1100 611 1111 -
623 1096 668 1127 υ..
680 1099 704 1111 -
718 1089 741 1127 ο
754 1059 779 1111 -’
790 1099 829 1126 -.

256 1179 333 1250 599.
362 1170 449 1246 όειρκι
475 1166 607 1250 χλοερόν
633 1164 710 1230 Ald.
745 1171 876 1248 χλοερόν
902 1168 989 1246 δεῖμα
1013 1165 1041 1228 F
1044 1163 1100 1229 lor
1128 1182 1159 1230 2.
1194 1165 1326 1247 χλιαρόν

212 1272 302 1349 όαῖμα
321 1267 443 1333 codices
463 1267 584 1355 reliqui.
629 1270 707 1333 Post
728 1267 875 1350 ταράσσει
895 1289 1027 1346 comma,
1050 1280 1121 1354 post
1146 1265 1325 1348 κριθήσεται

214 1392 245 1435 v.
267 1372 343 1435 600.
368 1388 522 1458 punctum
547 1385 630 1436 tecte
654 1369 761 1460 posuit
787 1371 1002 1436 Hermannus.
1046 1370 1130 1434 Nam
1155 1368 1324 1434 cohaerent

214 1477 387 1555 δεῖμα-πᾶ
401 1475 580 1556 κριθήσεται.

257 1578 333 1642 600.
347 1577 529 1660 προσφόροις
542 1577 617 1640 Par.
634 1577 674 1641 C.
690 1574 778 1640 Flor.
792 1593 820 1640 t.
837 1593 865 1640 2.
896 1573 1002 1662 Vulgo
1014 1574 1185 1658 προφέρεις.

257 1682 333 1745 601.
348 1677 405 1765 πᾶ]
421 1684 464 1744 πᾶ
477 1683 528 1759 τῆς
543 1681 615 1743 Par.
632 1679 716 1743 AB.
746 1682 789 1742 πᾶ
803 1677 858 1757 τὴν
872 1676 959 1743 Flor.
976 1699 1001 1743 1.
1020 1697 1047 1745 2.
1076 1680 1133 1760 μὶν
1146 1677 1227 1743 Ald.

257 1783 331 1868 603.
347 1784 375 1846 εὶ
388 1782 462 1846 Par.
479 1782 520 1845 B.
536 1779 621 1844 Flor.
639 1799 665 1843 1.
684 1797 712 1846 2.
757 1778 862 1866 Vulgo
876 1783 913 1844 ol

258 1886 333 1965 604.
357 1882 550 1970 Interpolata
571 1897 645 1947 sunt
659 1881 756 1946 verba
769 1886 977 1964 στερνοτυπεῖς
991 1880 1015 1946 τ’
1031 1883 1089 1946 ἀνὰ
1103 1884 1204 1947 τόπον.
1229 1908 1323 1966 στερ-

215 1988 342 2066 νοπιπής
370 2009 409 2051 ex
437 1985 661 2074 epigrammate
684 1984 858 2072 Antipatri,
883 1990 1148 2067 στερνοτυπεῖσθαι
1171 2007 1211 2049 ex
1240 1985 1322 2050 Plu·

215 2090 323 2154 tamho
350 2089 480 2176 aliisque
508 2087 625 2154 indicat
650 2086 866 2176 Murgi-avius.
913 2089 1056 2153 Metrum
1081 2087 1177 2175 hujus
1205 2111 1323 2154 versus

214 2190 278 2258 ruit

257 2397 283 2463 τ’
299 2396 521 2464 ΜαιΙιΙιιιιόιιο.
542 2396 570 2480 γ’
585 2395 666 2461 libri.

255 2503 315 2566 dud
328 2503 435 2591 τόπον]
452 2503 510 2566 ἀνὰ
524 2502 633 2565 πτόλιν
647 2497 867 2564 Marklaodus.

255 2606 329 2688 605.
356 2604 543 2686 φανήσονται
564 2605 666 2667 κιόποι
689 2601 868 2666 Brunckius
886 2599 928 2665 ad
951 2600 1079 2665 Hecub.
1102 2602 1175 2666 280.
1221 2602 1322 2668 Libri

213 2709 315 2772 κτόποι
329 2707 527 2790 φανήσονται.
554 2703 705 2768 Elmsleio
719 2702 916 2769 scribendum
932 2702 1099 2768 videbatur
1114 2707 1322 2787 στερνοτιττής

212 2808 237 2872 τ’
252 2811 311 2873 tva
324 2812 417 2873 τόπον
430 2808 523 2872 πόλιν
537 2806 705 2886 φανήσεται
719 2807 834 2874 κτόπος.

254 2913 327 2993 607.
344 2913 423 2975 αἰτία
438 2912 649 2974 Hermannus.
695 2909 877 2996 Legebatur
893 2913 1001 2975 αἰτίαν.

255 3014 374 3077 608.’
345 3012 698 3099 mmxlpMarllandus.
745 3012 881 3077 Libri'
851 3017 969 3096 εντνχῆ.

255 3116 349 3204 αἱροῖ]
365 3117 591 3204 Legebatur
561 3120 642 3204 αιρῇ.
680 3114 866 3203 Optativum
882 3112 998 3202 requiri
988 3114 1193 3180 Markland.
1209 3116 1315 3192 vidit;

211 3220 266 3285 sed
291 3222 378 3310 quod
404 3225 481 3305 alpos
503 3220 619 3298 scribit,
642 3220 701 3285 hoc
726 3233 855 3308 propter
875 3241 1008 3306 sequens
1031 3219 1124 3284 πόλιν
1147 3220 1221 3285 ferri
1248 3245 1316 3287 nou

210 3346 301 3412 posse
320 3325 455 3390 videtur.
499 3324 653 3390 Animum
675 3323 858 3388 mulieribus
879 3324 1060 3388 confirmare
1082 3324 1187 3388 studet
1209 3323 1316 3390 hemi-

209 3427 351 3492 chorium
372 3450 482 3506 exeo,
505 3426 592 3514 quod
613 3425 670 3513 qui
691 3427 818 3491 fortuna
839 3425 974 3490 secunda
997 3448 1072 3490 usus
1092 3425 1142 3504 sit,
1166 3441 1201 3490 ut
1223 3450 1316 3494 nunc

210 3530 368 3609 Thebani,
383 3530 448 3593 fieri
463 3545 494 3593 et
509 3529 605 3616 possit
620 3544 651 3593 et
666 3527 773 3608 soleat,
788 3543 824 3593 ut
840 3528 881 3592 de
899 3543 981 3593 statu
1004 3551 1112 3592 rursus
1134 3528 1317 3615 dejiciatur,

209 3655 283 3718 quae
306 3631 457 3697 sententia
478 3630 726 3696 decantatissima
747 3630 846 3696 estin
870 3630 1004 3718 tragicis.
1049 3632 1122 3695 Hoc
1144 3645 1191 3695 est
1212 3634 1316 3714 αἱρεῖν

208 3734 258 3799 vel
281 3739 439 3817 καθαιρεῖν
463 3732 590 3798 Heracl.
611 3736 683 3819 636.
707 3732 821 3798 ‹tat'
792 3759 814 3796 σ
844 3735 959 3815 ἡΔίκη
982 3738 1092 3819 χρόνῳ.
1114 3736 1216 3799 Orest.
1233 3738 1312 3818 962

208 3840 322 3921 φθόνος
336 3863 383 3902 νιν
398 3839 462 3902 elle
477 3838 593 3902 θεόθεν.
610 3837 802 3900 ΜΑΤΤΗ.

252 3945 326 4007 611.
350 3940 435 4005 Flor.
454 3961 482 4004 1.
505 3941 643 4007 τίνας
608 3967 665 4022 γαρ
687 3939 800 4006 ἄλλοις
824 3941 897 4003 Par.
918 3941 962 4003 A.
987 3939 1072 4005 Flor.
1090 3957 1119 4003 2.
1144 3941 1224 4006 τίνει
1249 3893 1314 4023 γὰρ

208 4051 389 4111 monuwa.
407 4045 480 4107 Par.
498 4044 538 4107 Β.
553 4044 631 4110 τίνες
644 4045 703 4124 γὰρ
717 4042 807 4106 ἄλλοι
821 4067 913 4106 σοιν.

251 4150 323 4214 612.
348 4147 480 4210 Sensum
503 4168 568 4209 esse
582 4160 669 4232 puto,
687 4147 793 4227 εἰσορῶ
807 4144 892 4212 θεοὺς
905 4147 1007 4209 πολλὰ
1021 4145 1111 4223 διαφέ
1110 4171 1217 4228 porros
1231 4155 1312 4228 βρο-

206 4257 279 4330 τοῖς,
294 4249 383 4313 video
397 4249 469 4312 deos
483 4249 592 4311 maltis
602 4249 638 4310 in
651 4248 755 4323 rebus,
770 4267 863 4334 sape,
878 4248 917 4310 ab
927 4247 1104 4311 hominibus
1114 4250 1312 4335 discrepare,

205 4352 297 4418 aliter
322 4376 370 4417 res
390 4351 605 4416 administrare
629 4361 661 4414 et
684 4348 882 4427 constituere,
906 4372 1001 4436 quam
1028 4350 1169 4415 homiues
1193 4350 1314 4416 consti-

206 4456 339 4522 tuendas
351 4454 552 4521 arbitrantur.
569 4452 760 4518 MATTH.
