2864 4914
324 303 392 368 AD
416 304 720 370 IPHIGENIAM
744 306 1076 372 AULIDENSEM.
1170 309 1251 373 2183

151 493 213 535 non
237 474 405 539 secundam
434 496 596 563 personam
628 476 725 557 verbi,
754 477 809 542 sed
838 477 1068 544 substantivum
1094 499 1159 542 esse
1182 478 1250 559 jam

153 575 321 639 Barnesius
336 576 465 642 viderat.

199 680 288 761 1063.
306 681 469 744 Θεσσαλοὶ
483 679 652 745 Heathius.
690 680 781 746 Libri
798 684 829 747 al
844 684 1016 748 Θεσσαλαί.

199 782 290 862 1064.
307 779 411 860 μάντις
426 781 502 846 Ald.
525 781 629 863 μάντις
644 781 668 847 δ’
684 782 814 848 codices.

194 880 338 966 Μουσᾶν]
354 883 578 948 Generationes
593 885 755 951 hominum
770 908 844 972 quse
865 885 982 950 futurae
996 897 1098 950 essent
1111 907 1131 948 a
1146 882 1251 946 Musis

150 1000 310 1070 acceperat
325 985 432 1050 Chiro.
457 986 612 1052 HERM.

194 1082 218 1146 r’
234 1106 296 1146 om.
312 1084 399 1150 Flor.
420 1107 447 1150 1.
472 1085 500 1169 γ’
517 1089 591 1151 Ρατ.
608 1088 646 1152 Β.

197 1189 289 1251 1066.
315 1188 519 1275 ἑξονόμσσεν]
544 1191 686 1255 Mettum
703 1191 841 1277 postulat
862 1190 994 1255 sormam
1010 1189 1130 1277 epicam
1153 1191 1253 1269 ἐξονά

151 1314 252 1368 μηνεν,
269 1313 363 1377 quam
381 1304 463 1357 recte
475 1291 612 1357 restituit
627 1294 667 1358 L.
678 1293 873 1357 Dindorfius.

197 1393 291 1477 1069.
306 1394 497 1479 άσπισταῖσι]
517 1394 722 1459 Scribendum
740 1396 901 1461 ἀσπισταῖς
913 1416 986 1458 cum
1002 1395 1197 1459 Hermanno.

199 1511 291 1579 1073.
308 1494 416 1582 ἔνδυτ’]
437 1495 644 1561 scribendum
662 1495 766 1561 ἔνδιίτ’.
1026 1534 1029 1539 ·

199 1598 290 1679 1078.
312 1596 410 1679 γάμον
435 1600 597 1683 Νηρηίδος]
624 1597 829 1664 scribendum
851 1598 957 1680 γάμον
976 1598 1113 1679 Νηρῇδότ
1134 1594 1159 1660 τ’
1179 1618 1251 1660 cum

153 1697 348 1761 Hermanno.
393 1699 444 1762 De
458 1721 606 1764 versuum
621 1699 829 1786 descriptione
841 1699 961 1764 dictum
978 1698 1016 1763 ad
1033 1697 1204 1785 stropham.

197 1817 289 1883 1079.
305 1801 433 1885 πρώτας]
449 1803 565 1884 πρώτης
581 1800 668 1866 Flor.
686 1822 716 1866 1.
734 1821 763 1869 2.

198 1903 290 1967 1080.
315 1904 363 1967 ἐπὶ
379 1903 454 1986 κάρα
469 1904 634 1992 στέψουσι]
651 1905 675 1968 J
678 1926 761 1990 unge
781 1902 984 1985 ἑπιστίψονσί
999 1927 1036 1967 σε
1058 1901 1133 1983 κάρα
1145 1915 1177 1965 et
1197 1924 1253 1988 per

150 2003 374 2089 appositionem
398 2008 583 2086 καλλικόμαν
603 2007 769 2086 πλόκαμον.
793 2006 983 2069 ΜΑΤΤΗ.
1030 2005 1141 2092 Hujus
1160 2003 1253 2092 epodi

150 2119 250 2168 metra
270 2105 389 2191 aliquot
411 2106 443 2169 in
467 2106 542 2171 ,ocis
565 2108 805 2189 (1080-1084.
828 2107 919 2191 1089.
944 2108 1054 2191 1090.)
1078 2121 1142 2170 tam
1162 2106 1253 2170 mira-

151 2203 225 2269 bilia
241 2205 288 2270 vel
310 2208 414 2294 potius
435 2206 523 2271 nulla
537 2223 609 2272 sunt
629 2220 664 2273 ut
684 2208 766 2272 hanc
780 2207 924 2272 carminis
945 2222 1065 2295 partem
1088 2207 1252 2294 imperfec-

152 2320 214 2370 tam
231 2307 391 2395 reliquisse
405 2308 549 2373 videatur
563 2323 665 2396 poeta,
682 2307 860 2396 perscriptis
874 2331 947 2396 quoe
962 2309 994 2373 in
1013 2309 1104 2373 metri
1118 2309 1252 2374 formam

151 2410 337 2477 redacturus
361 2428 428 2478 erut
454 2412 623 2493 sententiis,
654 2412 679 2478 si
708 2413 847 2478 fabulam
872 2413 1061 2478 absolvisset.
1107 2414 1250 2479 Eandem

151 2514 302 2579 rationem
330 2513 414 2580 illius
443 2538 508 2579 esse
533 2514 677 2579 carminis
704 2528 785 2602 puto
809 2514 894 2601 quod
923 2538 942 2578 a
969 2537 999 2579 v.
1026 2506 1250 2600 1283-1314.

150 2614 275 2702 legitur,
291 2616 322 2681 in
338 2641 402 2704 quo
417 2616 486 2704 ipso
499 2640 627 2704 quoque
645 2640 707 2681 non
728 2639 828 2704 pauca
843 2630 925 2695 sunt,
941 2639 1014 2703 quoe
1035 2615 1152 2681 nullam
1176 2639 1251 2704 pro·

132 2718 284 2784 habilem
305 2721 448 2808 praebent
466 2719 556 2784 metri
577 2719 721 2797 formam,
737 2718 808 2783 licet
823 2718 918 2783 verba
932 2718 1000 2806 ipsa
1013 2718 1173 2784 sanissima
1186 2742 1252 2784 esse

152 2821 324 2888 videantur.
371 2823 478 2888 Simile
499 2820 640 2908 quidde
662 2822 796 2886 mcunda
819 2820 963 2885 Nubium
987 2820 1134 2900 editione,
1155 2845 1249 2908 quam

151 2923 363 3011 imperfectam
393 2924 519 3010 reliquit
542 2923 782 3011 Aristophanes,
804 2923 1037 2988 observavimus
1062 2923 1094 2988 in
1120 2939 1249 2989 annota-

153 3024 235 3088 tione
250 3024 289 3089 ad
305 3049 335 3090 v.
351 3025 434 3089 illius
448 3025 564 3089 sabulae
580 3042 653 3109 949.
753 3076 757 3083 .

45 3142 48 3148 ’
196 3127 288 3192 1081.
305 3130 420 3208 βαλιὰν
433 3149 472 3191 ex
488 3126 635 3212 scaligeri
649 3127 826 3212 conjectura
841 3126 965 3213 legitur.
999 3126 1091 3191 Libri
1106 3126 1134 3209 γ’
1149 3130 1249 3199 mac,

149 3243 301 3293 commate
324 3252 385 3293 non
404 3243 477 3294 ante
501 3229 555 3293 sed
577 3244 646 3316 post
669 3229 736 3292 haec
758 3228 853 3292 verba
875 3228 988 3314 posito.
1034 3230 1184 3316 Ineptum
1204 3242 1251 3292 est

149 3331 224 3395 huic
252 3331 321 3397 loco
346 3332 536 3420 adjectivum
566 3333 660 3410 ἅλιος,
687 3353 786 3418 quum
814 3328 979 3418 Iphigenia
1008 3351 1072 3393 non
1100 3341 1248 3416 tanquam

149 3435 261 3499 Nereis
274 3433 380 3522 aliqua
394 3459 432 3499 ex
448 3434 526 3499 mari
541 3435 654 3499 veniat.
700 3435 767 3497 Nec
790 3447 893 3496 tamen
909 3431 1018 3495 vitium
1041 3431 1148 3496 tollere
1162 3433 1250 3498 vide·-

150 3550 203 3600 tur
219 3537 366 3625 Scaligeri
386 3537 566 3624 conjectura
582 3539 708 3617 βαλιὰν,
724 3535 809 3621 quod
831 3534 921 3599 valde
943 3532 1053 3598 inutile
1073 3552 1119 3601 est
1139 3535 1197 3600 hoc
1217 3535 1249 3600 in

148 3637 216 3702 loco
235 3640 380 3727 juvenca
405 3640 576 3728 epitheton.
622 3637 820 3704 Probabilius
846 3637 1069 3724 Musgravium
1091 3636 1118 3720 γ’
1142 3640 1250 3703 ἀθλίαν

149 3742 316 3806 correxisse
337 3767 456 3822 censeo,
481 3743 535 3807 sed
557 3764 619 3806 non
642 3763 763 3805 servare
784 3739 926 3804 debuisse
947 3765 983 3822 γε
1003 3740 1188 3827 particulam
1206 3742 1247 3805 ab

149 3842 280 3908 librariis
301 3846 439 3911 additam
463 3846 566 3911 hiatus
591 3843 719 3909 tollendi
740 3865 859 3921 caussa,
882 3841 922 3906 de
939 3864 1003 3929 quo
1025 3864 1086 3906 non
1107 3842 1248 3907 laboran-

149 3947 225 4011 dum
241 3947 264 4010 si
281 3964 363 4013 recte
376 3948 564 4036 conjecimus
579 3947 636 4012 hos
649 3969 758 4011 versus
778 3968 841 4010 non
864 3943 1030 4010 absolvisse
1049 3946 1246 4033 Euripidem.

151 4049 214 4114 Sed
238 4073 345 4115 vereor
366 4074 405 4114 nc
427 4055 516 4115 άλιᾶν
539 4073 669 4138 quoque
690 4049 729 4114 sit
755 4046 975 4136 abjiciendum,
1001 4047 1087 4134 quod
1113 4070 1154 4111 ex
1182 4071 1248 4112 cor-

148 4153 284 4217 rectione
320 4153 472 4219 vocabulo
508 4154 692 4232 καλλικόμαν
736 4149 945 4238 superscripta
981 4164 1087 4214 ortum
1122 4148 1249 4214 videtur

151 4229 322 4359 ..llam

196 4383 290 4467 1083.
307 4379 405 4444 Valde
427 4379 538 4443 inutile
557 4393 605 4443 est
626 4378 730 4460 ὀρέων,
748 4377 835 4465 quod
856 4377 1010 4464 glossema
1028 4399 1094 4441 esse
1115 4376 1248 4441 arbitror

149 4484 191 4549 ad
205 4486 352 4566 πετραίων
366 4485 482 4566 ἄντρον
495 4482 714 4580 adscriptum..

679 4590 692 4632 1
707 4590 718 4630 l
734 4585 753 4634 2
