2864 4914
526 276 595 340 An
617 256 904 341 rumnlssns.
1202 269 1267 338 rat

165 443 252 531 quod
273 445 364 511 nobis
378 444 429 509 hic
449 461 575 511 narrant
591 446 742 527 Graeculi,
758 446 884 512 mentio.
930 444 1045 532 Eurip.
1062 444 1172 532 Suppl.
1193 461 1265 529 155.

163 546 283 628 μόντεις
306 548 330 612 δ’
348 550 475 627 ἐπῆλθες
498 551 634 632 ἐμπύρων
651 549 675 613 τ’
693 551 768 619 εἶδες
788 551 899 633 φλόγα.
945 548 1022 612 Duo
1036 562 1110 611 sunt
1129 547 1162 610 in
1185 547 1265 611 hanc

166 672 229 713 rem
259 649 327 714 loca
349 649 491 737 inprimis
516 652 686 732 luculenta,
712 653 799 740 apud
828 655 974 717 Senecam
1001 648 1112 736 OEdip.
1133 669 1208 734 309.
1233 664 1265 714 et

167 751 300 816 Statium
318 753 424 816 Theb.
439 773 490 831 10,
502 769 579 840 593.
594 778 668 842 quae
683 755 780 819 videri
795 770 921 841 possent
935 752 975 817 ad
991 751 1157 839 Euripidis
1169 751 1265 835 ῥήξεις

164 853 383 918 illuminandas
404 857 648 934 accommodata,
665 873 701 922 ut
716 858 832 922 fuerint
847 860 878 921 αἱ
899 861 952 920 τοῦ
971 855 1062 937 πυρὸς
1084 855 1195 935 καμπαὶ
1217 855 1266 918 καὶ

166 959 297 1036 εἰλήσεις
313 957 345 1020 in
369 957 463 1024 schol.
479 958 590 1046 Apoll.
607 960 672 1025 er.
692 981 721 1039 1,
736 961 811 1046 438.
827 973 1016 1038 memoratae,
1031 961 1161 1022 σι’πιιονα
1177 957 1265 1023 volu·

164 1063 252 1124 mina
261 1065 429 1148 flammae:
451 1063 505 1126 sed
531 1065 571 1127 ab
593 1063 642 1126 his
667 1077 801 1126 mentem
822 1061 1007 1127 abstrahunt
1025 1059 1154 1148 adjecta.
1201 1060 1265 1125 Hic

164 1163 270 1250 itaque
292 1163 378 1227 locus
393 1164 484 1228 etiam
501 1164 695 1251 exspectabit
716 1164 929 1251 interpretem,
945 1161 1001 1248 qui
1023 1162 1112 1226 nobis
1130 1160 1264 1244 ὑγρότητ’

165 1267 303 1330 ἐναντίαν
332 1265 443 1330 melius
471 1283 608 1353 exponat
637 1288 732 1353 quam
761 1267 862 1331 fecere
895 1265 1042 1353 priores?q
1086 1266 1168 1328 Haec
1200 1264 1266 1328 fere

165 1368 335 1432 VALCK.
382 1369 415 1433 Si
438 1369 468 1432 in
495 1369 562 1434 loco
588 1369 721 1433 obscuro
745 1369 888 1433 hariolari
919 1369 1001 1446 licet,
1030 1369 1153 1450 ἐμπνραι
1176 1368 1268 1447 ἀκμαί

162 1469 259 1557 accipi
282 1487 410 1556 possunt
427 1494 484 1557 pro
499 1475 536 1535 τὰ
552 1472 677 1553 ἔμπυρα,
693 1471 723 1534 in
739 1472 856 1558 quibus
875 1470 940 1536 duo
953 1471 1160 1536 observabant
1177 1471 1264 1553 (ἐνό-

41 1648 43 1651 .
161 1579 240 1656 μων)
258 1588 354 1650 vates,
370 1575 535 1637 scissiones
550 1573 695 1650 flamma,
710 1574 815 1657 ῥήξεις,
831 1597 903 1660 quae
919 1575 1035 1637 circum
1050 1595 1118 1636 aras
1140 1594 1266 1659 serpens

163 1674 333 1739 infaustum
355 1675 473 1739 exitum
497 1675 657 1762 portendit
681 1676 768 1760 (hinc
789 1678 886 1759 ὑγραὶ,
903 1674 1068 1763 multiplici
1090 1675 1174 1739 flexu
1197 1698 1266 1739 aras

164 1774 344 1854 lambentes,
367 1799 426 1864 pro
440 1801 478 1841 eo
492 1780 617 1859 ὑγρότης
639 1780 775 1864 ἐναντία)
791 1794 823 1843 et
837 1788 955 1843 rectum
965 1782 1112 1865 stammas
1132 1781 1264 1865 apicem,

162 1881 256 1962 ίίκραν
269 1879 420 1959 λαμπάδα.
447 1881 638 1944 ΜΑΤΤΗ.

206 1984 357 2067 ἐναντίαν]
388 1984 531 2047 ἐναντίαν
557 1983 652 2048 schol.
679 1999 711 2048 et
733 1983 854 2048 codices
878 1982 988 2047 multi:
1017 1983 1070 2047 sed
1097 1981 1208 2070 optimi
1232 1981 1264 2047 in

163 2087 302 2150 ἐναντίαν
317 2085 464 2148 videntur
478 2086 660 2150 consentire.

209 2202 299 2271 1257.
317 2188 410 2268 ἄκραν
424 2212 457 2252 τε
471 2186 616 2272 λαμπάδ’]
636 2188 803 2252 Victoriam
826 2189 939 2253 scilicet
961 2187 1168 2276 portendebat
1183 2209 1264 2274 apex

161 2288 307 2365 flammae,
329 2289 353 2352 si
374 2288 476 2353 clarus
495 2306 527 2353 ct
547 2290 665 2354 nitidus
684 2309 773 2369 esset,
789 2292 907 2356 tristem
928 2309 1037 2356 contra
1057 2307 1215 2368 eventum,
1239 2291 1264 2358 si

160 2391 193 2454 in
215 2391 339 2454 fumum
356 2408 387 2454 et
403 2392 596 2478 nigredinem
612 2392 777 2457 desineret.
810 2392 904 2458 Ovid.
920 2393 939 2456 l.
955 2394 1005 2458 cit.
1038 2393 1101 2471 Qui
1118 2392 1210 2480 plura
1225 2393 1265 2459 de

160 2493 330 2581 ignispiciis
355 2494 542 2572 desiderant,
565 2494 704 2559 conferre
728 2510 859 2581 possunt
882 2495 1026 2583 AEschyl.
1051 2494 1211 2559 Prometh.
1233 2519 1263 2560 v.

161 2613 236 2679 497.
272 2598 370 2683 Soph.
394 2596 507 2683 Antig.
526 2620 555 2661 v.
575 2615 667 2680 1015.
701 2595 849 2684 Apollon.
878 2597 986 2662 Rhod.
1007 2617 1033 2660 1.
1057 2621 1089 2661 v.
1106 2614 1181 2682 437.
1204 2597 1262 2663 ibi·

161 2721 224 2784 que
239 2698 431 2763 scholiasten.
454 2699 542 2785 Virg.
558 2701 652 2763 Geor.
672 2718 702 2777 1,
717 2701 791 2784 585.
816 2699 910 2763 Ovid.
928 2701 1061 2763 Metam.
1082 2720 1131 2780 10,
1146 2701 1219 2783 278,
1231 2722 1262 2784 9.

162 2799 265 2865 Valer.
290 2802 393 2866 Flacc.
418 2804 448 2879 8,
467 2821 540 2883 247.
577 2803 658 2865 Stat.
680 2800 785 2867 Theb.
806 2822 856 2881 10,
879 2819 954 2888 593.
986 2803 1108 2866 Lucan.
1135 2823 1163 2880 1,
1186 2806 1261 2888 546.

162 2904 354 2968 Artemidor.
378 2903 563 2968 Oneirocrit.
582 2923 612 2969 2.
627 2927 655 2967 c.
673 2924 704 2988 9.
732 2905 874 2987 Propert.
898 2924 931 2990 3,
952 2908 982 2969 8.
1008 2903 1188 2970 Philostrat.
1206 2906 1261 2972 vit.

161 3004 311 3092 Apollon.
329 3008 435 3093 Tyan.
455 3027 484 3085 1,
503 3025 554 3071 20.
587 3007 637 3069 De
652 3005 779 3069 dissidio
794 3007 928 3070 flammae
942 3006 1064 3094 inrogo
1079 3009 1217 3073 Eteoclis
1231 3024 1263 3075 et

161 3108 319 3196 Polynicis
334 3108 396 3172 vid.
414 3108 639 3173 Philostratum
658 3108 745 3172 Icon.
763 3127 791 3173 1.
808 3108 839 3172 in
856 3108 1031 3196 Antigona.
1055 3112 1199 3176 MUSG.

206 3214 300 3296 1258.
316 3215 354 3274 τὰ
367 3210 460 3275 codd.
478 3210 627 3298 plerique.
666 3209 700 3272 τὸ
716 3209 795 3273 Ald.

206 3318 297 3379 1161.
312 3315 404 3400 1163.
418 3315 557 3377 κᾶπαθλα
568 3312 651 3395 (libri
665 3314 712 3376 καὶ
724 3314 830 3387 τᾶθλα,
839 3313 925 3399 quod
941 3315 1075 3380 correxit
1087 3318 1259 3402 Porsonus)

159 3420 242 3479 δεινὰ
256 3415 365 3498 δόκρνό
380 3443 430 3480 σαι
443 3415 613 3499 γενήσεται,
633 3420 751 3479 δισσοῖν
767 3419 869 3497 στερεί
888 3481 895 3504 ⁸
924 3418 978 3498 (sic
999 3418 1165 3483 Reislrius:
1190 3418 1261 3485 libri

159 3518 301 3602 στερήσῃ)
318 3518 379 3606 τῇδ’
396 3521 430 3582 ἐν
443 3517 537 3603 ἡμέρη
557 3518 689 3602 τέκνοιν]
714 3520 785 3581 Hos
800 3541 907 3582 versus
925 3521 1070 3606 jejunum
1087 3545 1152 3586 esse
1169 3522 1260 3587 addi·

158 3635 329 3685 tamentum
360 3620 554 3707 grammatici
582 3620 661 3684 bene
691 3619 784 3684 sensit
812 3621 1053 3688 Valckenarius:
1084 3626 1261 3712 cujusmodi

158 3722 299 3809 scriptori
310 3739 341 3786 et
352 3723 445 3786 cresis
460 3722 570 3786 vitiosa
583 3725 681 3787 τᾶθλα
691 3724 821 3788 fortasse
832 3741 878 3789 est
891 3725 1104 3814 relinquenda,
1118 3753 1175 3795 nec
1190 3758 1260 3798 στε·

157 3823 234 3911 ρήσῃ
258 3842 292 3891 ut
314 3826 345 3889 in
370 3828 509 3908 στερείσῃ
531 3842 671 3890 mutetur
691 3850 772 3913 opus
793 3844 849 3892 est.
894 3829 946 3893 De
969 3831 1121 3896 vocabulo
1143 3834 1261 3900 ἔπαθλα

158 3926 296 3993 diximus
309 3929 349 3993 ad
365 3953 394 3992 v.
411 3949 463 4014 51.

204 4033 264 4097 126
265 4052 297 4115 5.
315 4033 397 4115 οὐδὲ]
416 4031 475 4095 οὐδ’
494 4035 527 4095 ἐν
542 4031 620 4095 Αίό.
636 4046 667 4095 et
682 4054 754 4118 pars
769 4032 922 4098 codicum.
957 4042 977 4074 “
989 4037 1105 4100 Sensus
1119 4053 1176 4113 est,
1178 4039 1257 4123 sor·

157 4141 236 4195 tuna
251 4143 360 4197 nostra
373 4157 436 4197 non
452 4134 526 4197 talis
540 4144 585 4198 est
605 4143 641 4199 ut
655 4135 776 4198 altorem
795 4144 824 4200 et
846 4138 1022 4224 virginalis
1041 4142 1191 4205 modesti-a
1210 4143 1256 4205 Io·

156 4256 226 4298 curn
243 4236 355 4299 laudere
371 4238 506 4323 possint.
553 4237 603 4301 Sic
624 4241 714 4319 1176.
737 4239 789 4301 οὐκ
813 4239 846 4302 ἐν
868 4241 997 4323 αἰσχύνη
1018 4246 1055 4305 τὰ
1076 4243 1125 4306 σό.
1151 4245 1259 4330 pudor

156 4358 219 4399 non
241 4339 547 4424 corruem'tfirtunae
562 4348 633 4403 turc.
677 4339 783 4427 Iphig.
804 4343 846 4404 A.
868 4359 959 4426 1311.
985 4344 1038 4407 οὐκ
1060 4347 1094 4409 ἐν
1116 4348 1259 4426 ἁβρότητι

675 4465 737 4522 Μ4
