<?xml version="1.0" encoding="UTF-8"?>
<!DOCTYPE html PUBLIC "-//W3C//DTD XHTML 1.0 Transitional//EN"
    "http://www.w3.org/TR/xhtml1/DTD/xhtml1-transitional.dtd">
<html xmlns="http://www.w3.org/1999/xhtml" xml:lang="en" lang="en">
 <head>
  <title>
</title>
<meta http-equiv="Content-Type" content="text/html;charset=utf-8" />
  <meta name='ocr-system' content='tesseract 3.04.00' />
  <meta name='ocr-capabilities' content='ocr_page ocr_carea ocr_par ocr_line ocrx_word'/>
</head>
<body>
  <div class='ocr_page' id='page_1' title='image "./tragoediaesuper01eurigoog_0191.png"; bbox 0 0 2864 4914; ppageno 0'>
   <div class='ocr_carea' id='block_1_1' title="bbox 157 289 904 355">
    <p class='ocr_par' dir='ltr' id='par_1_1' title="bbox 157 289 904 355">
     <span class='ocr_line' id='line_1_1' title="bbox 157 289 904 355; baseline 0.005 -4"><span class='ocrx_word' id='word_1_1' title='bbox 157 289 224 351; x_wconf 73' lang='lat'>182</span> <span class='ocrx_word' id='word_1_2' title='bbox 526 289 904 355; x_wconf 85' lang='lat' dir='ltr'>ANNOTATIONES</span> 
     </span>
    </p>
   </div>
   <div class='ocr_carea' id='block_1_2' title="bbox 163 416 1265 753">
    <p class='ocr_par' dir='ltr' id='par_1_2' title="bbox 163 416 1265 753">
     <span class='ocr_line' id='line_1_2' title="bbox 203 416 610 545; baseline 0.005 -23"><span class='ocrx_word' id='word_1_3' title='bbox 203 457 286 545; x_wconf 71' lang='lat' dir='ltr'>un]</span> <span class='ocrx_word' id='word_1_4' title='bbox 303 459 399 524; x_wconf 68' lang='lat' dir='ltr'>mou</span> <span class='ocrx_word' id='word_1_5' title='bbox 415 459 502 524; x_wconf 67' lang='lat' dir='ltr'>ntor.</span> <span class='ocrx_word' id='word_1_6' title='bbox 519 416 610 524; x_wconf 64' lang='lat' dir='ltr'>usus.</span> 
     </span>
     <span class='ocr_line' id='line_1_3' title="bbox 209 560 1265 649; baseline 0.001 -25"><span class='ocrx_word' id='word_1_7' title='bbox 209 563 301 642; x_wconf 86' lang='lat'><strong>1617.</strong></span> <span class='ocrx_word' id='word_1_8' title='bbox 324 561 406 636; x_wconf 84' lang='grc' dir='ltr'>ζῶσά</span> <span class='ocrx_word' id='word_1_9' title='bbox 431 560 458 644; x_wconf 82' lang='grc' dir='ltr'>γ’</span> <span class='ocrx_word' id='word_1_10' title='bbox 486 562 523 626; x_wconf 82' lang='grc' dir='ltr'>δν</span> <span class='ocrx_word' id='word_1_11' title='bbox 548 577 699 649; x_wconf 84' lang='lat' dir='ltr'>quattuor</span> <span class='ocrx_word' id='word_1_12' title='bbox 723 561 853 628; x_wconf 91' lang='lat' dir='ltr'>codices.</span> <span class='ocrx_word' id='word_1_13' title='bbox 891 568 972 640; x_wconf 77' lang='grc' dir='ltr'>ζῶσα</span> <span class='ocrx_word' id='word_1_14' title='bbox 995 565 1053 646; x_wconf 82' lang='grc' dir='ltr'>γδρ</span> <span class='ocrx_word' id='word_1_15' title='bbox 1076 561 1169 628; x_wconf 88' lang='lat' dir='ltr'>ceteri</span> <span class='ocrx_word' id='word_1_16' title='bbox 1192 583 1265 626; x_wconf 90' lang='lat' dir='ltr'>cum</span> 
     </span>
     <span class='ocr_line' id='line_1_4' title="bbox 163 661 915 753; baseline 0 -25"><span class='ocrx_word' id='word_1_17' title='bbox 163 662 253 740; x_wconf 91' lang='lat' dir='ltr'>Ald.‚</span> <span class='ocrx_word' id='word_1_18' title='bbox 269 661 328 725; x_wconf 90' lang='lat' dir='ltr'>nisi</span> <span class='ocrx_word' id='word_1_19' title='bbox 341 664 427 748; x_wconf 92' lang='lat' dir='ltr'>quod</span> <span class='ocrx_word' id='word_1_20' title='bbox 444 663 474 726; x_wconf 92' lang='lat' dir='ltr'>in</span> <span class='ocrx_word' id='word_1_21' title='bbox 492 687 555 727; x_wconf 90' lang='lat' dir='ltr'>uno</span> <span class='ocrx_word' id='word_1_22' title='bbox 569 671 649 740; x_wconf 80' lang='grc' dir='ltr'>ζῶσα</span> <span class='ocrx_word' id='word_1_23' title='bbox 663 669 722 748; x_wconf 79' lang='grc' dir='ltr'>γδρ</span> <span class='ocrx_word' id='word_1_24' title='bbox 737 666 775 731; x_wconf 87' lang='grc' dir='ltr'>δυ</span> <span class='ocrx_word' id='word_1_25' title='bbox 790 665 915 753; x_wconf 89' lang='lat' dir='ltr'>legitur.</span> 
     </span>
    </p>
   </div>
   <div class='ocr_carea' id='block_1_3' title="bbox 163 765 1276 4448">
    <p class='ocr_par' dir='ltr' id='par_1_3' title="bbox 212 765 893 851">
     <span class='ocr_line' id='line_1_5' title="bbox 212 765 893 851; baseline 0.004 -22"><span class='ocrx_word' id='word_1_26' title='bbox 212 769 304 830; x_wconf 85' lang='lat'><strong>1620.</strong></span> <span class='ocrx_word' id='word_1_27' title='bbox 321 765 517 851; x_wconf 71' lang='lat' dir='ltr'>diremistis]</span> <span class='ocrx_word' id='word_1_28' title='bbox 535 769 707 835; x_wconf 75' lang='grc' dir='ltr'>ἀποκτενεῖς</span> <span class='ocrx_word' id='word_1_29' title='bbox 721 767 787 832; x_wconf 93' lang='lat' dir='ltr'>duo</span> <span class='ocrx_word' id='word_1_30' title='bbox 800 767 893 832; x_wconf 87' lang='lat' dir='ltr'><strong>codd.</strong></span> 
     </span>
    </p>

    <p class='ocr_par' dir='ltr' id='par_1_4' title="bbox 163 865 1276 2885">
     <span class='ocr_line' id='line_1_6' title="bbox 211 865 1271 958; baseline 0 -26"><span class='ocrx_word' id='word_1_31' title='bbox 211 870 303 933; x_wconf 90' lang='grc'>1622.</span> <span class='ocrx_word' id='word_1_32' title='bbox 326 865 353 950; x_wconf 84' lang='grc' dir='ltr'>γ’</span> <span class='ocrx_word' id='word_1_33' title='bbox 373 890 435 931; x_wconf 89' lang='lat' dir='ltr'>om.</span> <span class='ocrx_word' id='word_1_34' title='bbox 457 870 545 933; x_wconf 90' lang='grc' dir='ltr'><strong>Β.Η.</strong></span> <span class='ocrx_word' id='word_1_35' title='bbox 567 884 600 933; x_wconf 92' lang='lat' dir='ltr'>et</span> <span class='ocrx_word' id='word_1_36' title='bbox 617 868 683 935; x_wconf 94' lang='lat' dir='ltr'>duo</span> <span class='ocrx_word' id='word_1_37' title='bbox 705 869 768 950; x_wconf 86' lang='lat' dir='ltr'>ulii,</span> <span class='ocrx_word' id='word_1_38' title='bbox 791 886 862 958; x_wconf 89' lang='lat' dir='ltr'>post</span> <span class='ocrx_word' id='word_1_39' title='bbox 881 869 940 950; x_wconf 79' lang='grc' dir='ltr'>μήν</span> <span class='ocrx_word' id='word_1_40' title='bbox 959 867 1048 954; x_wconf 90' lang='lat' dir='ltr'>pouit</span> <span class='ocrx_word' id='word_1_41' title='bbox 1072 866 1158 932; x_wconf 88' lang='lat' dir='ltr'>Flor.</span> <span class='ocrx_word' id='word_1_42' title='bbox 1176 878 1271 932; x_wconf 82' lang='lat' dir='ltr'>unus.</span> 
     </span>
     <span class='ocr_line' id='line_1_7' title="bbox 165 968 1268 1056; baseline 0 -22"><span class='ocrx_word' id='word_1_43' title='bbox 165 978 186 1009; x_wconf 91' lang='grc'>“</span> <span class='ocrx_word' id='word_1_44' title='bbox 202 971 292 1056; x_wconf 82' lang='lat' dir='ltr'>Saepe</span> <span class='ocrx_word' id='word_1_45' title='bbox 312 968 441 1034; x_wconf 80' lang='lat' dir='ltr'><strong>additur</strong></span> <span class='ocrx_word' id='word_1_46' title='bbox 462 997 499 1054; x_wconf 87' lang='grc' dir='ltr'>γε</span> <span class='ocrx_word' id='word_1_47' title='bbox 521 971 553 1035; x_wconf 92' lang='lat' dir='ltr'>in</span> <span class='ocrx_word' id='word_1_48' title='bbox 573 971 680 1035; x_wconf 81' lang='lat' dir='ltr'>endem</span> <span class='ocrx_word' id='word_1_49' title='bbox 702 971 855 1036; x_wconf 85' lang='lat' dir='ltr'>sententia</span> <span class='ocrx_word' id='word_1_50' title='bbox 868 994 940 1036; x_wconf 91' lang='lat' dir='ltr'>cum</span> <span class='ocrx_word' id='word_1_51' title='bbox 957 972 1039 1035; x_wconf 84' lang='grc' dir='ltr'>άλλδ</span> <span class='ocrx_word' id='word_1_52' title='bbox 1052 971 1121 1050; x_wconf 74' lang='grc' dir='ltr'>μὴν,</span> <span class='ocrx_word' id='word_1_53' title='bbox 1138 971 1185 1034; x_wconf 71' lang='grc' dir='ltr'>καὶ</span> <span class='ocrx_word' id='word_1_54' title='bbox 1199 971 1268 1050; x_wconf 68' lang='grc' dir='ltr'>μὴν,</span> 
     </span>
     <span class='ocr_line' id='line_1_8' title="bbox 165 1071 1270 1162; baseline -0.002 -25"><span class='ocrx_word' id='word_1_55' title='bbox 165 1075 234 1138; x_wconf 73' lang='grc' dir='ltr'>οὐδὲ</span> <span class='ocrx_word' id='word_1_56' title='bbox 255 1073 323 1152; x_wconf 74' lang='grc' dir='ltr'>μὴν,</span> <span class='ocrx_word' id='word_1_57' title='bbox 340 1073 375 1135; x_wconf 82' lang='grc' dir='ltr'>οδ</span> <span class='ocrx_word' id='word_1_58' title='bbox 395 1073 464 1152; x_wconf 75' lang='grc' dir='ltr'>μὴν,</span> <span class='ocrx_word' id='word_1_59' title='bbox 488 1072 542 1136; x_wconf 91' lang='lat' dir='ltr'>sed</span> <span class='ocrx_word' id='word_1_60' title='bbox 564 1096 739 1162; x_wconf 85' lang='lat' dir='ltr'>nunquam,</span> <span class='ocrx_word' id='word_1_61' title='bbox 754 1074 812 1140; x_wconf 85' lang='lat' dir='ltr'>nisi</span> <span class='ocrx_word' id='word_1_62' title='bbox 834 1071 1018 1160; x_wconf 85' lang='lat' dir='ltr'>interposito</span> <span class='ocrx_word' id='word_1_63' title='bbox 1035 1072 1096 1137; x_wconf 86' lang='lat' dir='ltr'>alio</span> <span class='ocrx_word' id='word_1_64' title='bbox 1111 1073 1218 1152; x_wconf 86' lang='lat' dir='ltr'>verbo,</span> <span class='ocrx_word' id='word_1_65' title='bbox 1234 1087 1270 1135; x_wconf 94' lang='lat' dir='ltr'>ut</span> 
     </span>
     <span class='ocr_line' id='line_1_9' title="bbox 166 1171 1269 1264; baseline -0.003 -25"><span class='ocrx_word' id='word_1_66' title='bbox 166 1174 302 1240; x_wconf 87' lang='lat' dir='ltr'>breviter</span> <span class='ocrx_word' id='word_1_67' title='bbox 318 1174 425 1239; x_wconf 89' lang='lat' dir='ltr'>monui</span> <span class='ocrx_word' id='word_1_68' title='bbox 440 1174 480 1239; x_wconf 78' lang='lat' dir='ltr'>ad</span> <span class='ocrx_word' id='word_1_69' title='bbox 504 1177 585 1241; x_wconf 89' lang='lat' dir='ltr'>Hec.</span> <span class='ocrx_word' id='word_1_70' title='bbox 601 1196 674 1262; x_wconf 85' lang='lat'><strong>403.</strong></span> <span class='ocrx_word' id='word_1_71' title='bbox 712 1176 883 1264; x_wconf 81' lang='lat' dir='ltr'>Euripides</span> <span class='ocrx_word' id='word_1_72' title='bbox 898 1175 1003 1262; x_wconf 88' lang='lat' dir='ltr'>Alope</span> <span class='ocrx_word' id='word_1_73' title='bbox 1018 1173 1105 1262; x_wconf 85' lang='lat' dir='ltr'>apud</span> <span class='ocrx_word' id='word_1_74' title='bbox 1128 1171 1269 1261; x_wconf 90' lang='lat' dir='ltr'>Etymol.</span> 
     </span>
     <span class='ocr_line' id='line_1_10' title="bbox 167 1283 1272 1375; baseline -0.002 -25"><span class='ocrx_word' id='word_1_75' title='bbox 167 1288 218 1352; x_wconf 93' lang='lat' dir='ltr'>M.</span> <span class='ocrx_word' id='word_1_76' title='bbox 233 1311 267 1375; x_wconf 90' lang='lat' dir='ltr'>p.</span> <span class='ocrx_word' id='word_1_77' title='bbox 281 1306 357 1369; x_wconf 81' lang='lat'>420,</span> <span class='ocrx_word' id='word_1_78' title='bbox 376 1289 425 1351; x_wconf 90' lang='lat'>16.</span> <span class='ocrx_word' id='word_1_79' title='bbox 440 1288 476 1351; x_wconf 75' lang='lat' dir='ltr'>oi</span> <span class='ocrx_word' id='word_1_80' title='bbox 488 1288 547 1368; x_wconf 78' lang='grc' dir='ltr'>μὴν</span> <span class='ocrx_word' id='word_1_81' title='bbox 560 1291 627 1371; x_wconf 79' lang='grc' dir='ltr'>σύγ’</span> <span class='ocrx_word' id='word_1_82' title='bbox 643 1291 717 1370; x_wconf 76' lang='grc' dir='ltr'>ἡμᾶς</span> <span class='ocrx_word' id='word_1_83' title='bbox 730 1290 797 1357; x_wconf 79' lang='grc' dir='ltr'>τοὺς</span> <span class='ocrx_word' id='word_1_84' title='bbox 810 1287 950 1355; x_wconf 74' lang='grc' dir='ltr'>τεκόντας</span> <span class='ocrx_word' id='word_1_85' title='bbox 963 1287 1069 1375; x_wconf 79' lang='grc' dir='ltr'>ᾐδέσω.</span> <span class='ocrx_word' id='word_1_86' title='bbox 1102 1283 1191 1349; x_wconf 78' lang='lat' dir='ltr'>Male</span> <span class='ocrx_word' id='word_1_87' title='bbox 1205 1283 1272 1348; x_wconf 87' lang='lat' dir='ltr'>edi-</span> 
     </span>
     <span class='ocr_line' id='line_1_11' title="bbox 164 1387 1271 1477; baseline -0.003 -23"><span class='ocrx_word' id='word_1_88' title='bbox 164 1406 218 1455; x_wconf 86' lang='lat' dir='ltr'>tur</span> <span class='ocrx_word' id='word_1_89' title='bbox 232 1391 267 1455; x_wconf 82' lang='grc' dir='ltr'>οὒ</span> <span class='ocrx_word' id='word_1_90' title='bbox 281 1390 332 1471; x_wconf 72' lang='grc' dir='ltr'>μή.</span> <span class='ocrx_word' id='word_1_91' title='bbox 380 1389 526 1477; x_wconf 91' lang='lat' dir='ltr'>Sophocl.</span> <span class='ocrx_word' id='word_1_92' title='bbox 542 1390 620 1455; x_wconf 88' lang='lat' dir='ltr'>OEd.</span> <span class='ocrx_word' id='word_1_93' title='bbox 634 1393 677 1456; x_wconf 88' lang='grc' dir='ltr'>Τ.</span> <span class='ocrx_word' id='word_1_94' title='bbox 694 1393 767 1477; x_wconf 88' lang='lat'><strong>987.</strong></span> <span class='ocrx_word' id='word_1_95' title='bbox 783 1391 831 1455; x_wconf 76' lang='lat' dir='ltr'>rol</span> <span class='ocrx_word' id='word_1_96' title='bbox 844 1390 903 1469; x_wconf 74' lang='grc' dir='ltr'>μὴν</span> <span class='ocrx_word' id='word_1_97' title='bbox 918 1390 1012 1472; x_wconf 83' lang='grc' dir='ltr'>μέγας</span> <span class='ocrx_word' id='word_1_98' title='bbox 1026 1389 1053 1470; x_wconf 80' lang='grc' dir='ltr'>γ’</span> <span class='ocrx_word' id='word_1_99' title='bbox 1069 1387 1227 1469; x_wconf 82' lang='grc' dir='ltr'>δφθαλμδς</span> <span class='ocrx_word' id='word_1_100' title='bbox 1241 1390 1271 1452; x_wconf 81' lang='grc' dir='ltr'>οἱ</span> 
     </span>
     <span class='ocr_line' id='line_1_12' title="bbox 166 1489 1270 1580; baseline -0.003 -23"><span class='ocrx_word' id='word_1_101' title='bbox 166 1494 279 1575; x_wconf 81' lang='grc' dir='ltr'>πατρὸς</span> <span class='ocrx_word' id='word_1_102' title='bbox 299 1493 399 1574; x_wconf 86' lang='grc' dir='ltr'>τάφοι.</span> <span class='ocrx_word' id='word_1_103' title='bbox 444 1494 497 1557; x_wconf 84' lang='lat' dir='ltr'>lta</span> <span class='ocrx_word' id='word_1_104' title='bbox 519 1492 657 1580; x_wconf 86' lang='lat' dir='ltr'>postulat</span> <span class='ocrx_word' id='word_1_105' title='bbox 678 1510 810 1558; x_wconf 88' lang='lat' dir='ltr'>metrum</span> <span class='ocrx_word' id='word_1_106' title='bbox 834 1491 1017 1574; x_wconf 81' lang='lat' dir='ltr'>(secundam</span> <span class='ocrx_word' id='word_1_107' title='bbox 1040 1489 1122 1554; x_wconf 89' lang='lat' dir='ltr'>enim</span> <span class='ocrx_word' id='word_1_108' title='bbox 1142 1489 1270 1577; x_wconf 83' lang='lat' dir='ltr'>corripit</span> 
     </span>
     <span class='ocr_line' id='line_1_13' title="bbox 163 1590 1269 1682; baseline -0.004 -22"><span class='ocrx_word' id='word_1_109' title='bbox 163 1595 273 1679; x_wconf 73' lang='grc' dir='ltr'>μέγας)</span> <span class='ocrx_word' id='word_1_110' title='bbox 294 1593 441 1680; x_wconf 84' lang='lat' dir='ltr'>idemque</span> <span class='ocrx_word' id='word_1_111' title='bbox 461 1594 593 1682; x_wconf 90' lang='lat' dir='ltr'>conjecit</span> <span class='ocrx_word' id='word_1_112' title='bbox 614 1595 800 1682; x_wconf 90' lang='lat' dir='ltr'>nescioquis</span> <span class='ocrx_word' id='word_1_113' title='bbox 819 1596 850 1659; x_wconf 90' lang='lat' dir='ltr'>in</span> <span class='ocrx_word' id='word_1_114' title='bbox 871 1593 1007 1658; x_wconf 79' lang='lat' dir='ltr'>editione</span> <span class='ocrx_word' id='word_1_115' title='bbox 1025 1590 1219 1656; x_wconf 89' lang='lat' dir='ltr'>Londinensi</span> <span class='ocrx_word' id='word_1_116' title='bbox 1239 1616 1269 1656; x_wconf 82' lang='lat' dir='ltr'>a.</span> 
     </span>
     <span class='ocr_line' id='line_1_14' title="bbox 168 1694 1270 1784; baseline -0.003 -23"><span class='ocrx_word' id='word_1_117' title='bbox 168 1700 260 1781; x_wconf 85' lang='lat'><strong>1746.</strong></span> <span class='ocrx_word' id='word_1_118' title='bbox 276 1696 330 1761; x_wconf 90' lang='lat' dir='ltr'>sed</span> <span class='ocrx_word' id='word_1_119' title='bbox 352 1696 492 1784; x_wconf 76' lang='lat' dir='ltr'>neglexit</span> <span class='ocrx_word' id='word_1_120' title='bbox 511 1697 700 1762; x_wconf 86' lang='lat' dir='ltr'>Bruuckius.</span> <span class='ocrx_word' id='word_1_121' title='bbox 738 1696 903 1782; x_wconf 87' lang='lat' dir='ltr'>Aristoph.</span> <span class='ocrx_word' id='word_1_122' title='bbox 923 1700 988 1760; x_wconf 81' lang='lat' dir='ltr'>Av.</span> <span class='ocrx_word' id='word_1_123' title='bbox 1004 1698 1078 1780; x_wconf 90' lang='lat'><strong>639.</strong></span> <span class='ocrx_word' id='word_1_124' title='bbox 1094 1695 1142 1759; x_wconf 75' lang='grc' dir='ltr'>καὶ</span> <span class='ocrx_word' id='word_1_125' title='bbox 1156 1694 1215 1775; x_wconf 68' lang='grc' dir='ltr'>μὴν</span> <span class='ocrx_word' id='word_1_126' title='bbox 1227 1698 1270 1773; x_wconf 83' lang='grc' dir='ltr'>μδ</span> 
     </span>
     <span class='ocr_line' id='line_1_15' title="bbox 164 1796 1273 1882; baseline -0.002 -19"><span class='ocrx_word' id='word_1_127' title='bbox 164 1800 219 1863; x_wconf 82' lang='grc' dir='ltr'>τὸν</span> <span class='ocrx_word' id='word_1_128' title='bbox 235 1797 287 1862; x_wconf 78' lang='grc' dir='ltr'>Δί’</span> <span class='ocrx_word' id='word_1_129' title='bbox 302 1798 369 1882; x_wconf 79' lang='grc' dir='ltr'>αδχὶ</span> <span class='ocrx_word' id='word_1_130' title='bbox 383 1799 537 1875; x_wconf 76' lang='grc' dir='ltr'>νυστάζειν</span> <span class='ocrx_word' id='word_1_131' title='bbox 552 1800 596 1863; x_wconf 90' lang='grc' dir='ltr'>έτι</span> <span class='ocrx_word' id='word_1_132' title='bbox 605 1798 688 1881; x_wconf 84' lang='grc' dir='ltr'>Ὥρα</span> <span class='ocrx_word' id='word_1_133' title='bbox 702 1798 780 1863; x_wconf 79' lang='grc' dir='ltr'>’στὶν</span> <span class='ocrx_word' id='word_1_134' title='bbox 793 1801 874 1880; x_wconf 79' lang='grc' dir='ltr'>ἡμῖν,</span> <span class='ocrx_word' id='word_1_135' title='bbox 884 1800 959 1863; x_wconf 84' lang='lat' dir='ltr'>citat</span> <span class='ocrx_word' id='word_1_136' title='bbox 974 1796 1164 1862; x_wconf 77' lang='lat' dir='ltr'><strong>Plutarchus</strong></span> <span class='ocrx_word' id='word_1_137' title='bbox 1180 1796 1273 1861; x_wconf 71' lang='lat' dir='ltr'>Nicia</span> 
     </span>
     <span class='ocr_line' id='line_1_16' title="bbox 164 1897 1268 1988; baseline -0.004 -22"><span class='ocrx_word' id='word_1_138' title='bbox 164 1924 197 1988; x_wconf 91' lang='lat' dir='ltr'>p.</span> <span class='ocrx_word' id='word_1_139' title='bbox 211 1903 276 1986; x_wconf 81' lang='lat'>528</span> <span class='ocrx_word' id='word_1_140' title='bbox 293 1902 338 1964; x_wconf 91' lang='lat' dir='ltr'>A.</span> <span class='ocrx_word' id='word_1_141' title='bbox 352 1901 507 1977; x_wconf 76' lang='grc' dir='ltr'>νυστάζειν</span> <span class='ocrx_word' id='word_1_142' title='bbox 521 1905 718 1964; x_wconf 66' lang='lat' dir='ltr'>runcum</span> <span class='ocrx_word' id='word_1_143' title='bbox 732 1899 811 1965; x_wconf 76' lang='grc' dir='ltr'>’στὶν</span> <span class='ocrx_word' id='word_1_144' title='bbox 824 1903 903 1981; x_wconf 79' lang='grc' dir='ltr'>ἡμῖν.</span> <span class='ocrx_word' id='word_1_145' title='bbox 949 1898 1031 1964; x_wconf 91' lang='lat' dir='ltr'>Dele</span> <span class='ocrx_word' id='word_1_146' title='bbox 1046 1926 1069 1963; x_wconf 83' lang='grc' dir='ltr'>ο</span> <span class='ocrx_word' id='word_1_147' title='bbox 1085 1897 1165 1963; x_wconf 83' lang='lat' dir='ltr'>mule</span> <span class='ocrx_word' id='word_1_148' title='bbox 1179 1922 1268 1985; x_wconf 85' lang='lat' dir='ltr'>repe-</span> 
     </span>
     <span class='ocr_line' id='line_1_17' title="bbox 166 1999 1270 2084; baseline -0.002 -17"><span class='ocrx_word' id='word_1_149' title='bbox 166 2003 271 2080; x_wconf 87' lang='lat' dir='ltr'>titum,</span> <span class='ocrx_word' id='word_1_150' title='bbox 287 2016 317 2066; x_wconf 87' lang='lat' dir='ltr'>et</span> <span class='ocrx_word' id='word_1_151' title='bbox 342 2008 371 2065; x_wconf 90' lang='lat' dir='ltr'>[l</span> <span class='ocrx_word' id='word_1_152' title='bbox 394 2017 481 2066; x_wconf 79' lang='lat' dir='ltr'>verte</span> <span class='ocrx_word' id='word_1_153' title='bbox 502 2001 533 2065; x_wconf 90' lang='lat' dir='ltr'>iu</span> <span class='ocrx_word' id='word_1_154' title='bbox 556 2008 608 2077; x_wconf 87' lang='lat' dir='ltr'>Tl,</span> <span class='ocrx_word' id='word_1_155' title='bbox 633 2002 773 2080; x_wconf 80' lang='lat' dir='ltr'>habebis,</span> <span class='ocrx_word' id='word_1_156' title='bbox 797 2004 951 2079; x_wconf 74' lang='grc' dir='ltr'>νυστάζειν</span> <span class='ocrx_word' id='word_1_157' title='bbox 972 2000 999 2084; x_wconf 80' lang='grc' dir='ltr'>γ’</span> <span class='ocrx_word' id='word_1_158' title='bbox 1028 2002 1071 2066; x_wconf 83' lang='grc' dir='ltr'>ἔτι</span> <span class='ocrx_word' id='word_1_159' title='bbox 1087 1999 1171 2083; x_wconf 86' lang='grc' dir='ltr'>Ὥρα</span> <span class='ocrx_word' id='word_1_160' title='bbox 1191 1999 1270 2065; x_wconf 75' lang='grc' dir='ltr'>’στὶν</span> 
     </span>
     <span class='ocr_line' id='line_1_18' title="bbox 165 2102 1270 2190; baseline -0.001 -21"><span class='ocrx_word' id='word_1_161' title='bbox 165 2105 245 2184; x_wconf 80' lang='grc' dir='ltr'>ἡμῖν.</span> <span class='ocrx_word' id='word_1_162' title='bbox 285 2103 455 2168; x_wconf 79' lang='lat' dir='ltr'>Chionides</span> <span class='ocrx_word' id='word_1_163' title='bbox 475 2103 561 2190; x_wconf 81' lang='lat' dir='ltr'>apud</span> <span class='ocrx_word' id='word_1_164' title='bbox 588 2102 718 2169; x_wconf 79' lang='lat' dir='ltr'>Suidam</span> <span class='ocrx_word' id='word_1_165' title='bbox 742 2127 772 2170; x_wconf 87' lang='lat' dir='ltr'>v.</span> <span class='ocrx_word' id='word_1_166' title='bbox 795 2107 896 2188; x_wconf 82' lang='grc' dir='ltr'>άγυος·</span> <span class='ocrx_word' id='word_1_167' title='bbox 921 2105 968 2169; x_wconf 81' lang='grc' dir='ltr'>καὶ</span> <span class='ocrx_word' id='word_1_168' title='bbox 990 2104 1049 2183; x_wconf 71' lang='grc' dir='ltr'>μὴν</span> <span class='ocrx_word' id='word_1_169' title='bbox 1072 2107 1114 2183; x_wconf 82' lang='grc' dir='ltr'>μδ</span> <span class='ocrx_word' id='word_1_170' title='bbox 1137 2104 1190 2167; x_wconf 88' lang='grc' dir='ltr'>τὸυ</span> <span class='ocrx_word' id='word_1_171' title='bbox 1218 2107 1270 2168; x_wconf 82' lang='grc' dir='ltr'>Δί’</span> 
     </span>
     <span class='ocr_line' id='line_1_19' title="bbox 166 2205 1271 2295; baseline 0 -25"><span class='ocrx_word' id='word_1_172' title='bbox 166 2206 253 2271; x_wconf 74' lang='grc' dir='ltr'>οὐδὲν</span> <span class='ocrx_word' id='word_1_173' title='bbox 276 2206 320 2270; x_wconf 84' lang='grc' dir='ltr'>ἔτι</span> <span class='ocrx_word' id='word_1_174' title='bbox 342 2231 379 2288; x_wconf 84' lang='grc' dir='ltr'>γε</span> <span class='ocrx_word' id='word_1_175' title='bbox 399 2232 449 2286; x_wconf 87' lang='grc' dir='ltr'>μοι</span> <span class='ocrx_word' id='word_1_176' title='bbox 471 2211 556 2270; x_wconf 86' lang='grc' dir='ltr'>δοκῶ.</span> <span class='ocrx_word' id='word_1_177' title='bbox 595 2205 701 2294; x_wconf 88' lang='lat' dir='ltr'>Vulgo</span> <span class='ocrx_word' id='word_1_178' title='bbox 723 2232 755 2271; x_wconf 93' lang='grc' dir='ltr'>τε</span> <span class='ocrx_word' id='word_1_179' title='bbox 777 2230 836 2295; x_wconf 89' lang='lat' dir='ltr'>pro</span> <span class='ocrx_word' id='word_1_180' title='bbox 858 2232 904 2290; x_wconf 84' lang='grc' dir='ltr'>γε.</span> <span class='ocrx_word' id='word_1_181' title='bbox 941 2205 1030 2294; x_wconf 86' lang='lat' dir='ltr'>Cycl.</span> <span class='ocrx_word' id='word_1_182' title='bbox 1044 2225 1118 2290; x_wconf 89' lang='lat'><strong>541.</strong></span> <span class='ocrx_word' id='word_1_183' title='bbox 1142 2207 1271 2286; x_wconf 75' lang='grc' dir='ltr'>καὶμὴν</span> 
     </span>
     <span class='ocr_line' id='line_1_20' title="bbox 167 2306 1268 2393; baseline 0 -22"><span class='ocrx_word' id='word_1_184' title='bbox 167 2307 323 2392; x_wconf 86' lang='grc' dir='ltr'>λαχυῶδές</span> <span class='ocrx_word' id='word_1_185' title='bbox 344 2307 371 2391; x_wconf 85' lang='grc' dir='ltr'>γ’</span> <span class='ocrx_word' id='word_1_186' title='bbox 396 2309 483 2376; x_wconf 78' lang='grc' dir='ltr'>οὖδας</span> <span class='ocrx_word' id='word_1_187' title='bbox 506 2310 635 2391; x_wconf 75' lang='grc' dir='ltr'>ἀνθηρᾶς</span> <span class='ocrx_word' id='word_1_188' title='bbox 655 2306 758 2393; x_wconf 81' lang='grc' dir='ltr'>χλδης,</span> <span class='ocrx_word' id='word_1_189' title='bbox 784 2331 847 2373; x_wconf 89' lang='lat' dir='ltr'>nou</span> <span class='ocrx_word' id='word_1_190' title='bbox 874 2314 1027 2393; x_wconf 87' lang='grc' dir='ltr'>λαχνῶδες</span> <span class='ocrx_word' id='word_1_191' title='bbox 1051 2310 1166 2383; x_wconf 79' lang='grc' dir='ltr'>τοδδας,</span> <span class='ocrx_word' id='word_1_192' title='bbox 1190 2308 1268 2385; x_wconf 82' lang='lat' dir='ltr'>crasi</span> 
     </span>
     <span class='ocr_line' id='line_1_21' title="bbox 165 2410 1271 2498; baseline 0 -24"><span class='ocrx_word' id='word_1_193' title='bbox 165 2433 294 2497; x_wconf 90' lang='lat' dir='ltr'>prorsus</span> <span class='ocrx_word' id='word_1_194' title='bbox 308 2410 424 2498; x_wconf 80' lang='lat' dir='ltr'>ignota.</span> <span class='ocrx_word' id='word_1_195' title='bbox 461 2411 596 2497; x_wconf 81' lang='lat' dir='ltr'>Legitur</span> <span class='ocrx_word' id='word_1_196' title='bbox 610 2410 737 2498; x_wconf 90' lang='lat' dir='ltr'>quidem</span> <span class='ocrx_word' id='word_1_197' title='bbox 754 2411 786 2475; x_wconf 95' lang='lat' dir='ltr'>in</span> <span class='ocrx_word' id='word_1_198' title='bbox 803 2411 910 2476; x_wconf 86' lang='lat' dir='ltr'>Nostri</span> <span class='ocrx_word' id='word_1_199' title='bbox 926 2410 1043 2475; x_wconf 89' lang='lat' dir='ltr'>Electr.</span> <span class='ocrx_word' id='word_1_200' title='bbox 1060 2412 1133 2496; x_wconf 89' lang='grc'><strong>982.</strong></span> <span class='ocrx_word' id='word_1_201' title='bbox 1150 2412 1197 2475; x_wconf 81' lang='grc' dir='ltr'>καὶ</span> <span class='ocrx_word' id='word_1_202' title='bbox 1209 2410 1271 2491; x_wconf 77' lang='grc' dir='ltr'>μήν</span> 
     </span>
     <span class='ocr_line' id='line_1_22' title="bbox 165 2510 1276 2600; baseline -0.003 -21"><span class='ocrx_word' id='word_1_203' title='bbox 165 2511 193 2596; x_wconf 86' lang='grc' dir='ltr'>γ’</span> <span class='ocrx_word' id='word_1_204' title='bbox 209 2514 328 2594; x_wconf 81' lang='grc' dir='ltr'>ἀμύνου</span> <span class='ocrx_word' id='word_1_205' title='bbox 347 2514 436 2595; x_wconf 78' lang='grc' dir='ltr'>πατρὶ</span> <span class='ocrx_word' id='word_1_206' title='bbox 459 2513 609 2593; x_wconf 77' lang='grc' dir='ltr'>δυσσεβὴς</span> <span class='ocrx_word' id='word_1_207' title='bbox 631 2514 706 2578; x_wconf 85' lang='grc' dir='ltr'>ἔσει.</span> <span class='ocrx_word' id='word_1_208' title='bbox 753 2513 815 2578; x_wconf 93' lang='lat' dir='ltr'>Sed</span> <span class='ocrx_word' id='word_1_209' title='bbox 835 2513 953 2600; x_wconf 88' lang='lat' dir='ltr'>optime</span> <span class='ocrx_word' id='word_1_210' title='bbox 973 2515 1021 2578; x_wconf 81' lang='grc' dir='ltr'>καὶ</span> <span class='ocrx_word' id='word_1_211' title='bbox 1043 2512 1082 2593; x_wconf 83' lang='grc' dir='ltr'>μή</span> <span class='ocrx_word' id='word_1_212' title='bbox 1101 2510 1128 2594; x_wconf 86' lang='grc' dir='ltr'>γ’</span> <span class='ocrx_word' id='word_1_213' title='bbox 1149 2513 1276 2593; x_wconf 81' lang='grc' dir='ltr'>άμύνων</span> 
     </span>
     <span class='ocr_line' id='line_1_23' title="bbox 165 2615 1269 2704; baseline -0.002 -24"><span class='ocrx_word' id='word_1_214' title='bbox 165 2615 325 2681; x_wconf 84' lang='lat' dir='ltr'>Reiskius.</span> <span class='ocrx_word' id='word_1_215' title='bbox 369 2618 451 2695; x_wconf 83' lang='lat' dir='ltr'>Quae</span> <span class='ocrx_word' id='word_1_216' title='bbox 473 2631 661 2704; x_wconf 85' lang='lat' dir='ltr'>sequnntur,</span> <span class='ocrx_word' id='word_1_217' title='bbox 685 2616 728 2680; x_wconf 90' lang='lat' dir='ltr'>sic</span> <span class='ocrx_word' id='word_1_218' title='bbox 750 2616 888 2703; x_wconf 85' lang='lat' dir='ltr'>corrige:</span> <span class='ocrx_word' id='word_1_219' title='bbox 912 2621 974 2681; x_wconf 91' lang='grc' dir='ltr'>ΟΡ.</span> <span class='ocrx_word' id='word_1_220' title='bbox 990 2617 1049 2698; x_wconf 71' lang='lat' dir='ltr'>tyn</span> <span class='ocrx_word' id='word_1_221' title='bbox 1066 2617 1100 2678; x_wconf 76' lang='grc' dir='ltr'>δὲ</span> <span class='ocrx_word' id='word_1_222' title='bbox 1113 2616 1200 2697; x_wconf 80' lang='grc' dir='ltr'>μητρὶ</span> <span class='ocrx_word' id='word_1_223' title='bbox 1216 2621 1269 2678; x_wconf 82' lang='grc' dir='ltr'>τοῦ</span> 
     </span>
     <span class='ocr_line' id='line_1_24' title="bbox 167 2716 1272 2806; baseline 0 -24"><span class='ocrx_word' id='word_1_224' title='bbox 167 2717 262 2800; x_wconf 86' lang='grc' dir='ltr'>φόνου</span> <span class='ocrx_word' id='word_1_225' title='bbox 277 2720 362 2782; x_wconf 70' lang='lat' dir='ltr'>hoico</span> <span class='ocrx_word' id='word_1_226' title='bbox 377 2719 466 2785; x_wconf 81' lang='grc' dir='ltr'>δίκας.</span> <span class='ocrx_word' id='word_1_227' title='bbox 513 2724 579 2783; x_wconf 83' lang='grc' dir='ltr'>ΗΛ.</span> <span class='ocrx_word' id='word_1_228' title='bbox 604 2723 644 2806; x_wconf 74' lang='grc' dir='ltr'>τῷ</span> <span class='ocrx_word' id='word_1_229' title='bbox 667 2717 690 2783; x_wconf 90' lang='grc' dir='ltr'>δ’</span> <span class='ocrx_word' id='word_1_230' title='bbox 708 2721 755 2793; x_wconf 83' lang='grc' dir='ltr'>αδ,</span> <span class='ocrx_word' id='word_1_231' title='bbox 771 2717 910 2806; x_wconf 75' lang='grc' dir='ltr'>πατρῴαν</span> <span class='ocrx_word' id='word_1_232' title='bbox 932 2720 1078 2800; x_wconf 76' lang='grc' dir='ltr'>διαμεθεὶς</span> <span class='ocrx_word' id='word_1_233' title='bbox 1099 2716 1272 2799; x_wconf 77' lang='grc' dir='ltr'>τιμωρίαν.”</span> 
     </span>
     <span class='ocr_line' id='line_1_25' title="bbox 169 2821 273 2885; baseline -0.019 0"><span class='ocrx_word' id='word_1_234' title='bbox 169 2821 273 2885; x_wconf 88' lang='lat' dir='ltr'><strong>POR.</strong></span> 
     </span>
    </p>

    <p class='ocr_par' dir='ltr' id='par_1_5' title="bbox 167 2922 1272 3111">
     <span class='ocr_line' id='line_1_26' title="bbox 213 2922 1272 3011; baseline 0.003 -25"><span class='ocrx_word' id='word_1_235' title='bbox 213 2924 303 2989; x_wconf 91' lang='grc'>1626.</span> <span class='ocrx_word' id='word_1_236' title='bbox 321 2924 379 3004; x_wconf 69' lang='lat' dir='ltr'>tyn</span> <span class='ocrx_word' id='word_1_237' title='bbox 395 2948 426 2987; x_wconf 89' lang='grc' dir='ltr'>τε</span> <span class='ocrx_word' id='word_1_238' title='bbox 443 2923 529 2989; x_wconf 89' lang='lat' dir='ltr'>Flor.</span> <span class='ocrx_word' id='word_1_239' title='bbox 546 2947 636 2988; x_wconf 93' lang='lat' dir='ltr'>nnus.</span> <span class='ocrx_word' id='word_1_240' title='bbox 661 2924 845 3011; x_wconf 84' lang='lat' dir='ltr'>Legehatur</span> <span class='ocrx_word' id='word_1_241' title='bbox 860 2926 920 3008; x_wconf 76' lang='grc' dir='ltr'>έγδ</span> <span class='ocrx_word' id='word_1_242' title='bbox 936 2922 971 2989; x_wconf 83' lang='grc' dir='ltr'>δ’.</span> <span class='ocrx_word' id='word_1_243' title='bbox 1000 2924 1117 2988; x_wconf 86' lang='lat' dir='ltr'>Electr.</span> <span class='ocrx_word' id='word_1_244' title='bbox 1129 2943 1202 3008; x_wconf 78' lang='lat'><strong>333.</strong></span> <span class='ocrx_word' id='word_1_245' title='bbox 1219 2927 1272 2989; x_wconf 78' lang='lat' dir='ltr'>ool</span> 
     </span>
     <span class='ocr_line' id='line_1_27' title="bbox 167 3023 1104 3111; baseline 0 -24"><span class='ocrx_word' id='word_1_246' title='bbox 167 3023 190 3087; x_wconf 91' lang='grc' dir='ltr'>τ’</span> <span class='ocrx_word' id='word_1_247' title='bbox 208 3025 240 3088; x_wconf 77' lang='grc' dir='ltr'>εὖ</span> <span class='ocrx_word' id='word_1_248' title='bbox 255 3023 395 3088; x_wconf 89' lang='grc' dir='ltr'>λέλεκται</span> <span class='ocrx_word' id='word_1_249' title='bbox 412 3026 459 3089; x_wconf 84' lang='grc' dir='ltr'>καὶ</span> <span class='ocrx_word' id='word_1_250' title='bbox 473 3028 510 3090; x_wconf 71' lang='grc' dir='ltr'>τὰ</span> <span class='ocrx_word' id='word_1_251' title='bbox 524 3025 606 3090; x_wconf 79' lang='grc' dir='ltr'>τῶνδ’</span> <span class='ocrx_word' id='word_1_252' title='bbox 623 3027 715 3111; x_wconf 81' lang='grc' dir='ltr'>οδχῶ,</span> <span class='ocrx_word' id='word_1_253' title='bbox 732 3028 832 3110; x_wconf 84' lang='grc' dir='ltr'>γέρον,</span> <span class='ocrx_word' id='word_1_254' title='bbox 848 3026 956 3091; x_wconf 83' lang='grc' dir='ltr'>τοιαῦτ’</span> <span class='ocrx_word' id='word_1_255' title='bbox 972 3027 1104 3090; x_wconf 78' lang='grc' dir='ltr'>ἔσεσθαι.</span> 
     </span>
    </p>

    <p class='ocr_par' dir='ltr' id='par_1_6' title="bbox 164 3126 1272 4448">
     <span class='ocr_line' id='line_1_28' title="bbox 213 3126 1271 3212; baseline 0.001 -23"><span class='ocrx_word' id='word_1_256' title='bbox 213 3127 305 3190; x_wconf 84' lang='grc'>1628.</span> <span class='ocrx_word' id='word_1_257' title='bbox 325 3127 403 3191; x_wconf 92' lang='lat' dir='ltr'>Ald.</span> <span class='ocrx_word' id='word_1_258' title='bbox 426 3144 456 3193; x_wconf 90' lang='lat' dir='ltr'>et</span> <span class='ocrx_word' id='word_1_259' title='bbox 477 3130 576 3193; x_wconf 87' lang='lat' dir='ltr'><strong>MSS.</strong></span> <span class='ocrx_word' id='word_1_260' title='bbox 599 3128 684 3195; x_wconf 86' lang='grc' dir='ltr'>τόνδε</span> <span class='ocrx_word' id='word_1_261' title='bbox 706 3130 731 3193; x_wconf 82' lang='grc' dir='ltr'>δ’</span> <span class='ocrx_word' id='word_1_262' title='bbox 748 3131 780 3198; x_wconf 81' lang='grc' dir='ltr'>δς</span> <span class='ocrx_word' id='word_1_263' title='bbox 801 3131 922 3212; x_wconf 81' lang='grc' dir='ltr'>πέρσων</span> <span class='ocrx_word' id='word_1_264' title='bbox 943 3126 1032 3192; x_wconf 87' lang='grc' dir='ltr'>πάλιν</span> <span class='ocrx_word' id='word_1_265' title='bbox 1055 3130 1192 3208; x_wconf 84' lang='grc' dir='ltr'>Πατρίδα</span> <span class='ocrx_word' id='word_1_266' title='bbox 1214 3127 1271 3191; x_wconf 79' lang='grc' dir='ltr'>σὺν</span> 
     </span>
     <span class='ocr_line' id='line_1_29' title="bbox 166 3228 1272 3310; baseline -0.002 -14"><span class='ocrx_word' id='word_1_267' title='bbox 166 3232 273 3297; x_wconf 89' lang='grc' dir='ltr'>άλλοις</span> <span class='ocrx_word' id='word_1_268' title='bbox 295 3229 370 3310; x_wconf 73' lang='grc' dir='ltr'>ἦλθε</span> <span class='ocrx_word' id='word_1_269' title='bbox 392 3233 594 3300; x_wconf 81' lang='grc' dir='ltr'>Πολυνείκους</span> <span class='ocrx_word' id='word_1_270' title='bbox 615 3233 711 3297; x_wconf 87' lang='grc' dir='ltr'>νέκυν·</span> <span class='ocrx_word' id='word_1_271' title='bbox 736 3232 790 3296; x_wconf 90' lang='lat' dir='ltr'>ubi</span> <span class='ocrx_word' id='word_1_272' title='bbox 810 3233 866 3297; x_wconf 77' lang='grc' dir='ltr'>σὺν</span> <span class='ocrx_word' id='word_1_273' title='bbox 891 3234 996 3298; x_wconf 81' lang='grc' dir='ltr'>ἄλλοις</span> <span class='ocrx_word' id='word_1_274' title='bbox 1020 3252 1091 3294; x_wconf 91' lang='lat' dir='ltr'>cum</span> <span class='ocrx_word' id='word_1_275' title='bbox 1115 3230 1155 3293; x_wconf 91' lang='lat' dir='ltr'>sit</span> <span class='ocrx_word' id='word_1_276' title='bbox 1178 3228 1272 3294; x_wconf 81' lang='lat' dir='ltr'>valde</span> 
     </span>
     <span class='ocr_line' id='line_1_30' title="bbox 165 3332 1270 3425; baseline -0.001 -27"><span class='ocrx_word' id='word_1_277' title='bbox 165 3333 328 3420; x_wconf 77' lang='lat' dir='ltr'>frigidum,</span> <span class='ocrx_word' id='word_1_278' title='bbox 344 3335 399 3398; x_wconf 75' lang='grc' dir='ltr'>σὺν</span> <span class='ocrx_word' id='word_1_279' title='bbox 414 3335 520 3402; x_wconf 81' lang='grc' dir='ltr'>ὅπλοις</span> <span class='ocrx_word' id='word_1_280' title='bbox 534 3336 658 3423; x_wconf 89' lang='lat' dir='ltr'>conjicit</span> <span class='ocrx_word' id='word_1_281' title='bbox 674 3337 821 3425; x_wconf 89' lang='lat' dir='ltr'>Kiugius‚</span> <span class='ocrx_word' id='word_1_282' title='bbox 838 3336 953 3424; x_wconf 88' lang='lat' dir='ltr'>recepit</span> <span class='ocrx_word' id='word_1_283' title='bbox 969 3332 1157 3399; x_wconf 86' lang='lat' dir='ltr'>Brunckius.</span> <span class='ocrx_word' id='word_1_284' title='bbox 1190 3335 1270 3399; x_wconf 89' lang='lat' dir='ltr'>Vul-</span> 
     </span>
     <span class='ocr_line' id='line_1_31' title="bbox 164 3435 1271 3523; baseline 0.002 -23"><span class='ocrx_word' id='word_1_285' title='bbox 164 3452 273 3523; x_wconf 81' lang='lat' dir='ltr'>gutum</span> <span class='ocrx_word' id='word_1_286' title='bbox 289 3435 431 3502; x_wconf 85' lang='lat' dir='ltr'>defendit</span> <span class='ocrx_word' id='word_1_287' title='bbox 445 3436 677 3503; x_wconf 79' lang='lat' dir='ltr'>Valckenaerius</span> <span class='ocrx_word' id='word_1_288' title='bbox 691 3462 730 3502; x_wconf 86' lang='lat' dir='ltr'>ex</span> <span class='ocrx_word' id='word_1_289' title='bbox 748 3440 844 3504; x_wconf 91' lang='lat' dir='ltr'>Herc.</span> <span class='ocrx_word' id='word_1_290' title='bbox 861 3441 940 3502; x_wconf 84' lang='lat' dir='ltr'>Fur.</span> <span class='ocrx_word' id='word_1_291' title='bbox 960 3439 1051 3501; x_wconf 86' lang='lat'><strong>1166.</strong></span> <span class='ocrx_word' id='word_1_292' title='bbox 1069 3437 1128 3516; x_wconf 82' lang='grc' dir='ltr'>ἥκω</span> <span class='ocrx_word' id='word_1_293' title='bbox 1144 3437 1202 3501; x_wconf 81' lang='grc' dir='ltr'>σὺν</span> <span class='ocrx_word' id='word_1_294' title='bbox 1217 3440 1271 3502; x_wconf 89' lang='grc' dir='ltr'>άλ-</span> 
     </span>
     <span class='ocr_line' id='line_1_32' title="bbox 165 3537 1271 3622; baseline 0.003 -19"><span class='ocrx_word' id='word_1_295' title='bbox 165 3548 241 3614; x_wconf 87' lang='grc' dir='ltr'>λοις,</span> <span class='ocrx_word' id='word_1_296' title='bbox 258 3541 287 3605; x_wconf 89' lang='lat' dir='ltr'>ot</span> <span class='ocrx_word' id='word_1_297' title='bbox 301 3537 369 3621; x_wconf 86' lang='grc' dir='ltr'>παρ’</span> <span class='ocrx_word' id='word_1_298' title='bbox 384 3538 526 3604; x_wconf 80' lang='grc' dir='ltr'>Ἀσωποῦ</span> <span class='ocrx_word' id='word_1_299' title='bbox 538 3543 612 3622; x_wconf 76' lang='grc' dir='ltr'>ῥοᾶς</span> <span class='ocrx_word' id='word_1_300' title='bbox 626 3542 783 3606; x_wconf 88' lang='grc' dir='ltr'>Μέυουσιν</span> <span class='ocrx_word' id='word_1_301' title='bbox 794 3541 928 3606; x_wconf 83' lang='grc' dir='ltr'>ἔνοπλοι.</span> <span class='ocrx_word' id='word_1_302' title='bbox 956 3539 1017 3604; x_wconf 89' lang='lat' dir='ltr'>Sed</span> <span class='ocrx_word' id='word_1_303' title='bbox 1033 3539 1077 3603; x_wconf 91' lang='lat' dir='ltr'>ibi</span> <span class='ocrx_word' id='word_1_304' title='bbox 1092 3539 1150 3604; x_wconf 78' lang='lat' dir='ltr'>olm</span> <span class='ocrx_word' id='word_1_305' title='bbox 1165 3543 1271 3606; x_wconf 90' lang='grc' dir='ltr'>άλλοις</span> 
     </span>
     <span class='ocr_line' id='line_1_33' title="bbox 166 3641 1268 3730; baseline -0.002 -24"><span class='ocrx_word' id='word_1_306' title='bbox 166 3664 228 3706; x_wconf 94' lang='lat' dir='ltr'>non</span> <span class='ocrx_word' id='word_1_307' title='bbox 244 3642 386 3706; x_wconf 85' lang='lat' dir='ltr'>absolute</span> <span class='ocrx_word' id='word_1_308' title='bbox 408 3642 546 3729; x_wconf 88' lang='lat' dir='ltr'>ponitur.</span> <span class='ocrx_word' id='word_1_309' title='bbox 571 3645 628 3708; x_wconf 81' lang='grc' dir='ltr'>σὺν</span> <span class='ocrx_word' id='word_1_310' title='bbox 647 3645 752 3710; x_wconf 82' lang='grc' dir='ltr'>ὅπλοις</span> <span class='ocrx_word' id='word_1_311' title='bbox 766 3643 863 3730; x_wconf 92' lang='lat' dir='ltr'>igitur</span> <span class='ocrx_word' id='word_1_312' title='bbox 877 3642 1090 3729; x_wconf 87' lang='lat' dir='ltr'>recipiendum</span> <span class='ocrx_word' id='word_1_313' title='bbox 1106 3657 1196 3719; x_wconf 88' lang='lat' dir='ltr'>esset,</span> <span class='ocrx_word' id='word_1_314' title='bbox 1211 3641 1268 3704; x_wconf 88' lang='lat' dir='ltr'>nisi</span> 
     </span>
     <span class='ocr_line' id='line_1_34' title="bbox 167 3744 1269 3832; baseline -0.004 -22"><span class='ocrx_word' id='word_1_315' title='bbox 167 3759 235 3810; x_wconf 88' lang='lat' dir='ltr'>tota</span> <span class='ocrx_word' id='word_1_316' title='bbox 260 3744 400 3809; x_wconf 81' lang='lat' dir='ltr'>clausula</span> <span class='ocrx_word' id='word_1_317' title='bbox 425 3744 532 3832; x_wconf 86' lang='lat' dir='ltr'>spuria</span> <span class='ocrx_word' id='word_1_318' title='bbox 556 3762 644 3810; x_wconf 90' lang='lat' dir='ltr'>esset.</span> <span class='ocrx_word' id='word_1_319' title='bbox 688 3746 768 3824; x_wconf 85' lang='lat' dir='ltr'>Quis</span> <span class='ocrx_word' id='word_1_320' title='bbox 793 3745 874 3810; x_wconf 88' lang='lat' dir='ltr'>enim</span> <span class='ocrx_word' id='word_1_321' title='bbox 898 3745 978 3809; x_wconf 88' lang='lat' dir='ltr'>dixit</span> <span class='ocrx_word' id='word_1_322' title='bbox 1004 3744 1095 3809; x_wconf 86' lang='grc' dir='ltr'>πάλιν</span> <span class='ocrx_word' id='word_1_323' title='bbox 1121 3745 1269 3826; x_wconf 69' lang='grc' dir='ltr'>πατρίδαδ</span> 
     </span>
     <span class='ocr_line' id='line_1_35' title="bbox 169 3846 1269 3931; baseline -0.003 -20"><span class='ocrx_word' id='word_1_324' title='bbox 169 3846 293 3911; x_wconf 91' lang='lat' dir='ltr'>Deinde</span> <span class='ocrx_word' id='word_1_325' title='bbox 315 3869 437 3910; x_wconf 87' lang='lat' dir='ltr'>summa</span> <span class='ocrx_word' id='word_1_326' title='bbox 458 3870 528 3911; x_wconf 90' lang='lat' dir='ltr'>curn</span> <span class='ocrx_word' id='word_1_327' title='bbox 553 3847 704 3912; x_wconf 82' lang='lat' dir='ltr'>brevitate</span> <span class='ocrx_word' id='word_1_328' title='bbox 726 3848 873 3912; x_wconf 84' lang='lat' dir='ltr'>mandata</span> <span class='ocrx_word' id='word_1_329' title='bbox 895 3872 952 3912; x_wconf 88' lang='lat' dir='ltr'>sua</span> <span class='ocrx_word' id='word_1_330' title='bbox 967 3848 1022 3911; x_wconf 85' lang='lat' dir='ltr'>dat</span> <span class='ocrx_word' id='word_1_331' title='bbox 1037 3850 1152 3921; x_wconf 80' lang='lat' dir='ltr'>Creon,</span> <span class='ocrx_word' id='word_1_332' title='bbox 1168 3869 1269 3931; x_wconf 92' lang='lat' dir='ltr'>neque</span> 
     </span>
     <span class='ocr_line' id='line_1_36' title="bbox 167 3948 1270 4015; baseline -0.004 -1"><span class='ocrx_word' id='word_1_333' title='bbox 167 3949 341 4014; x_wconf 84' lang='lat' dir='ltr'>rationibus</span> <span class='ocrx_word' id='word_1_334' title='bbox 356 3949 524 4013; x_wconf 86' lang='lat' dir='ltr'>reddendis</span> <span class='ocrx_word' id='word_1_335' title='bbox 537 3949 730 4014; x_wconf 87' lang='lat' dir='ltr'>immoratur.</span> <span class='ocrx_word' id='word_1_336' title='bbox 776 3952 933 4015; x_wconf 82' lang='lat' dir='ltr'>Praeteren</span> <span class='ocrx_word' id='word_1_337' title='bbox 951 3950 975 4013; x_wconf 92' lang='lat' dir='ltr'>si</span> <span class='ocrx_word' id='word_1_338' title='bbox 998 3950 1149 4015; x_wconf 79' lang='lat' dir='ltr'>rationem</span> <span class='ocrx_word' id='word_1_339' title='bbox 1166 3948 1270 4011; x_wconf 87' lang='lat' dir='ltr'>reddi-</span> 
     </span>
     <span class='ocr_line' id='line_1_37' title="bbox 166 4050 1269 4140; baseline -0.004 -23"><span class='ocrx_word' id='word_1_340' title='bbox 166 4052 272 4128; x_wconf 80' lang='lat' dir='ltr'>disset,</span> <span class='ocrx_word' id='word_1_341' title='bbox 281 4074 379 4139; x_wconf 86' lang='lat' dir='ltr'>quare</span> <span class='ocrx_word' id='word_1_342' title='bbox 389 4051 560 4137; x_wconf 87' lang='lat' dir='ltr'>Polynicen</span> <span class='ocrx_word' id='word_1_343' title='bbox 577 4053 739 4139; x_wconf 79' lang='lat' dir='ltr'>sepultura</span> <span class='ocrx_word' id='word_1_344' title='bbox 750 4053 892 4140; x_wconf 83' lang='lat' dir='ltr'>privarit,</span> <span class='ocrx_word' id='word_1_345' title='bbox 905 4052 1054 4116; x_wconf 83' lang='lat' dir='ltr'>rationem</span> <span class='ocrx_word' id='word_1_346' title='bbox 1064 4073 1191 4138; x_wconf 90' lang='lat' dir='ltr'>quoque</span> <span class='ocrx_word' id='word_1_347' title='bbox 1201 4050 1269 4113; x_wconf 88' lang='lat' dir='ltr'>red-</span> 
     </span>
     <span class='ocr_line' id='line_1_38' title="bbox 165 4152 1268 4242; baseline -0.004 -23"><span class='ocrx_word' id='word_1_348' title='bbox 165 4154 306 4234; x_wconf 83' lang='lat' dir='ltr'>didisset,</span> <span class='ocrx_word' id='word_1_349' title='bbox 315 4177 412 4242; x_wconf 84' lang='lat' dir='ltr'>qunre</span> <span class='ocrx_word' id='word_1_350' title='bbox 423 4152 582 4218; x_wconf 85' lang='lat' dir='ltr'>Eteoclem</span> <span class='ocrx_word' id='word_1_351' title='bbox 595 4154 765 4232; x_wconf 85' lang='lat' dir='ltr'>honorarit,</span> <span class='ocrx_word' id='word_1_352' title='bbox 776 4170 811 4219; x_wconf 90' lang='lat' dir='ltr'>ut</span> <span class='ocrx_word' id='word_1_353' title='bbox 823 4155 897 4219; x_wconf 84' lang='lat' dir='ltr'>facit</span> <span class='ocrx_word' id='word_1_354' title='bbox 908 4154 993 4242; x_wconf 83' lang='lat' dir='ltr'>apud</span> <span class='ocrx_word' id='word_1_355' title='bbox 1008 4152 1149 4240; x_wconf 85' lang='lat' dir='ltr'>AEsclryl.</span> <span class='ocrx_word' id='word_1_356' title='bbox 1164 4153 1268 4216; x_wconf 89' lang='lat' dir='ltr'>Theb.</span> 
     </span>
     <span class='ocr_line' id='line_1_39' title="bbox 170 4254 1269 4344; baseline -0.003 -23"><span class='ocrx_word' id='word_1_357' title='bbox 170 4277 390 4343; x_wconf 81' lang='lat'><strong>1015-1032.</strong></span> <span class='ocrx_word' id='word_1_358' title='bbox 415 4256 561 4343; x_wconf 88' lang='lat' dir='ltr'>Sophocl.</span> <span class='ocrx_word' id='word_1_359' title='bbox 589 4259 905 4344; x_wconf 86' lang='lat' dir='ltr'>Antig.194-2o6.</span> <span class='ocrx_word' id='word_1_360' title='bbox 952 4258 1018 4322; x_wconf 89' lang='lat' dir='ltr'>Nec</span> <span class='ocrx_word' id='word_1_361' title='bbox 1045 4255 1158 4318; x_wconf 85' lang='lat' dir='ltr'>mirum</span> <span class='ocrx_word' id='word_1_362' title='bbox 1185 4254 1269 4318; x_wconf 85' lang='lat' dir='ltr'>hunc</span> 
     </span>
     <span class='ocr_line' id='line_1_40' title="bbox 165 4356 1268 4448; baseline -0.001 -25"><span class='ocrx_word' id='word_1_363' title='bbox 165 4359 267 4425; x_wconf 88' lang='lat' dir='ltr'>locum</span> <span class='ocrx_word' id='word_1_364' title='bbox 283 4358 474 4447; x_wconf 81' lang='lat' dir='ltr'>interpolari,</span> <span class='ocrx_word' id='word_1_365' title='bbox 488 4380 560 4424; x_wconf 89' lang='lat' dir='ltr'>cum</span> <span class='ocrx_word' id='word_1_366' title='bbox 583 4358 704 4446; x_wconf 85' lang='lat' dir='ltr'>integer</span> <span class='ocrx_word' id='word_1_367' title='bbox 724 4359 888 4448; x_wconf 85' lang='lat' dir='ltr'>Sophoclis</span> <span class='ocrx_word' id='word_1_368' title='bbox 903 4381 1011 4424; x_wconf 81' lang='lat' dir='ltr'>versus</span> <span class='ocrx_word' id='word_1_369' title='bbox 1032 4381 1071 4422; x_wconf 81' lang='lat' dir='ltr'>ex</span> <span class='ocrx_word' id='word_1_370' title='bbox 1087 4356 1199 4444; x_wconf 88' lang='lat' dir='ltr'>Antig.</span> <span class='ocrx_word' id='word_1_371' title='bbox 1217 4375 1268 4443; x_wconf 86' lang='lat'>29.</span> 
     </span>
    </p>
   </div>
   <div class='ocr_carea' id='block_1_4' title="bbox 0 0 1439 4914">
    <p class='ocr_par' dir='ltr' id='par_1_7' title="bbox 0 0 1439 4914">
     <span class='ocr_line' id='line_1_41' title="bbox 0 0 1439 4914; baseline 0 0"><span class='ocrx_word' id='word_1_372' title='bbox 0 0 1439 4914; x_wconf 95' lang='lat' dir='ltr'> </span> 
     </span>
    </p>
   </div>
  </div>
 </body>
</html>
