2864 4914
177 248 242 320 296
543 253 924 319 ANNOTATIONES

222 422 296 486 628.
314 422 468 510 προσθεὶς]
485 424 605 508 προθεὶς
620 426 665 487 H.
681 437 712 489 et
727 424 876 489 Eustath.
891 448 923 511 p.
941 443 1014 507 742,
1029 427 1085 510 56.

223 526 393 609 κᾶκθρέφας
408 528 481 590 Por.
500 529 582 593 Β.Ι).
601 528 685 592 Flor.
704 549 754 592 10.
774 549 821 612 15.
846 527 952 614 Vulgo
968 529 1016 592 καὶ
1031 528 1156 610 θρέψας.

223 629 296 713 630.
313 631 417 714 κακόν]
436 633 531 712 φυτόν
548 633 620 695 Par.
637 633 771 696 A.B.D.
786 646 818 696 et
833 630 929 695 schol.

223 735 296 819 631.
320 735 398 798 Post
419 733 540 816 γέγηθε,
564 734 648 822 quod
672 757 744 800 cum
766 733 930 822 participio
952 733 1122 816 προστιθεὶς
1146 730 1186 795 sit
1204 753 1282 796 con⁴

179 835 376 914 struendum,
392 835 470 900 male
487 837 584 924 vulgo
598 860 718 901 comma
734 836 808 924 poni
823 834 945 900 monuit
962 836 1003 899 L.
1016 834 1210 899 Dindorfius.

223 938 295 1023 633.
319 939 471 1018 δύστηνος,
488 942 586 1019 ὄλβον
600 940 741 1022 δωμάτων
754 940 921 1024 ῦπεξελιθν]
948 939 1047 1001 Hunc
1063 960 1187 1002 versum
1211 959 1280 1001 sus-

178 1054 304 1127 pectum
328 1040 439 1106 habuit
461 1042 694 1121 Valckenarius,
722 1057 804 1107 recte
830 1064 958 1106 monens
980 1063 1042 1104 non
1068 1039 1279 1105 desideratum

177 1141 228 1219 iri,
244 1144 267 1206 si
284 1142 415 1209 abesset.

222 1249 296 1335 636.
312 1247 336 1312 δ’
352 1271 413 1312 om.
431 1250 504 1313 Par.
521 1251 565 1314 A.

222 1351 296 1435 638.
319 1350 353 1415 τὸ
367 1354 460 1432 μηδὲν
474 1351 608 1416 subaud.
624 1353 710 1415 οῦσα.
733 1372 784 1415 rea
798 1350 904 1426 nihili,
918 1350 1039 1413 nullius
1050 1350 1216 1422 momenti3
1239 1347 1281 1412 de

178 1476 310 1540 persona
325 1453 444 1518 dictum
467 1472 524 1533 est,
548 1469 583 1519 ut
600 1455 631 1519 in
657 1453 790 1542 Cyclop.
804 1472 880 1538 353.
904 1456 964 1516 Ζεῦ
984 1449 1066 1531 ξένί,
1082 1452 1138 1533 ὅρα
1157 1450 1230 1515 τάδ’·
1253 1454 1282 1515 εί

179 1558 237 1640 γὰρ
261 1557 335 1620 αὐτὰ
359 1557 399 1636 μὴ
422 1557 557 1637 βλέπεις,
581 1559 682 1624 ἄλλως
705 1557 825 1637 νομίζει,
853 1560 921 1628 Ζεῦ,
948 1556 982 1619 τὸ
1007 1557 1099 1635 μηδὲν
1124 1553 1176 1627 ὢν,
1201 1555 1281 1620 θεός.

180 1659 259 1722 Τιο.
276 1661 351 1738 416.
367 1660 465 1724 Οὐδέν
487 1685 515 1723 τι
538 1661 666 1741 κρείσσω
681 1665 741 1722 τῶν
762 1658 796 1723 τὸ
813 1660 906 1739 μηδὲν
927 1657 965 1738 ἦν
986 1659 1053 1739 ἄρα.
1078 1656 1130 1720 ubi
1153 1656 1279 1744 partici-

179 1759 278 1846 pium,
306 1775 341 1825 ut
370 1759 431 1838 hie,
463 1761 679 1848 supprimitur.
718 1759 938 1825 Consulendus
966 1774 1012 1825 est
1041 1759 1210 1825 Elmsleius
1237 1759 1280 1823 ad

181 1862 308 1926 Hemcl.
328 1863 398 1928 168.
424 1865 574 1928 MONK.

224 1967 296 2045 641.
314 1965 387 2053 χρή]
403 1971 480 2050 χρῆν
495 1965 582 2030 Flor.
600 1985 630 2032 2.
650 1983 697 2052 15.
715 1968 759 2030 H.
777 1965 856 2030 Ald.
882 1967 922 2030 In
939 1967 1030 2031 Lasc.
1048 1964 1161 2049 γυναῖκ’
1177 1967 1280 2049 ἐχρῆν.

225 2072 298 2149 642.
337 2074 501 2152 κακοῦργον
538 2071 612 2134 Par.
653 2071 695 2136 A.
710 2071 804 2134 B.D.
832 2068 917 2132 Flor.
944 2071 987 2133 A.
1014 2087 1065 2133 10.
1090 2071 1137 2133 H.
1174 2067 1280 2156 Vulgo

178 2176 358 2252 πανοῦργον.

222 2273 297 2355 644.
319 2279 425 2357 μωρία,
438 2277 649 2363 impudicitia,
664 2274 714 2341 vel
727 2275 844 2348 titiam
867 2296 933 2361 qua
947 2271 1171 2360 significatione
1189 2271 1277 2336 edhi-

179 2377 272 2441 betur
294 2377 385 2442 etiam
409 2379 440 2442 in
465 2380 535 2443 Ion.
549 2396 625 2465 557.
673 2378 723 2443 Sic
743 2401 870 2465 quoque
891 2377 926 2442 τὸ
946 2384 1046 2459 μῦρον
1067 2376 1138 2439 infr.
1154 2400 1186 2440 v.
1202 2393 1276 2460 970.

180 2480 308 2566 Fragm.
332 2479 466 2568 Dictyos
487 2480 573 2568 apud
595 2481 755 2546 Stobaeum
779 2504 810 2567 p.
831 2501 902 2565 149.
918 2481 967 2545 ed.
984 2481 1077 2545 Gnot.
1093 2482 1145 2545 καί
1162 2478 1191 2561 μ’
1208 2481 1281 2562 ἔρως

181 2582 247 2645 ἕλοι
261 2585 344 2657 ποτὲ,
361 2584 425 2648 Οὐκ
440 2586 481 2650 εἰς
496 2583 529 2647 τὸ
543 2590 642 2665 μῦρον
657 2583 726 2647 οὐδέ
739 2581 768 2664 μ’
785 2586 827 2650 εἰς
843 2585 956 2666 Κύπριν
970 2582 1095 2665 τρέπων.
1122 2581 1279 2648 Androm.

181 2686 254 2764 674.
282 2685 320 2751 ὡς
346 2682 370 2748 δ’
395 2687 487 2752 οὕτως
510 2684 585 2767 ἀνὴρ
614 2691 742 2751 Γυναῖκα
767 2687 976 2766 μωραίνουσαν
1004 2687 1038 2750 ἐν
1061 2687 1160 2767 δόμοιο
1189 2687 1281 2772 ἔχων.

182 2787 330 2851 ΜΟΝΚ.

226 2891 298 2973 645·
315 2890 404 2972 νῦν]
421 2889 479 2972 χρὴ
495 2892 568 2953 Par.
587 2891 631 2954 A,

224 2997 349 3072 γυναῖκα
364 2992 436 3056 Par.
454 2995 495 3055 A.
519 2991 625 3080 Vulgo
640 2999 792 3075 γυναῖκας.

223 3096 295 3176 648.
314 3097 435 3159 ἐκείνων
449 3094 540 3160 codd.
555 3112 586 3161 et
602 3097 693 3161 Lasc.
718 3099 831 3161 ἐκείνου
847 3096 923 3161 Ald.

225 3200 299 3281 654.
317 3199 359 3282 ἐς]
380 3199 479 3262 Recte
494 3201 535 3265 εἰς
550 3197 628 3262 Ald.

225 3303 244 3362 6
246 3319 299 3384 57.
314 3300 479 3388 ἄφρακτος]
497 3302 702 3367 scribendum
719 3303 878 3383 ἄφαρκτοο.

221 3400 348 3489 ᾑρέθην]
373 3402 541 3468 Pietsonus
558 3403 697 3467 Verisim.
712 3424 743 3488 p.
762 3405 815 3486 63.
855 3401 945 3466 Libri
969 3403 1102 3484 εῦρέθην.
1140 3405 1280 3470 Piersoni

180 3504 427 3568 emendationem
443 3506 606 3570 confirmat
627 3503 800 3583 scholiasta,
815 3504 872 3591 qui
894 3506 1029 3588 ἐλήφθην
1048 3507 1280 3596 interpretatur.
1303 3591 1305 3595 ,

181 3609 328 3687 αἱρεῖσθαι
350 3607 409 3670 ltoc
431 3631 522 3672 sensu
541 3608 661 3672 dictum
686 3606 799 3672 Helen.
819 3612 911 3673 1621.
927 3607 1143 3691 ὦγνναικείαις
1164 3611 1282 3696 τέχναι-

181 3735 232 3773 σιν
247 3711 372 3790 αίρεθεὶς
388 3713 446 3791 ἐγὼ
460 3712 571 3778 τάλαςέ
595 3711 718 3775 arlibua
732 3712 901 3775 mulierum
920 3712 1162 3777 circumventam.
1200 3716 1222 3777 J
1226 3737 1281 3778 un-

180 3809 284 3896 genda
297 3812 394 3892 ὅρκοις
408 3809 517 3893 ᾑρέθην
534 3815 694 3894 ίίφρακτος,
709 3812 752 3878 ita
769 3828 804 3876 ut
818 3811 1007 3899 adjectivum
1023 3801 1181 3880 notionem
1195 3816 1281 3881 vorbi

181 3911 304 3999 planius
318 3913 464 3992 declaret,
480 3917 565 4002 quod
582 3940 663 4001 saepe
679 3917 724 3980 fit.
748 3917 940 3980 MATTH.

225 4017 299 4101 658.
316 4017 424 4101 ἔσχον]
443 4019 576 4102 ἔπεσχον
591 4020 638 4081 Η.

223 4120 263 4198 μὴ
279 4119 313 4183 οῦ
329 4121 401 4183 Par.
418 4122 510 4184 A.H.
535 4121 658 4186 Aberat
673 4123 718 4184 οῦ.

225 4224 298 4286 660.
317 4221 433 4307 ἕξομεν]
455 4225 556 4304 ἕξομαι
571 4225 645 4287 Par.
662 4224 753 4287 Ι).Η.

225 4328 298 4408 669.
324 4324 527 4390 Scribendum
555 4348 617 4388 uno
640 4348 729 4389 versu
754 4327 1039 4410 τάλανες-πότμοι.
1078 4331 1199 4393 Totum
1223 4329 1282 4395 hoc

180 4427 334 4497 canticum
352 4427 496 4493 Pltaedrae
511 4427 619 4491 tribuit
638 4429 710 4492 Par.
726 4431 772 4495 A.
