2864 4914
527 299 595 361 AD
618 298 857 362 MEDEAM..
1168 294 1233 360 265

132 488 186 527 νυν
213 468 374 547 ἐπίμεινον,
398 467 504 550 Ἀρήϊα
532 471 641 553 τεόχεα
671 471 738 534 δύω.
780 475 818 534 Ψ.
845 484 897 551 71.
928 465 1020 532 θάπτε
1045 493 1082 548 με
1114 466 1231 550 (πιαΓιπι

130 565 258 632 θάπτετε
272 569 314 652 μ’)
332 573 377 635 ὅτι
391 569 527 655 τάχιστα,
543 574 639 640 πύλας
652 571 755 637 Ἀίδαο
770 572 899 654 περήσω.
928 569 993 634 Hic
1007 569 1100 634 etiam
1116 570 1233 634 frustra

132 686 214 745 sunt,
231 671 286 756 qni
302 675 351 737 ίνα
365 674 525 738 subaudiri
538 675 740 739 arbitrantur.
765 676 920 738 Revertor
934 672 974 737 ad
987 673 1082 737 verbo
1092 672 1233 754 παρέλθω

131 775 245 850 δόμους,
261 775 377 860 quibus
391 777 514 863 signum
528 776 777 863 interrogationis
789 790 871 841 recte
882 774 1004 839 addidit
1017 773 1231 861 Musgravius.

132 874 276 939 Tandem
300 878 398 964 igitur
412 879 515 944 evadit
530 903 601 944 vera
616 879 779 957 sententia,
795 878 888 944 Shad
910 880 930 940 Ι
950 879 1062 942 enter?
1087 878 1232 941 Incertus

130 977 212 1039 enirn
227 993 274 1043 est
288 981 413 1060 chorus,
428 981 506 1069 qnid
518 981 621 1046 faciat.
662 982 715 1046 Ita
731 996 834 1045 noster
850 981 948 1045 Herc.
967 1000 1061 1064 1109.
1077 979 1232 1060 Γέροντες,

131 1079 210 1143 έλθω
235 1088 294 1145 τῶν
317 1086 396 1163 ἐμῶν
419 1091 515 1149 κακῶν
538 1085 651 1158 πέλας;
690 1086 763 1161 Quo
786 1082 930 1170 exemplo
955 1082 1055 1146 utitur
1071 1083 1232 1147 Matthiae

131 1182 273 1248 Gramm.
291 1186 349 1250 Gr.
375 1188 402 1269 δ.
418 1204 492 1272 515.
510 1188 625 1251 ELM.
666 1186 758 1250 Conf.
782 1208 855 1272 quae
876 1185 916 1250 ad
942 1185 1037 1272 Soph.
1055 1185 1133 1252 OEd.
1159 1185 1230 1249 Col.

132 1286 226 1370 1560.
242 1286 317 1351 dixi.
354 1291 503 1353 Ceterum
520 1288 716 1354 scribendum
735 1312 799 1353 uno
816 1312 905 1353 versu
921 1288 1230 1372 παρέλθω-τέκνοις.

174 1402 267 1473 1279.
288 1389 559 1477 τάλαιν’-ἔτεκες]
586 1394 667 1456 Haec
689 1391 720 1454 in
745 1414 843 1455 unum
859 1414 982 1455 versum
998 1390 1230 1477 conjungenda,

128 1489 183 1576 qni
198 1515 236 1555 ex
252 1492 377 1558 duobus
391 1494 542 1559 dochmiis
557 1510 678 1560 constat
691 1510 723 1559 et
738 1493 865 1581 syllabis
879 1494 1027 1559 brevibus
1040 1509 1203 1581 quattuor.

175 1596 266 1660 1280.
283 1595 319 1659 ὃν
335 1595 502 1662 Seidlerns.
547 1598 732 1684 Legebatur
745 1599 797 1661 ὧν.

175 1697 267 1761 1282.
283 1698 429 1763 Alterum
445 1702 517 1780 μίαν
531 1723 594 1764 om.
611 1702 650 1765 Β.

175 1800 266 1884 1283.
289 1800 402 1882 γυναῖκ’
427 1805 460 1866 ἐν
483 1804 586 1885 φίλοις
610 1802 686 1886 χέρα
706 1809 818 1874 βαλεῖν
843 1801 972 1888 τέκνοις]
1000 1800 1078 1866 Α1ι1.
1103 1810 1230 1885 ηυνοῖκα

129 1903 230 1983 φίλοις
251 1902 327 1985 χέρα
349 1911 538 1986 προσβαλεῖν
558 1906 681 1972 τέκνοις.
716 1906 814 1969 Paris.
839 1906 924 1969 B.D.
946 1911 1093 1989 γυναικῶν
1115 1907 1226 1988 φίλοις.

129 2003 216 2067 Flor.
245 2007 287 2068 A.
317 2006 416 2070 Paris.
443 2010 486 2071 A.
517 2010 614 2072 Rom.
643 2010 685 2071 A.
697 2008 735 2071 B.
766 2014 914 2090 ηυναικῖιν
942 2011 976 2072 ἐν
1005 2010 1106 2090 φίλοις
1141 2016 1230 2092 χεῖρα

128 2112 239 2185 βαλεῖν
264 2107 388 2176 τέκνοις.
436 2111 487 2174 Sic
514 2112 621 2175 ann.
646 2110 703 2174 nisi
728 2109 814 2196 quod
840 2111 867 2173 is
888 2115 999 2190 λαβεῖν
1023 2133 1082 2196 pro
1106 2118 1227 2191 βαλεῖν.

130 2210 221 2274 Lasc.
247 2212 340 2274 Rom.
365 2213 402 2275 C.
430 2211 517 2276 Flor.
543 2233 571 2277 2.
601 2211 716 2295 γυναῖκ’
738 2215 772 2277 ἐν
798 2214 899 2294 φίλοις
928 2219 1015 2295 χεῖρα
1040 2219 1231 2294 προσβαλεῖν

129 2311 251 2379 τέκνοις.
282 2312 395 2394 γυναῖκ’
422 2316 455 2377 ἐν
482 2316 582 2395 φίλοις
606 2314 699 2378 etiam
725 2316 798 2378 Par.
823 2316 866 2377 E.
890 2313 964 2378 Lib.
988 2315 1026 2377 P.
1052 2315 1142 2400 Mag.
1166 2331 1230 2380 tres

130 2413 232 2477 Florr.
256 2414 286 2477 hi
307 2416 398 2479 etiam
415 2423 512 2499 χεῖρα.
535 2417 587 2480 sed
610 2415 742 2497 βάλλειν
759 2437 810 2479 10.
831 2422 943 2494 βαλεῖν
961 2435 1008 2500 15.
1034 2415 1226 2481 MATTH.

130 2518 318 2597 ἐυ-βαλεῖν
332 2541 388 2604 per
403 2519 513 2582 tmesin
529 2543 587 2606 pro
605 2522 764 2600 ἐμβαλεῖν.

175 2620 268 2700 1284.
283 2618 349 2683 Ἰνὼ
363 2627 512 2699 μανεῖσαν
528 2624 560 2685 ἐκ
575 2620 667 2706 θεῶν]
685 2620 790 2686 Schol.
805 2619 873 2684 Ἰνὼ
883 2624 1047 2699 μανεῖσανι
1070 2617 1137 2684 Ἰνὼ
1154 2625 1227 2685 κατδ

128 2722 224 2802 χόλον
238 2722 288 2800 τῆς
297 2721 397 2804 ’Ἥρας
411 2731 550 2804 μανεῖσα,
569 2724 694 2806 ἔρριψεν
708 2725 799 2803 αυτὴν
815 2726 856 2790 είς
870 2723 924 2802 τὴν
939 2721 1101 2786 θάλασσαν
1115 2722 1175 2803 ἅμα
1188 2726 1230 2810 τῷ

128 2825 180 2907 υἱῷ
203 2826 292 2903 αὐτῆς
314 2826 493 2908 Μελικέρτῃ.
528 2829 624 2907 ἐμίσει
638 2829 695 2909 γδρ
710 2826 823 2893 πάντας
844 2825 910 2892 τοὺς
925 2825 1080 2904 Θηβαίους
1100 2823 1226 2907 ἡἯρα,

129 2927 201 2988 διότι
223 2925 291 3007 παρ’
315 2928 414 2994 αὐτοῖς
436 2928 543 3012 ἐτέχθη
567 2931 583 2992 ὁ
605 2931 763 2995 Διόνυσος.
796 2929 844 2992 καί
870 2926 957 2994 αὐτὸς
980 2928 1013 2990 δέ
1039 2928 1054 2989 δ
1082 2930 1229 2995 Διόνυσος

130 3026 252 3107 ἐξέμηνε
274 3032 326 3096 τὰς
347 3031 458 3093 τούτων
479 3037 629 3113 γυναῖκας,
651 3031 690 3112 μὴ
707 3029 912 3113 προσιεμένων
927 3030 1016 3094 αὐτόν
1029 3032 1155 3112 ὕστερον
1169 3037 1229 3095 τῶν

130 3132 285 3209 Θηβαίων,
302 3135 373 3198 ἴσως
389 3135 421 3196 δέ
437 3134 485 3196 καὶ
505 3136 609 3198 τούτου
624 3137 674 3212 τῆς
689 3131 790 3215 Ἥρας
813 3133 1028 3215 ἐργασαμένης.
1062 3135 1091 3197 01
1103 3135 1160 3213 μέν
1175 3136 1230 3198 οὖν

130 3233 281 3313 ἱστοροῦσι
303 3235 343 3317 τῷ
366 3235 447 3298 παιδὶ
468 3241 741 3319 ουγκατενεχθῆνοι
763 3236 817 3314 τὴν
835 3233 902 3298 Ἰνὼ
925 3238 967 3302 είς
986 3236 1040 3314 τὴν
1055 3234 1227 3300 θάλασσαν.

129 3335 287 3416 Εὐριπίδης
302 3337 335 3399 δέ
350 3346 443 3418 φησιν
459 3339 616 3421 αὐτόχειρα
630 3345 690 3403 τῶν
705 3341 756 3403 δύο
771 3339 885 3402 παίδων
899 3336 1074 3419 γενομένην,
1091 3337 1230 3421 Λεάρχου

129 3438 177 3500 καὶ
192 3440 387 3522 Μελικέρτου,
406 3441 496 3519 αὐτὴν
510 3443 636 3522 ὕστερον
652 3443 693 3507 είς
713 3440 767 3520 τὴν
788 3439 949 3504 θάλασσαν
963 3441 1061 3522 ῥίψαι.
1097 3442 1175 3521 φασὶ
1196 3443 1228 3505 δέ

129 3540 234 3608 αὐτοὺς
264 3545 306 3609 ε1ς
335 3547 482 3624 Κόρινθον
508 3543 738 3625 ἐκβρασθέντας,
762 3540 829 3606 Ἰνὼ
856 3544 905 3607 καὶ
928 3542 1126 3624 Μελικέρτην,
1154 3545 1227 3608 ἂνα-

128 3648 280 3725 ληφθῆναι
301 3642 463 3726 προστάξει
484 3647 630 3727 Σισύφου,
654 3645 692 3711 ὥς
714 3645 762 3708 καὶ
784 3646 886 3727 ἀγῶνα
901 3642 1039 3724 Ἴσθμιον
1058 3646 1107 3709 ἐπὶ
1128 3650 1227 3710 Μελι-

129 3744 214 3832 κέρτῃ
230 3752 304 3810 κατὰ
318 3747 455 3830 χρησμδν
471 3753 576 3821 θεῖναι,
593 3753 678 3810 τοῦτο
695 3749 865 3829 ἑωρακότος.
912 3747 1021 3811 Idem:
1047 3754 1227 3813 Μανεῖσανι

128 3851 201 3912 κατὰ
214 3852 312 3933 χόλον
326 3850 376 3930 τῆς
386 3849 486 3932 Ἥρας
499 3849 632 3930 Ἀθάμας
647 3848 841 3929 κατετόξευσε
855 3847 995 3933 Λέαρχον
1010 3851 1064 3914 τὸν
1083 3852 1115 3929 ἐξ
1133 3849 1229 3919 Ἰνοῦς

127 3956 291 4032 γενόμενον
307 3953 384 4036 αὐτῷ
400 3959 501 4017 παῖδα.
534 3953 581 4016 καὶ
597 3953 669 4032 αὐτὴ
685 3954 717 4016 δέ
731 3953 750 4032 ἡ
763 3950 831 4016 Ἰνὼ
845 3959 975 4032 μανεῖσα
989 3952 1112 4032 ὑπὸτῆς
1129 3951 1229 4035 Ἥρας

130 4052 271 4133 (ὤργιστο
286 4057 344 4135 γὰρ
360 4056 431 4141 αὐτῇ
446 4058 491 4119 ότι
507 4055 678 4135 ἐτεθηλάκει
693 4055 745 4119 τὸν
760 4053 927 4136 Διόνυσον)
943 4054 996 4118 τὸν
1008 4055 1110 4136 ἕτερον
1125 4057 1229 4134 ἑαυτῆς

126 4160 218 4219 παῖδα
233 4156 429 4236 ἐπισφάξασα
443 4157 640 4240 Μελικέρτην,
657 4159 751 4236 ἥλατο
766 4157 823 4221 σὺν
838 4157 914 4242 αὐτῷ
932 4159 973 4224 εἰς
987 4156 1041 4236 τὴν
1056 4157 1228 4223 θάλασσαν.

127 4257 284 4338 Εὐριπίδης
298 4258 332 4321 δέ
347 4268 439 4340 φησιν
454 4260 544 4338 αὐτὴν
559 4259 718 4342 αὐτόχειρα
733 4258 898 4341 γενομένην
913 4258 1051 4341 Λεάρχου
1067 4260 1114 4323 καὶ
1130 4265 1227 4324 Μελι-

128 4358 229 4441 κέρτου
251 4364 378 4443 ὕστερον
400 4364 442 4428 είς
463 4361 517 4441 τὴν
539 4361 700 4427 θάλασσαν
722 4360 860 4425 ὀλέσθαι.
906 4359 1027 4424 Eadem
1051 4360 1116 4425 fere
1131 4361 1227 4426 verba

126 4460 276 4548 leguntur
298 4463 386 4551 apud
411 4463 594 4530 scholiasten
616 4461 839 4550 Aristophanis
864 4463 958 4549 Vesp.
981 4478 1073 4548 1405.
1099 4462 1165 4550 [cni
1187 4464 1229 4531 ab
