2864 4914
165 280 228 344 150
532 283 910 350 ANNOTATIONES

165 452 221 530 μὲν
235 449 320 515 abiit.
368 452 488 517 Vitium
509 454 730 520 animadvertit
745 454 980 532 Valckenarius,
996 454 1051 541 qui
1072 480 1124 533 μιν
1138 452 1273 541 corrige·

165 551 222 617 bat
242 567 351 617 contra
365 577 483 619 morem
504 556 704 644 tragicorum.
750 558 823 623 Vid.
839 560 879 624 ad
900 559 997 645 Soph.
1013 557 1065 623 El.
1079 558 1154 644 528.
1179 583 1226 622 νιν
1241 557 1272 620 in

164 681 216 736 μιν
230 656 370 743 corrupti
385 657 529 745 exempla
543 673 617 725 sunt
631 661 717 747 apud
733 662 921 750 Euripidem
938 661 1148 748 Hipp.1254.
1165 659 1272 724 Andr.

169 759 260 844 1136.
279 758 354 845 Iph.
372 761 415 823 T.
429 779 523 845 1250.

210 863 284 942 644.
299 860 443 945 πνροφόρ
458 861 591 948 Ἀόνων]
607 863 765 948 πυροφόρα
779 864 877 946 δόμων
891 865 973 930 libri.
999 862 1144 929 Correxit
1161 860 1274 927 Valek·

165 963 290 1028 enarius
317 962 430 1028 collato
452 964 561 1052 Apoll.
588 965 653 1029 Rh.
676 967 821 1050 3‚1184.
855 967 990 1032 Moscho
1011 987 1044 1048 4,
1065 981 1118 1051 37.
1141 963 1273 1051 aliisque

166 1065 241 1130 locis
255 1080 430 1154 poetarum.

209 1172 284 1251 646.
306 1172 392 1254 γιίας]
417 1172 505 1252 γαίας
523 1169 602 1235 ΑΙό.
624 1176 679 1253 γᾶς
700 1171 793 1235 codd.
816 1171 932 1259 plures.
977 1170 1043 1236 Alii
1066 1172 1160 1253 γνίας,
1184 1167 1271 1255 quod

166 1275 240 1357 γιίας
255 1273 454 1338 scribendum
470 1295 535 1337 esse
550 1272 629 1337 vidit
645 1273 876 1338 Valckenarius.

210 1377 283 1456 648.
306 1372 532 1460 βαθυσπόρους]
555 1377 641 1457 γαίας
661 1377 783 1440 addunt
797 1375 875 1440 Ald.
891 1392 922 1441 et
936 1375 1043 1451 codd,
1059 1374 1117 1438 nisi
1137 1372 1222 1459 quod
1239 1372 1271 1435 in

167 1480 257 1566 Aug.
273 1501 337 1543 uno
354 1479 438 1560 γιίας,
460 1476 671 1564 superscripto
692 1479 800 1560 χιίρας,
821 1477 906 1565 quod
931 1477 1018 1542 Flor.
1040 1478 1106 1541 duo
1127 1476 1158 1539 in
1181 1490 1270 1540 textu

166 1581 293 1645 habent.
339 1581 439 1644 Recte
456 1578 573 1643 omittit
589 1579 688 1643 codex
709 1579 835 1667 Kingii:
864 1594 910 1645 est
932 1580 1013 1645 enim
1037 1579 1160 1644 diversa
1180 1577 1272 1642 lectio

166 1682 207 1748 ad
229 1683 317 1766 γαίας
337 1705 367 1745 v.
389 1684 463 1761 646.
486 1680 662 1767 adscripta:
698 1682 756 1746 nisi
782 1707 820 1747 ex
848 1707 876 1748 v.
901 1686 972 1768 669.
999 1681 1120 1747 illatum
1146 1679 1273 1745 credere

167 1785 267 1850 malis.

211 1891 285 1974 649.
302 1888 403 1953 τέκετο
420 1887 459 1952 Β.
475 1885 598 1974 aliique.
621 1889 689 1954 τέκε
704 1889 782 1954 Ald.

212 1993 285 2074 650.
318 1989 515 2054 Exciderunt
543 1990 672 2077 syllabae
700 2006 763 2056 tres
782 2035 802 2044 -
826 2030 843 2056 υ
865 2032 916 2054 -.
951 1992 1057 2073 γάμοις
1083 1989 1271 2055 Brunclrius.

168 2092 291 2174 γόμοισι
304 2090 384 2155 libri.

212 2197 392 2281 652-656.
416 2196 497 2258 Haec
520 2194 551 2258 in
574 2195 655 2259 duos
677 2217 785 2260 versus
802 2209 875 2259 sunt
893 2195 1123 2283 conjungenda,
1139 2195 1272 2261 alterum

169 2299 479 2373 ἑλικτὸς-ἐνιίτισεν,
495 2297 626 2363 alterum
642 2299 912 2383 βάκχιον-εὖίοις,

177 2409 181 2415 ’
211 2403 284 2486 651.
308 2400 482 2488 Euripidea
502 2401 598 2465 verba
618 2402 799 2466 obscuriora
820 2400 955 2465 illustrat
977 2400 1114 2465 narratio
1130 2402 1272 2466 Mnaseae

168 2502 356 2582 Patarensis,
372 2526 468 2589 quam
483 2503 538 2569 soli
554 2503 725 2569 scholiastae
739 2504 907 2568 debemus:
933 2502 1105 2582 Bacchum,
1118 2501 1158 2566 de
1173 2518 1272 2567 matrc

167 2605 340 2683 cadentem,
358 2606 463 2673 κισσὸς
476 2608 544 2689 περὶ
558 2607 626 2674 τοὺς
645 2609 743 2674 κίονας
763 2609 849 2690 puris
868 2606 1034 2690 ἐκόλινγεν,
1048 2619 1080 2669 et
1101 2605 1195 2669 ramis
1217 2606 1272 2670 ob-

167 2708 299 2773 ductum
315 2706 445 2772 illaesum
461 2709 663 2773 conservavit.
687 2709 813 2774 Dicitur
827 2709 971 2773 Bacchus
985 2731 1036 2795 ap.
1055 2707 1157 2795 Orph.
1174 2708 1204 2771 h.
1216 2711 1271 2790 46.

168 2813 365 2894 Περικίονιος,
379 2811 511 2898 mystico
533 2833 636 2888 sensu,
657 2811 711 2875 sed
735 2811 867 2875 nominis
888 2810 1039 2898 originem
1061 2834 1100 2874 ex
1119 2811 1271 2898 antiquis·

168 2913 246 2978 sima
259 2913 387 2978 historia
401 2914 525 3000 repetiit
539 2915 697 2978 Mnaseas.
742 2912 841 3000 Origo
856 2937 930 2977 vero
945 2912 1073 2990 fabulae,
1088 2936 1184 3000 quam
1201 2916 1269 2978 Eu-

167 3016 283 3101 ripides
305 3016 457 3103 sequitur,
480 3016 511 3080 in
535 3015 571 3080 iis
592 3040 657 3079 esse
680 3017 816 3094 videtur,
839 3040 912 3103 quae
934 3016 974 3080 de
997 3015 1121 3081 Osiride
1145 3033 1272 3081 narrant

169 3118 317 3206 AEgyptii
337 3142 389 3206 ap.
406 3119 493 3184 Plut.
509 3120 549 3184 de
565 3121 608 3183 Is.
624 3134 656 3183 et
673 3121 729 3183 Os.
748 3121 778 3202 ξ.
794 3135 844 3204 15.
867 3143 898 3204 p.
913 3120 967 3204 38.
983 3142 1098 3197 arcam,
1113 3120 1164 3184 cui
1175 3119 1273 3185 Osiris

167 3221 270 3285 fuerat
292 3220 442 3300 inclusus,
464 3221 613 3285 fluctibus
634 3219 674 3284 ad
698 3219 786 3286 littus
808 3220 968 3306 expulsam
995 3220 1086 3285 ericae
1111 3221 1269 3285 insedisse.

169 3323 334 3412 Pleraque,
358 3348 431 3411 quae
452 3322 492 3386 de
511 3322 635 3387 Osiride
657 3323 875 3401 narrabantur,
898 3335 953 3387 aut
975 3323 1007 3387 in
1030 3324 1099 3410 ejus
1120 3322 1269 3387 honorem

168 3426 294 3503 fiebant,
309 3427 350 3491 ab
366 3426 495 3514 Orpheo
511 3425 559 3489 vel
582 3425 787 3512 Melampode
809 3426 935 3490 suntin
960 3427 1120 3491 Bacchum
1144 3426 1272 3490 Theba-

169 3551 244 3592 num
261 3529 416 3593 translata.
463 3530 545 3592 Haec
559 3529 624 3591 fere
640 3527 813 3591 VALCK.

212 3634 285 3716 654.
309 3633 463 3714 ἐνώτισεν]
485 3633 576 3694 Hanc
590 3651 696 3693 vocem
714 3628 832 3693 frustra
853 3646 1029 3717 suspectam
1049 3630 1144 3695 habet
1160 3630 1272 3695 Valck-

169 3732 311 3797 enaerius.
356 3731 547 3819 Hesychius,
570 3731 638 3818 ipso
659 3731 788 3809 fatente,
811 3731 882 3795 hinc
905 3733 1025 3812 sumsit,
1047 3731 1202 3798 Ἐνότισε.
1234 3737 1272 3797 τὰ

169 3841 249 3900 νῶτα
262 3834 509 3916 περιεσκέπασεν.
555 3835 642 3897 Bene
656 3831 790 3897 advocat
806 3835 1010 3920 Musgravius
1026 3836 1123 3898 Hero.
1141 3837 1179 3898 F.
1195 3838 1270 3921 361.

168 3941 280 4020 ξανθὸν
303 3938 380 4021 κρᾶτ’
405 3939 582 4004 ἐπινωτίσας
602 3939 700 4024 Δεινῷ
719 3938 852 4022 χόσρατι
871 3936 968 4021 θηρός.
1016 3941 1114 4003 Sensu
1138 3955 1272 4025 cognato

168 4043 250 4106 idem
266 4042 396 4105 verbum
411 4039 539 4104 adhibet
556 4039 728 4126 AEschylus
743 4043 859 4127 Agam.
874 4044 946 4123 296.
962 4041 1125 4122 ὑπερτελής
1139 4067 1181 4116 τε,
1197 4042 1269 4107 πόν-

170 4147 324 4209 madore
347 4145 478 4215 νωτίσαι,
502 4141 541 4205 de
565 4142 708 4228 lampade
733 4143 825 4206 maris
850 4145 1042 4231 superficiem
1068 4142 1272 4209 illuminante.

171 4247 221 4309 De
235 4242 383 4331 Sphingis
397 4242 445 4305 ala
462 4244 594 4321 νότισρα
605 4243 693 4323 θηρὸς
703 4242 782 4307 dixit
795 4245 951 4331 Tragicus
965 4245 1051 4332 apud
1065 4245 1272 4310 Plutarchum

172 4346 288 4413 Stobaei
306 4348 356 4410 62.
375 4368 405 4432 p.
423 4364 497 4429 403,
512 4365 539 4406 1.
557 4345 660 4408 POR.

214 4454 287 4535 655.
304 4449 447 4533 Βάκχιον]
467 4452 612 4529 Βακχεῖον
629 4445 706 4509 Ald.
723 4463 753 4510 et
772 4449 870 4512 MSS.
887 4449 1038 4535 plerique.
1057 4451 1160 4514 POR.
