2864 4914
541 291 610 355 AD
634 293 885 356 HECUBAM.
1230 286 1272 351 65

165 457 258 523 aliam
275 459 456 526 hominibus
476 464 687 528 necessitatem
703 463 818 528 afferri.
866 462 918 526 lta
931 482 1031 548 quum
1046 459 1141 524 modo
1151 459 1273 546 justum

164 561 287 643 fuisset,
302 561 412 628 iratam
429 566 663 652 Agamemnoni
678 589 743 631 esse
766 564 946 642 Hecubam,
960 562 1045 650 quod
1067 561 1161 626 filiam
1186 584 1274 625 suam

164 663 319 730 immolari
333 689 442 752 passus
457 683 547 745 esset,
564 691 647 732 nunc
663 669 717 732 ubi
733 669 856 755 justum
874 683 920 731 est
936 666 1035 730 scelus
1050 664 1274 750 Polymestoris

164 764 327 848 vindicari,
342 767 410 834 haec
432 768 492 843 lex,
509 793 582 856 quae
602 769 771 834 vindictam
795 791 917 832 sumere
935 768 1040 854 jubet,
1057 767 1268 832 necessitatem

163 869 255 934 affert
278 869 310 935 in
332 872 465 958 gratiam
492 895 564 936 cum
591 872 715 938 inimico
737 871 901 937 redeundi.
925 871 1080 936 HERM.
1127 872 1180 935 Ita
1205 870 1272 934 haec

164 970 272 1058 aliquo
286 973 381 1039 modo
394 974 542 1062 explicari
557 991 699 1063 possunt,
714 975 762 1040 vel
778 974 884 1040 saltem
902 973 1053 1039 excusari.
1090 972 1268 1037 Fatendum

166 1088 269 1140 tamen
288 1090 337 1141 est
355 1077 462 1165 inepte
483 1079 622 1143 locutum
646 1101 711 1142 esse
734 1078 920 1166 Euripidem
945 1076 1187 1162 mirandumque
1210 1098 1271 1140 non

165 1178 294 1243 sensisse
316 1198 441 1267 poetam
457 1195 577 1266 quanto
589 1180 693 1267 aptius
708 1180 769 1244 dici
791 1179 930 1267 potuerit
948 1181 996 1244 καὶ
1017 1182 1071 1245 τδς
1089 1181 1221 1260 ἀνάγκας
1243 1180 1272 1241 οἱ

165 1283 269 1365 χρόνον
285 1284 436 1365 διώρισαν,
447 1284 533 1368 quod
543 1283 674 1370 conjecit
687 1282 900 1370 Musgravius.
925 1284 1021 1347 Nunc
1033 1280 1058 1344 si
1074 1284 1125 1348 τὰς
1140 1280 1273 1362 ἀνάγκας

166 1387 196 1447 ot
218 1386 303 1465 νόμοι
325 1387 465 1467 διώρισαν
492 1386 624 1473 scripsit,
647 1387 724 1473 quid
745 1387 831 1451 aliud
856 1387 935 1452 dixit
958 1407 1052 1473 quam
1079 1384 1145 1452 τοὺς
1167 1385 1274 1463 νόμους

166 1488 303 1574 potiores
324 1511 502 1574 essequam
526 1492 578 1556 τὰς
597 1490 737 1573 άνάγκας,
760 1490 792 1554 id
818 1507 865 1554 est
880 1489 1074 1555 necessitates
1089 1510 1127 1551 ex
1151 1486 1273 1573 legibus

170 1590 330 1677 pendere?
355 1591 394 1655 ln
410 1615 475 1677 quo
490 1615 552 1656 non
574 1592 760 1681 intelligitur
773 1594 851 1681 quid
873 1594 987 1658 mirum
1007 1591 1152 1655 videatur
1166 1589 1272 1666 choro,

166 1695 266 1756 δεινόν
287 1720 324 1777 γε
344 1693 467 1758 dicenti.
515 1697 609 1760 Hanc
628 1697 861 1784 perversitatem
885 1698 964 1761 bene
985 1694 1078 1759 sensit
1102 1693 1271 1780 Didymus,

167 1795 223 1881 qui
238 1797 418 1862 ἀντίστασιν
434 1797 593 1883 quandam
614 1814 809 1863 commentus
830 1802 883 1866 τδς
902 1798 1035 1881 ἀνάγκας
1057 1800 1086 1860 ot
1108 1799 1193 1876 νόμοι
1214 1817 1273 1882 pro

168 1901 201 1962 al
216 1898 342 1981 ἀνάγκαι
364 1900 431 1967 τοὺς
454 1901 561 1980 νόμους
576 1900 695 1964 dictum
711 1903 839 1989 accepit.
887 1901 1105 1966 Proximorum
1123 1920 1268 1962 versuum

168 2000 349 2064 sententiam
372 2001 451 2066 bene
465 2001 632 2067 declaravit
648 2003 812 2068 scholiasta
826 2005 939 2069 codicis
962 2003 1133 2068 Florentini
1149 2022 1201 2087 59.
1218 2024 1271 2064 cu-

163 2102 219 2189 jus
233 2103 463 2168 annotationem
480 2120 576 2170 totam
592 2107 792 2192 apponimus
810 2109 981 2188 θαυμαστὸν
996 2113 1117 2190 πρᾶγμα
1135 2105 1272 2187 ὑπάρχει,

167 2208 207 2273 ὣς
221 2210 258 2271 τὰ
271 2205 369 2271 πάντα
383 2207 420 2271 τά
435 2233 467 2272 τε
483 2212 560 2272 καλὰ
575 2210 675 2272 καὶτὰ
690 2212 764 2273 κακὰ
779 2211 976 2294 συνέρχονται
997 2218 1059 2277 τοῖς
1077 2213 1207 2290 βροτοῖς,
1226 2207 1272 2271 καὶ

168 2313 222 2377 τὰς
243 2309 384 2392 άνάγκας,
405 2311 497 2392 ἤγουν
517 2311 571 2390 τὴν
594 2313 772 2393 εἱμαρμένην
796 2314 896 2393 αὐτὴν,
920 2314 1057 2392 διέταξαν
1081 2315 1110 2375 οἱ
1133 2313 1273 2389 νόμοι,-

168 2414 243 2477 ὅπου
258 2416 316 2494 γὰρ
332 2413 518 2494 εἱμαρμένον,
535 2415 598 2477 ἐκεῖ
618 2416 708 2494 νόμος
730 2417 782 2479 οὐκ
806 2417 1035 2498 ἔστι-φίλους
1056 2415 1186 2480 τιθέντες
1204 2412 1273 2479 τοὺς

168 2516 414 2597 πολεμιωτάτους,
435 2518 483 2580 καὶ
506 2517 656 2582 ἀνάπαλιν
678 2519 744 2585 τοὺς
766 2520 873 2600 φίλους
896 2521 1029 2602 ἐχθρούς.
1061 2520 1155 2599 ὁγὰρ
1177 2514 1270 2596 Ἀγα·

167 2619 288 2700 μίμνων
302 2619 360 2701 πρὸ
375 2624 425 2698 τῆς
442 2622 577 2698 τοιαύτης
591 2621 750 2704 δυστυχίας
772 2626 823 2700 τῆς
844 2620 986 2701 Ἑκάβης,
1002 2621 1095 2703 ἤγουν
1109 2624 1161 2683 τοῦ
1176 2620 1273 2700 φόνου

167 2727 222 2786 τοῦ
243 2723 434 2803 Πολυδώρου,
451 2721 557 2805 ἐχθρὸς
578 2722 615 2802 ἦν
634 2723 716 2803 αὐτῇ,
732 2722 857 2804 Ἑκάβη,
874 2727 913 2791 ὥς
929 2725 1153 2807 αἰχμαλωτίσας
1167 2720 1266 2799 αὐτήν·

169 2830 222 2889 νῦν
244 2828 287 2898 δὲ,
308 2824 481 2904 καταλαβόν
499 2826 608 2904 ταύτην
627 2826 728 2906 ἕτερον
748 2826 856 2901 δεινὸν,
876 2830 923 2891 καὶ
946 2830 987 2894 εἰς
1008 2826 1153 2906 βοήθειαν
1172 2823 1267 2905 Ἀγα-

167 2929 302 3008 μέμνονα
322 2924 482 3010 χρῄζουσα,
506 2930 644 3008 φαίνεται
667 2931 757 3010 φίλας
777 2931 882 3010 ταύτης
904 2933 920 2993 ὁ
939 2931 1039 3011 πρώην
1063 2926 1178 3012 ἐχθρὸς,
1199 2928 1216 2989 ά
1236 2927 1269 2989 δὲ

169 3031 385 3112 Πολυμήστωρ,
411 3034 427 3094 ὁ
449 3033 549 3112 πρώην
571 3034 668 3113 φίλος,
691 3037 765 3113 μετὰ
789 3035 842 3113 τὴν
864 3040 916 3099 τοῦ
941 3035 1122 3114 Πολυδώρου
1148 3030 1271 3112 σφαγὴν

170 3133 277 3216 ἐχθρὸς
299 3133 420 3216 ἐγένετο
442 3135 478 3220 τῇ
500 3132 616 3221 Ἑκάβῃ
638 3138 655 3198 ὁ
677 3137 778 3216 πρώην
793 3139 864 3218 αὐτῇ
887 3140 984 3220 φίλος.
1019 3135 1063 3199 διὸ
1080 3134 1127 3197 καὶ
1142 3136 1179 3197 τὰ
1193 3134 1271 3195 καλδ

170 3237 219 3300 καὶ
233 3239 270 3301 τδ
284 3239 359 3300 κακὰ
373 3237 570 3320 συνέρχονται
583 3244 644 3305 τοῖς
659 3240 833 3320 ἀνθρώποις.

213 3338 287 3419 848.
303 3365 335 3403 τε
350 3340 439 3425 Aug.
457 3362 548 3403 unus.
586 3341 770 3427 Legebatur
784 3367 830 3424 γε.

214 3441 286 3525 850.
304 3444 363 3525 ἐγὼ
378 3445 428 3528 σέ]
449 3441 584 3530 Aliquot
597 3443 689 3508 codd.
708 3445 813 3527 ἔγωγε.

214 3546 286 3631 853.
303 3546 399 3629 δίκην]
420 3546 463 3608 Η.
480 3558 510 3609 et
528 3545 614 3609 Flor.
628 3547 703 3624 duo,
719 3547 876 3633 adscripto
890 3545 921 3608 in
939 3546 984 3609 H.
1002 3570 1048 3626 γρ.
1065 3544 1157 3622 δίκην.

215 3650 287 3732 854.
311 3650 439 3729 φανείην
461 3647 488 3730 γ’
505 3648 581 3712 Ald.
597 3664 628 3712 et
644 3648 763 3736 aliquot
777 3649 867 3714 codd.
885 3651 1023 3730 φανείην,
1039 3645 1152 3710 omisso
1167 3645 1205 3726 γ’,
1225 3646 1270 3707 H.

170 3766 202 3815 et
216 3751 302 3816 Flor.
321 3774 412 3816 uuus.
448 3753 547 3816 Recte
563 3754 603 3815 B.
618 3752 734 3839 aliique
749 3752 874 3839 plurimi
890 3753 1000 3834 φανείη
1013 3749 1054 3832 γ’.

213 3857 266 3919 σοί
285 3855 308 3918 τ’
325 3854 408 3937 ἔχειν
431 3862 526 3921 καλῶς
545 3854 677 3933 codices,
695 3856 832 3943 exceptis
856 3857 901 3918 H.
925 3870 957 3918 et
977 3852 1063 3917 Flor.
1089 3851 1200 3925 tribus,
1215 3848 1272 3934 qui

171 3984 220 4023 σοι
235 3964 330 4025 καλῶς
346 3959 429 4041 ἔχειν
442 3980 514 4021 cum
530 3957 607 4021 Ald.

215 4062 285 4146 858.
303 4062 408 4142 φίλιον
424 4063 461 4124 Β.
479 4061 592 4148 aliique
608 4060 708 4148 pauci.
739 4064 832 4142 φιλον
848 4060 924 4124 Ald.

215 4166 286 4229 861.
303 4163 360 4243 ὅδ’]
380 4163 565 4250 Polydorus.

215 4268 287 4349 864.
310 4266 363 4330 οὐκ
384 4267 447 4330 ἔστι
470 4267 597 4351 θνητῶν]
623 4267 675 4328 οὐκ
697 4267 779 4328 ἔστιν
797 4268 911 4346 ἀνδρῶν
933 4264 1066 4327 Aristot.
1091 4261 1222 4324 Rhetor.
1243 4278 1269 4330 2,

173 4389 221 4435 21.
266 4372 402 4458 Vulgata
416 4369 569 4456 scriptura
586 4368 685 4432 utitur
701 4368 854 4431 Libanius
871 4365 928 4430 vol.
947 4386 974 4431 a.
998 4390 1029 4453 p.
1047 4370 1099 4449 63.
1115 4387 1132 4426 a
1150 4362 1271 4426 Boisso-

172 4472 265 4537 nodio
279 4471 442 4537 indicatus.

713 4595 731 4635 F
