<?xml version="1.0" encoding="UTF-8"?>
<!DOCTYPE html PUBLIC "-//W3C//DTD XHTML 1.0 Transitional//EN"
    "http://www.w3.org/TR/xhtml1/DTD/xhtml1-transitional.dtd">
<html xmlns="http://www.w3.org/1999/xhtml" xml:lang="en" lang="en">
 <head>
  <title>
</title>
<meta http-equiv="Content-Type" content="text/html;charset=utf-8" />
  <meta name='ocr-system' content='tesseract 3.04.00' />
  <meta name='ocr-capabilities' content='ocr_page ocr_carea ocr_par ocr_line ocrx_word'/>
</head>
<body>
  <div class='ocr_page' id='page_1' title='image "./tragoediaesuper01eurigoog_0441.png"; bbox 0 0 2864 4914; ppageno 0'>
   <div class='ocr_carea' id='block_1_1' title="bbox 464 254 1206 350">
    <p class='ocr_par' dir='ltr' id='par_1_1' title="bbox 464 254 1206 350">
     <span class='ocr_line' id='line_1_1' title="bbox 464 254 1206 350; baseline 0.009 -7"><span class='ocrx_word' id='word_1_1' title='bbox 464 254 543 343; x_wconf 79' lang='lat' dir='ltr'><strong>&#39;an</strong></span> <span class='ocrx_word' id='word_1_2' title='bbox 567 279 835 346; x_wconf 71' lang='lat' dir='ltr'><strong>suarum-rs,</strong></span> <span class='ocrx_word' id='word_1_3' title='bbox 1142 281 1206 350; x_wconf 74' lang='lat' dir='ltr'><strong>aaa</strong></span> 
     </span>
    </p>
   </div>
   <div class='ocr_carea' id='block_1_2' title="bbox 107 445 1206 3585">
    <p class='ocr_par' dir='ltr' id='par_1_2' title="bbox 108 445 1206 1238">
     <span class='ocr_line' id='line_1_2' title="bbox 110 445 1205 534; baseline -0.002 -18"><span class='ocrx_word' id='word_1_4' title='bbox 110 445 217 516; x_wconf 85' lang='lat' dir='ltr'><strong>eodem</strong></span> <span class='ocrx_word' id='word_1_5' title='bbox 240 447 380 514; x_wconf 76' lang='lat' dir='ltr'><strong>dramate</strong></span> <span class='ocrx_word' id='word_1_6' title='bbox 398 471 430 514; x_wconf 86' lang='lat' dir='ltr'><strong>v.</strong></span> <span class='ocrx_word' id='word_1_7' title='bbox 449 451 539 532; x_wconf 90' lang='lat'>1078.</span> <span class='ocrx_word' id='word_1_8' title='bbox 558 448 635 516; x_wconf 88' lang='grc' dir='ltr'>Ὅτε</span> <span class='ocrx_word' id='word_1_9' title='bbox 652 451 700 515; x_wconf 81' lang='grc' dir='ltr'><strong>καὶ</strong></span> <span class='ocrx_word' id='word_1_10' title='bbox 715 449 789 518; x_wconf 81' lang='grc' dir='ltr'>Διὸς</span> <span class='ocrx_word' id='word_1_11' title='bbox 804 447 975 532; x_wconf 73' lang='grc' dir='ltr'>ἀστεριντάς</span> <span class='ocrx_word' id='word_1_12' title='bbox 986 448 1205 534; x_wconf 84' lang='grc' dir='ltr'>Ἀνιχάρενσεν</span> 
     </span>
     <span class='ocr_line' id='line_1_3' title="bbox 110 550 1205 640; baseline 0.002 -26"><span class='ocrx_word' id='word_1_13' title='bbox 110 552 206 633; x_wconf 77' lang='grc' dir='ltr'>αἰθὴρ,</span> <span class='ocrx_word' id='word_1_14' title='bbox 222 554 348 635; x_wconf 84' lang='grc' dir='ltr'>Χορεύει</span> <span class='ocrx_word' id='word_1_15' title='bbox 369 555 402 619; x_wconf 72' lang='grc' dir='ltr'>δά</span> <span class='ocrx_word' id='word_1_16' title='bbox 422 554 552 619; x_wconf 80' lang='grc' dir='ltr'>Σελάνα.</span> <span class='ocrx_word' id='word_1_17' title='bbox 597 554 660 619; x_wconf 84' lang='lat' dir='ltr'><strong>Per</strong></span> <span class='ocrx_word' id='word_1_18' title='bbox 681 553 853 635; x_wconf 80' lang='grc' dir='ltr'>ἀστερωπὸς</span> <span class='ocrx_word' id='word_1_19' title='bbox 874 552 960 640; x_wconf 71' lang='grc' dir='ltr'>αἰθὴρ</span> <span class='ocrx_word' id='word_1_20' title='bbox 981 550 1106 620; x_wconf 85' lang='lat' dir='ltr'><strong>videtur</strong></span> <span class='ocrx_word' id='word_1_21' title='bbox 1124 550 1205 617; x_wconf 84' lang='lat' dir='ltr'><strong>velle</strong></span> 
     </span>
     <span class='ocr_line' id='line_1_4' title="bbox 109 652 1205 741; baseline 0 -23"><span class='ocrx_word' id='word_1_22' title='bbox 109 654 206 735; x_wconf 86' lang='grc' dir='ltr'>ἀστρσ</span> <span class='ocrx_word' id='word_1_23' title='bbox 221 657 255 719; x_wconf 72' lang='grc' dir='ltr'><strong>ἓν</strong></span> <span class='ocrx_word' id='word_1_24' title='bbox 269 654 375 736; x_wconf 69' lang='grc' dir='ltr'>αἰθέρι.</span> <span class='ocrx_word' id='word_1_25' title='bbox 397 656 552 721; x_wconf 87' lang='lat' dir='ltr'>MARK.</span> <span class='ocrx_word' id='word_1_26' title='bbox 597 656 639 720; x_wconf 93' lang='lat' dir='ltr'><strong>In</strong></span> <span class='ocrx_word' id='word_1_27' title='bbox 659 654 714 719; x_wconf 91' lang='lat' dir='ltr'><strong>illo</strong></span> <span class='ocrx_word' id='word_1_28' title='bbox 728 677 790 719; x_wconf 90' lang='lat' dir='ltr'><strong>non</strong></span> <span class='ocrx_word' id='word_1_29' title='bbox 805 654 920 733; x_wconf 86' lang='lat' dir='ltr'><strong>baereo,</strong></span> <span class='ocrx_word' id='word_1_30' title='bbox 935 653 1021 740; x_wconf 91' lang='lat' dir='ltr'><strong>quod</strong></span> <span class='ocrx_word' id='word_1_31' title='bbox 1044 652 1205 741; x_wconf 77' lang='lat' dir='ltr'><strong>Nymphas</strong></span> 
     </span>
     <span class='ocr_line' id='line_1_5' title="bbox 109 754 1206 844; baseline 0.001 -26"><span class='ocrx_word' id='word_1_32' title='bbox 109 755 237 821; x_wconf 78' lang='lat' dir='ltr'><strong>comites</strong></span> <span class='ocrx_word' id='word_1_33' title='bbox 245 757 427 844; x_wconf 84' lang='lat' dir='ltr'><strong>junguntur</strong></span> <span class='ocrx_word' id='word_1_34' title='bbox 441 758 564 822; x_wconf 77' lang='lat' dir='ltr'><strong>Lunoez</strong></span> <span class='ocrx_word' id='word_1_35' title='bbox 586 778 686 843; x_wconf 92' lang='lat' dir='ltr'><strong>quum</strong></span> <span class='ocrx_word' id='word_1_36' title='bbox 701 754 782 820; x_wconf 87' lang='lat' dir='ltr'><strong>enim</strong></span> <span class='ocrx_word' id='word_1_37' title='bbox 798 756 893 820; x_wconf 89' lang='lat' dir='ltr'><strong>Luna</strong></span> <span class='ocrx_word' id='word_1_38' title='bbox 901 755 968 842; x_wconf 85' lang='lat' dir='ltr'><strong>jam</strong></span> <span class='ocrx_word' id='word_1_39' title='bbox 980 754 1118 842; x_wconf 81' lang='lat' dir='ltr'>antiquis</span> <span class='ocrx_word' id='word_1_40' title='bbox 1128 769 1206 821; x_wconf 90' lang='lat' dir='ltr'><strong>tem-</strong></span> 
     </span>
     <span class='ocr_line' id='line_1_6' title="bbox 109 857 1206 945; baseline 0 -25"><span class='ocrx_word' id='word_1_41' title='bbox 109 858 238 942; x_wconf 80' lang='lat' dir='ltr'>poribus</span> <span class='ocrx_word' id='word_1_42' title='bbox 252 882 323 924; x_wconf 93' lang='lat' dir='ltr'><strong>cum</strong></span> <span class='ocrx_word' id='word_1_43' title='bbox 339 857 443 923; x_wconf 87' lang='lat' dir='ltr'><strong>Diana</strong></span> <span class='ocrx_word' id='word_1_44' title='bbox 458 858 713 935; x_wconf 87' lang='lat' dir='ltr'><strong>confunderetur,</strong></span> <span class='ocrx_word' id='word_1_45' title='bbox 728 857 809 923; x_wconf 86' lang='lat' dir='ltr'><strong>hanc</strong></span> <span class='ocrx_word' id='word_1_46' title='bbox 823 880 898 922; x_wconf 80' lang='lat' dir='ltr'><strong>vero</strong></span> <span class='ocrx_word' id='word_1_47' title='bbox 910 870 1088 924; x_wconf 78' lang='lat' dir='ltr'><strong>constanter</strong></span> <span class='ocrx_word' id='word_1_48' title='bbox 1103 857 1206 945; x_wconf 85' lang='lat' dir='ltr'><strong>Nym-</strong></span> 
     </span>
     <span class='ocr_line' id='line_1_7' title="bbox 108 957 1203 1048; baseline 0.001 -26"><span class='ocrx_word' id='word_1_49' title='bbox 108 959 183 1045; x_wconf 87' lang='lat' dir='ltr'><strong>pbae</strong></span> <span class='ocrx_word' id='word_1_50' title='bbox 196 961 393 1039; x_wconf 88' lang='lat' dir='ltr'><strong>comitentur,</strong></span> <span class='ocrx_word' id='word_1_51' title='bbox 408 960 486 1047; x_wconf 92' lang='lat' dir='ltr'><strong>quid</strong></span> <span class='ocrx_word' id='word_1_52' title='bbox 501 960 628 1040; x_wconf 86' lang='lat' dir='ltr'><strong>mirum,</strong></span> <span class='ocrx_word' id='word_1_53' title='bbox 645 961 748 1025; x_wconf 85' lang='lat' dir='ltr'><strong>Lunae</strong></span> <span class='ocrx_word' id='word_1_54' title='bbox 762 982 890 1047; x_wconf 87' lang='lat' dir='ltr'><strong>quoque</strong></span> <span class='ocrx_word' id='word_1_55' title='bbox 912 959 1078 1048; x_wconf 83' lang='lat' dir='ltr'><strong>Nymphas</strong></span> <span class='ocrx_word' id='word_1_56' title='bbox 1096 957 1203 1036; x_wconf 87' lang='lat' dir='ltr'><strong>tribui,</strong></span> 
     </span>
     <span class='ocr_line' id='line_1_8' title="bbox 108 1060 1205 1148; baseline 0.002 -25"><span class='ocrx_word' id='word_1_57' title='bbox 108 1060 166 1124; x_wconf 90' lang='lat' dir='ltr'><strong>etsi</strong></span> <span class='ocrx_word' id='word_1_58' title='bbox 187 1061 275 1126; x_wconf 90' lang='lat' dir='ltr'><strong>nullo</strong></span> <span class='ocrx_word' id='word_1_59' title='bbox 289 1061 350 1125; x_wconf 91' lang='lat' dir='ltr'><strong>alio</strong></span> <span class='ocrx_word' id='word_1_60' title='bbox 365 1062 432 1127; x_wconf 93' lang='lat' dir='ltr'><strong>loco</strong></span> <span class='ocrx_word' id='word_1_61' title='bbox 446 1085 492 1127; x_wconf 83' lang='lat' dir='ltr'><strong>eae</strong></span> <span class='ocrx_word' id='word_1_62' title='bbox 506 1066 739 1127; x_wconf 83' lang='lat' dir='ltr'><strong>memorentur?</strong></span> <span class='ocrx_word' id='word_1_63' title='bbox 764 1063 816 1126; x_wconf 88' lang='lat' dir='ltr'><strong>Ita</strong></span> <span class='ocrx_word' id='word_1_64' title='bbox 836 1075 919 1128; x_wconf 84' lang='lat' dir='ltr'><strong>astra</strong></span> <span class='ocrx_word' id='word_1_65' title='bbox 938 1075 1081 1148; x_wconf 75' lang='lat' dir='ltr'><strong>poterant</strong></span> <span class='ocrx_word' id='word_1_66' title='bbox 1100 1061 1205 1126; x_wconf 83' lang='lat' dir='ltr'><strong>Lunoe</strong></span> 
     </span>
     <span class='ocr_line' id='line_1_9' title="bbox 109 1160 917 1238; baseline 0.002 -14"><span class='ocrx_word' id='word_1_67' title='bbox 109 1161 418 1238; x_wconf 89' lang='lat' dir='ltr'><strong>comitesnominari;</strong></span> <span class='ocrx_word' id='word_1_68' title='bbox 442 1162 506 1228; x_wconf 84' lang='lat' dir='ltr'><strong>vid.</strong></span> <span class='ocrx_word' id='word_1_69' title='bbox 522 1160 702 1227; x_wconf 83' lang='lat' dir='ltr'><strong>Markland.</strong></span> <span class='ocrx_word' id='word_1_70' title='bbox 726 1163 917 1227; x_wconf 87' lang='lat' dir='ltr'>MATTH.</span> 
     </span>
    </p>

    <p class='ocr_par' dir='ltr' id='par_1_3' title="bbox 152 1263 887 1348">
     <span class='ocr_line' id='line_1_10' title="bbox 152 1263 887 1348; baseline 0 -21"><span class='ocrx_word' id='word_1_71' title='bbox 152 1283 226 1348; x_wconf 90' lang='lat'><strong>994.</strong></span> <span class='ocrx_word' id='word_1_72' title='bbox 242 1266 357 1346; x_wconf 82' lang='grc' dir='ltr'>ὅρφνας</span> <span class='ocrx_word' id='word_1_73' title='bbox 372 1266 586 1331; x_wconf 88' lang='lat' dir='ltr'><strong>Hermannus.</strong></span> <span class='ocrx_word' id='word_1_74' title='bbox 625 1263 715 1328; x_wconf 91' lang='lat' dir='ltr'><strong>Libri</strong></span> <span class='ocrx_word' id='word_1_75' title='bbox 730 1266 887 1348; x_wconf 77' lang='grc' dir='ltr'>ὀρφναίας.</span> 
     </span>
    </p>

    <p class='ocr_par' dir='ltr' id='par_1_4' title="bbox 152 1365 797 1449">
     <span class='ocr_line' id='line_1_11' title="bbox 152 1365 797 1449; baseline 0.005 -20"><span class='ocrx_word' id='word_1_76' title='bbox 152 1382 224 1449; x_wconf 86' lang='lat'><strong>995.</strong></span> <span class='ocrx_word' id='word_1_77' title='bbox 242 1367 405 1429; x_wconf 87' lang='lat' dir='ltr'><strong>Lacunam</strong></span> <span class='ocrx_word' id='word_1_78' title='bbox 421 1365 568 1430; x_wconf 87' lang='lat' dir='ltr'><strong>indicavit</strong></span> <span class='ocrx_word' id='word_1_79' title='bbox 584 1368 797 1432; x_wconf 85' lang='lat' dir='ltr'><strong>Hermannus.</strong></span> 
     </span>
    </p>

    <p class='ocr_par' dir='ltr' id='par_1_5' title="bbox 151 1468 635 1553">
     <span class='ocr_line' id='line_1_12' title="bbox 151 1468 635 1553; baseline 0.008 -24"><span class='ocrx_word' id='word_1_80' title='bbox 151 1468 239 1531; x_wconf 88' lang='grc' dir='ltr'>ἀνίκο</span> <span class='ocrx_word' id='word_1_81' title='bbox 253 1468 326 1530; x_wconf 84' lang='lat' dir='ltr'><strong>Par.</strong></span> <span class='ocrx_word' id='word_1_82' title='bbox 343 1469 382 1531; x_wconf 90' lang='lat' dir='ltr'><strong>C.</strong></span> <span class='ocrx_word' id='word_1_83' title='bbox 418 1469 524 1553; x_wconf 86' lang='lat' dir='ltr'><strong>Vulgo</strong></span> <span class='ocrx_word' id='word_1_84' title='bbox 537 1468 635 1547; x_wconf 82' lang='grc' dir='ltr'>ἡνίκα.</span> 
     </span>
    </p>

    <p class='ocr_par' dir='ltr' id='par_1_6' title="bbox 107 1567 1205 1960">
     <span class='ocr_line' id='line_1_13' title="bbox 152 1567 1204 1655; baseline 0.003 -24"><span class='ocrx_word' id='word_1_85' title='bbox 152 1583 226 1654; x_wconf 90' lang='lat'>997.</span> <span class='ocrx_word' id='word_1_86' title='bbox 250 1569 377 1655; x_wconf 84' lang='lat' dir='ltr'><strong>Musgr.</strong></span> <span class='ocrx_word' id='word_1_87' title='bbox 401 1567 481 1653; x_wconf 88' lang='lat' dir='ltr'><strong>conj.</strong></span> <span class='ocrx_word' id='word_1_88' title='bbox 505 1569 628 1642; x_wconf 79' lang='grc' dir='ltr'><strong>ἀοιδαῖς,</strong></span> <span class='ocrx_word' id='word_1_89' title='bbox 656 1581 691 1634; x_wconf 92' lang='lat' dir='ltr'><strong>ut</strong></span> <span class='ocrx_word' id='word_1_90' title='bbox 715 1568 904 1634; x_wconf 84' lang='lat' dir='ltr'><strong>constructio</strong></span> <span class='ocrx_word' id='word_1_91' title='bbox 928 1580 1008 1633; x_wconf 88' lang='lat' dir='ltr'><strong>esset</strong></span> <span class='ocrx_word' id='word_1_92' title='bbox 1033 1569 1204 1650; x_wconf 75' lang='grc' dir='ltr'>ἑπιίργισαεν</span> 
     </span>
     <span class='ocr_line' id='line_1_14' title="bbox 109 1660 1203 1757; baseline 0.003 -24"><span class='ocrx_word' id='word_1_93' title='bbox 109 1669 221 1750; x_wconf 69' lang='lat' dir='ltr'><strong>tributu.</strong></span> <span class='ocrx_word' id='word_1_94' title='bbox 237 1672 314 1749; x_wconf 71' lang='grc' dir='ltr'>ἐμῶν</span> <span class='ocrx_word' id='word_1_95' title='bbox 328 1669 433 1752; x_wconf 80' lang='grc' dir='ltr'>γάμων</span> <span class='ocrx_word' id='word_1_96' title='bbox 447 1660 568 1738; x_wconf 76' lang='grc' dir='ltr'>ἀοιδαῖς.</span> <span class='ocrx_word' id='word_1_97' title='bbox 617 1670 678 1735; x_wconf 88' lang='lat' dir='ltr'><strong>Sed</strong></span> <span class='ocrx_word' id='word_1_98' title='bbox 698 1668 827 1756; x_wconf 82' lang='lat' dir='ltr'><strong>vulgata</strong></span> <span class='ocrx_word' id='word_1_99' title='bbox 847 1669 946 1756; x_wconf 86' lang='lat' dir='ltr'><strong>magis</strong></span> <span class='ocrx_word' id='word_1_100' title='bbox 967 1669 1099 1757; x_wconf 84' lang='lat' dir='ltr'><strong>poetica,</strong></span> <span class='ocrx_word' id='word_1_101' title='bbox 1115 1671 1203 1752; x_wconf 75' lang='grc' dir='ltr'>ἀπύρ-</span> 
     </span>
     <span class='ocr_line' id='line_1_15' title="bbox 107 1771 1205 1858; baseline 0.003 -24"><span class='ocrx_word' id='word_1_102' title='bbox 107 1795 208 1851; x_wconf 80' lang='grc' dir='ltr'>γωσεν</span> <span class='ocrx_word' id='word_1_103' title='bbox 229 1772 331 1838; x_wconf 86' lang='grc' dir='ltr'>ἀοιδάς</span> <span class='ocrx_word' id='word_1_104' title='bbox 353 1772 548 1851; x_wconf 73' lang='grc' dir='ltr'>εὐδαιμονίας,</span> <span class='ocrx_word' id='word_1_105' title='bbox 563 1781 675 1837; x_wconf 76' lang='lat' dir='ltr'><strong>cantus</strong></span> <span class='ocrx_word' id='word_1_106' title='bbox 695 1772 733 1835; x_wconf 79' lang='lat' dir='ltr'><strong>de</strong></span> <span class='ocrx_word' id='word_1_107' title='bbox 740 1772 913 1858; x_wconf 63' lang='lat' dir='ltr'><strong>felicitate,</strong></span> <span class='ocrx_word' id='word_1_108' title='bbox 930 1772 996 1836; x_wconf 84' lang='lat' dir='ltr'><strong>fere</strong></span> <span class='ocrx_word' id='word_1_109' title='bbox 1016 1784 1052 1836; x_wconf 89' lang='lat' dir='ltr'><strong>ut</strong></span> <span class='ocrx_word' id='word_1_110' title='bbox 1074 1771 1205 1837; x_wconf 86' lang='lat' dir='ltr'><strong>Pindar.</strong></span> 
     </span>
     <span class='ocr_line' id='line_1_16' title="bbox 109 1871 959 1960; baseline 0.002 -25"><span class='ocrx_word' id='word_1_111' title='bbox 109 1871 205 1960; x_wconf 87' lang='lat' dir='ltr'><strong>Pyth.</strong></span> <span class='ocrx_word' id='word_1_112' title='bbox 221 1872 264 1936; x_wconf 92' lang='lat' dir='ltr'><strong>in.</strong></span> <span class='ocrx_word' id='word_1_113' title='bbox 280 1872 427 1954; x_wconf 78' lang='grc' dir='ltr'>θησαυρὸς</span> <span class='ocrx_word' id='word_1_114' title='bbox 440 1875 540 1953; x_wconf 79' lang='grc' dir='ltr'>ὕμνων</span> <span class='ocrx_word' id='word_1_115' title='bbox 553 1874 744 1957; x_wconf 79' lang='grc' dir='ltr'>τετείχισται.</span> <span class='ocrx_word' id='word_1_116' title='bbox 767 1874 959 1938; x_wconf 87' lang='grc' dir='ltr'>ΜΑΤΤΗ.</span> 
     </span>
    </p>

    <p class='ocr_par' dir='ltr' id='par_1_7' title="bbox 108 1973 1204 2156">
     <span class='ocr_line' id='line_1_17' title="bbox 151 1973 1204 2062; baseline 0.005 -25"><span class='ocrx_word' id='word_1_117' title='bbox 151 1993 226 2058; x_wconf 89' lang='grc'>999.</span> <span class='ocrx_word' id='word_1_118' title='bbox 241 1980 478 2058; x_wconf 80' lang='grc' dir='ltr'>χαλκεοτευχοῦς</span> <span class='ocrx_word' id='word_1_119' title='bbox 491 1976 520 2038; x_wconf 86' lang='lat' dir='ltr'>F</span> <span class='ocrx_word' id='word_1_120' title='bbox 522 1973 579 2040; x_wconf 89' lang='lat' dir='ltr'><strong>lor.</strong></span> <span class='ocrx_word' id='word_1_121' title='bbox 597 1995 625 2040; x_wconf 92' lang='lat'><strong>1.</strong></span> <span class='ocrx_word' id='word_1_122' title='bbox 662 1973 767 2062; x_wconf 83' lang='lat' dir='ltr'><strong>Vulgo</strong></span> <span class='ocrx_word' id='word_1_123' title='bbox 780 1979 1009 2060; x_wconf 74' lang='grc' dir='ltr'>χαλκοτειχοΰς.</span> <span class='ocrx_word' id='word_1_124' title='bbox 1041 1975 1135 2053; x_wconf 86' lang='lat' dir='ltr'><strong>Quod</strong></span> <span class='ocrx_word' id='word_1_125' title='bbox 1148 1974 1204 2042; x_wconf 82' lang='lat' dir='ltr'><strong>ud·</strong></span> 
     </span>
     <span class='ocr_line' id='line_1_18' title="bbox 108 2073 660 2156; baseline 0.007 -18"><span class='ocrx_word' id='word_1_126' title='bbox 108 2073 242 2140; x_wconf 86' lang='lat' dir='ltr'><strong>debatur</strong></span> <span class='ocrx_word' id='word_1_127' title='bbox 256 2103 299 2156; x_wconf 82' lang='grc' dir='ltr'>τε,</span> <span class='ocrx_word' id='word_1_128' title='bbox 315 2077 429 2141; x_wconf 82' lang='lat' dir='ltr'><strong>delevit</strong></span> <span class='ocrx_word' id='word_1_129' title='bbox 445 2079 660 2142; x_wconf 88' lang='lat' dir='ltr'><strong>Hermannus.</strong></span> 
     </span>
    </p>

    <p class='ocr_par' dir='ltr' id='par_1_8' title="bbox 109 2177 1203 2463">
     <span class='ocr_line' id='line_1_19' title="bbox 155 2177 1203 2265; baseline 0 -24"><span class='ocrx_word' id='word_1_130' title='bbox 155 2197 249 2242; x_wconf 91' lang='lat'>1000.</span> <span class='ocrx_word' id='word_1_131' title='bbox 271 2178 428 2260; x_wconf 78' lang='grc' dir='ltr'>προσέβαν</span> <span class='ocrx_word' id='word_1_132' title='bbox 443 2182 551 2261; x_wconf 82' lang='grc' dir='ltr'>δρσράς</span> <span class='ocrx_word' id='word_1_133' title='bbox 570 2181 603 2258; x_wconf 74' lang='grc' dir='ltr'><strong>ἐξ</strong></span> <span class='ocrx_word' id='word_1_134' title='bbox 618 2179 709 2263; x_wconf 71' lang='grc' dir='ltr'>ἐμῶν]</span> <span class='ocrx_word' id='word_1_135' title='bbox 734 2179 809 2243; x_wconf 83' lang='grc' dir='ltr'><strong>Νοῃ</strong></span> <span class='ocrx_word' id='word_1_136' title='bbox 824 2178 992 2265; x_wconf 85' lang='lat' dir='ltr'><strong>respondet</strong></span> <span class='ocrx_word' id='word_1_137' title='bbox 1007 2178 1109 2242; x_wconf 88' lang='lat' dir='ltr'><strong>versui</strong></span> <span class='ocrx_word' id='word_1_138' title='bbox 1122 2177 1203 2243; x_wconf 89' lang='lat' dir='ltr'><strong>anti-</strong></span> 
     </span>
     <span class='ocr_line' id='line_1_20' title="bbox 109 2277 1203 2365; baseline 0.001 -23"><span class='ocrx_word' id='word_1_139' title='bbox 109 2279 266 2365; x_wconf 89' lang='lat' dir='ltr'><strong>stropbico</strong></span> <span class='ocrx_word' id='word_1_140' title='bbox 284 2298 376 2364; x_wconf 80' lang='lat'>1023.</span> <span class='ocrx_word' id='word_1_141' title='bbox 393 2282 430 2344; x_wconf 77' lang='lat' dir='ltr'><strong>ot</strong></span> <span class='ocrx_word' id='word_1_142' title='bbox 451 2280 505 2344; x_wconf 85' lang='grc' dir='ltr'>τὸν</span> <span class='ocrx_word' id='word_1_143' title='bbox 525 2279 641 2345; x_wconf 86' lang='grc' dir='ltr'>θανόντ’</span> <span class='ocrx_word' id='word_1_144' title='bbox 656 2277 755 2344; x_wconf 81' lang='grc' dir='ltr'>οὔποτ’</span> <span class='ocrx_word' id='word_1_145' title='bbox 773 2281 840 2363; x_wconf 74' lang='grc' dir='ltr'>ἐρᾷ.</span> <span class='ocrx_word' id='word_1_146' title='bbox 885 2280 958 2343; x_wconf 90' lang='lat' dir='ltr'><strong>Non</strong></span> <span class='ocrx_word' id='word_1_147' title='bbox 981 2278 1095 2344; x_wconf 82' lang='lat' dir='ltr'><strong>sufficit</strong></span> <span class='ocrx_word' id='word_1_148' title='bbox 1116 2280 1203 2343; x_wconf 88' lang='lat' dir='ltr'><strong>Her-</strong></span> 
     </span>
     <span class='ocr_line' id='line_1_21' title="bbox 109 2379 662 2463; baseline 0.005 -20"><span class='ocrx_word' id='word_1_149' title='bbox 109 2380 214 2444; x_wconf 91' lang='lat' dir='ltr'><strong>manni</strong></span> <span class='ocrx_word' id='word_1_150' title='bbox 228 2381 378 2446; x_wconf 88' lang='lat' dir='ltr'><strong>correctio</strong></span> <span class='ocrx_word' id='word_1_151' title='bbox 391 2379 464 2463; x_wconf 87' lang='grc' dir='ltr'>πρός</span> <span class='ocrx_word' id='word_1_152' title='bbox 478 2379 506 2444; x_wconf 87' lang='grc' dir='ltr'><strong>α’</strong></span> <span class='ocrx_word' id='word_1_153' title='bbox 523 2381 662 2461; x_wconf 77' lang='grc' dir='ltr'>ἔβαν-.</span> 
     </span>
    </p>

    <p class='ocr_par' dir='ltr' id='par_1_9' title="bbox 109 2483 1202 2654">
     <span class='ocr_line' id='line_1_22' title="bbox 155 2483 1202 2572; baseline 0.002 -24"><span class='ocrx_word' id='word_1_154' title='bbox 155 2504 247 2549; x_wconf 84' lang='lat'>1002.</span> <span class='ocrx_word' id='word_1_155' title='bbox 262 2486 397 2567; x_wconf 83' lang='grc' dir='ltr'>πνράς-</span> <span class='ocrx_word' id='word_1_156' title='bbox 415 2484 421 2572; x_wconf 91' lang='grc' dir='ltr'>Ι</span> <span class='ocrx_word' id='word_1_157' title='bbox 439 2487 654 2566; x_wconf 60' lang='lat' dir='ltr'><strong>bardonro-</strong></span> <span class='ocrx_word' id='word_1_158' title='bbox 671 2484 678 2572; x_wconf 87' lang='grc' dir='ltr'>Ι</span> <span class='ocrx_word' id='word_1_159' title='bbox 697 2483 925 2550; x_wconf 81' lang='grc' dir='ltr'>καταλύσασ’-</span> <span class='ocrx_word' id='word_1_160' title='bbox 943 2483 949 2572; x_wconf 89' lang='grc' dir='ltr'>Ι</span> <span class='ocrx_word' id='word_1_161' title='bbox 968 2483 1074 2554; x_wconf 79' lang='grc' dir='ltr'>αίάνός</span> <span class='ocrx_word' id='word_1_162' title='bbox 1094 2510 1128 2551; x_wconf 89' lang='grc' dir='ltr'>τε</span> <span class='ocrx_word' id='word_1_163' title='bbox 1148 2483 1202 2550; x_wconf 83' lang='grc' dir='ltr'><strong>πό-</strong></span> 
     </span>
     <span class='ocr_line' id='line_1_23' title="bbox 109 2586 270 2654; baseline 0 -3"><span class='ocrx_word' id='word_1_164' title='bbox 109 2611 177 2654; x_wconf 88' lang='grc' dir='ltr'>νους</span> <span class='ocrx_word' id='word_1_165' title='bbox 191 2586 270 2651; x_wconf 87' lang='lat' dir='ltr'><strong>Ald.</strong></span> 
     </span>
    </p>

    <p class='ocr_par' dir='ltr' id='par_1_10' title="bbox 107 2686 1201 2878">
     <span class='ocr_line' id='line_1_24' title="bbox 151 2686 1201 2771; baseline 0.004 -20"><span class='ocrx_word' id='word_1_166' title='bbox 151 2689 242 2769; x_wconf 87' lang='grc' dir='ltr'>πυρὸς</span> <span class='ocrx_word' id='word_1_167' title='bbox 262 2693 327 2770; x_wconf 79' lang='grc' dir='ltr'><strong>φῶς</strong></span> <span class='ocrx_word' id='word_1_168' title='bbox 349 2688 514 2768; x_wconf 72' lang='grc' dir='ltr'>καθέξουσα</span> <span class='ocrx_word' id='word_1_169' title='bbox 538 2687 720 2771; x_wconf 80' lang='grc' dir='ltr'>(καθέλουσα</span> <span class='ocrx_word' id='word_1_170' title='bbox 742 2687 827 2755; x_wconf 81' lang='lat' dir='ltr'><strong>Flor.</strong></span> <span class='ocrx_word' id='word_1_171' title='bbox 850 2689 893 2770; x_wconf 91' lang='lat'><strong>1.)</strong></span> <span class='ocrx_word' id='word_1_172' title='bbox 916 2686 999 2752; x_wconf 86' lang='lat' dir='ltr'><strong>libri.</strong></span> <span class='ocrx_word' id='word_1_173' title='bbox 1026 2689 1201 2768; x_wconf 74' lang='grc' dir='ltr'>καθέξονσσ,</span> 
     </span>
     <span class='ocr_line' id='line_1_25' title="bbox 107 2786 1093 2878; baseline 0.004 -28"><span class='ocrx_word' id='word_1_174' title='bbox 107 2786 259 2875; x_wconf 87' lang='lat' dir='ltr'><strong>glossema</strong></span> <span class='ocrx_word' id='word_1_175' title='bbox 273 2788 312 2853; x_wconf 91' lang='lat' dir='ltr'><strong>ad</strong></span> <span class='ocrx_word' id='word_1_176' title='bbox 326 2791 517 2869; x_wconf 79' lang='grc' dir='ltr'>ρατεύσουσα</span> <span class='ocrx_word' id='word_1_177' title='bbox 530 2790 733 2878; x_wconf 90' lang='lat' dir='ltr'><strong>adscriptum,</strong></span> <span class='ocrx_word' id='word_1_178' title='bbox 748 2788 864 2854; x_wconf 86' lang='lat' dir='ltr'><strong>delevit</strong></span> <span class='ocrx_word' id='word_1_179' title='bbox 879 2791 1093 2854; x_wconf 88' lang='lat' dir='ltr'><strong>Hermannus.</strong></span> 
     </span>
    </p>

    <p class='ocr_par' dir='ltr' id='par_1_11' title="bbox 108 2890 1204 3072">
     <span class='ocr_line' id='line_1_26' title="bbox 155 2890 1204 2975; baseline 0.003 -22"><span class='ocrx_word' id='word_1_180' title='bbox 155 2909 245 2975; x_wconf 86' lang='lat'>1003.</span> <span class='ocrx_word' id='word_1_181' title='bbox 270 2892 439 2971; x_wconf 80' lang='grc' dir='ltr'>ματείσνοα</span> <span class='ocrx_word' id='word_1_182' title='bbox 460 2893 672 2957; x_wconf 90' lang='lat' dir='ltr'><strong>Hermannus.</strong></span> <span class='ocrx_word' id='word_1_183' title='bbox 707 2893 879 2972; x_wconf 81' lang='grc' dir='ltr'>βατειίονσα</span> <span class='ocrx_word' id='word_1_184' title='bbox 902 2890 979 2956; x_wconf 87' lang='lat' dir='ltr'><strong>Ald.</strong></span> <span class='ocrx_word' id='word_1_185' title='bbox 1012 2892 1204 2971; x_wconf 76' lang='grc' dir='ltr'>βατεύσουσα</span> 
     </span>
     <span class='ocr_line' id='line_1_27' title="bbox 108 2990 687 3072; baseline 0.005 -18"><span class='ocrx_word' id='word_1_186' title='bbox 108 2990 237 3055; x_wconf 87' lang='lat' dir='ltr'><strong>codices.</strong></span> <span class='ocrx_word' id='word_1_187' title='bbox 259 2993 452 3072; x_wconf 80' lang='grc' dir='ltr'>μστεύσονσα</span> <span class='ocrx_word' id='word_1_188' title='bbox 466 2992 687 3057; x_wconf 82' lang='lat' dir='ltr'><strong>Marklandus.</strong></span> 
     </span>
    </p>

    <p class='ocr_par' dir='ltr' id='par_1_12' title="bbox 154 3092 522 3172">
     <span class='ocr_line' id='line_1_28' title="bbox 154 3092 522 3172; baseline 0.005 -17"><span class='ocrx_word' id='word_1_189' title='bbox 154 3093 246 3156; x_wconf 89' lang='lat'>1008.</span> <span class='ocrx_word' id='word_1_190' title='bbox 264 3093 299 3172; x_wconf 71' lang='grc' dir='ltr'><strong>δὴ</strong></span> <span class='ocrx_word' id='word_1_191' title='bbox 313 3093 374 3156; x_wconf 87' lang='lat' dir='ltr'><strong>om.</strong></span> <span class='ocrx_word' id='word_1_192' title='bbox 390 3092 522 3157; x_wconf 85' lang='lat' dir='ltr'><strong>codices.</strong></span> 
     </span>
    </p>

    <p class='ocr_par' dir='ltr' id='par_1_13' title="bbox 155 3193 788 3278">
     <span class='ocr_line' id='line_1_29' title="bbox 155 3193 788 3278; baseline 0.002 -21"><span class='ocrx_word' id='word_1_193' title='bbox 155 3212 248 3278; x_wconf 91' lang='lat'>1009.</span> <span class='ocrx_word' id='word_1_194' title='bbox 263 3195 359 3261; x_wconf 78' lang='grc' dir='ltr'>τέλος</span> <span class='ocrx_word' id='word_1_195' title='bbox 374 3196 537 3258; x_wconf 88' lang='lat' dir='ltr'><strong>Canterus.</strong></span> <span class='ocrx_word' id='word_1_196' title='bbox 576 3193 665 3258; x_wconf 88' lang='lat' dir='ltr'><strong>Libri</strong></span> <span class='ocrx_word' id='word_1_197' title='bbox 680 3195 788 3262; x_wconf 77' lang='grc' dir='ltr'>τίλας.</span> 
     </span>
    </p>

    <p class='ocr_par' dir='ltr' id='par_1_14' title="bbox 107 3293 1205 3585">
     <span class='ocr_line' id='line_1_30' title="bbox 155 3293 1203 3382; baseline 0.006 -25"><span class='ocrx_word' id='word_1_198' title='bbox 155 3316 248 3361; x_wconf 88' lang='lat'>1010.</span> <span class='ocrx_word' id='word_1_199' title='bbox 274 3295 363 3359; x_wconf 89' lang='lat' dir='ltr'><strong>Libri</strong></span> <span class='ocrx_word' id='word_1_200' title='bbox 379 3296 453 3363; x_wconf 85' lang='grc' dir='ltr'>Διὸς</span> <span class='ocrx_word' id='word_1_201' title='bbox 475 3293 635 3376; x_wconf 80' lang='grc' dir='ltr'>θησαυρόν.</span> <span class='ocrx_word' id='word_1_202' title='bbox 668 3296 796 3382; x_wconf 82' lang='lat' dir='ltr'><strong>Musgr.</strong></span> <span class='ocrx_word' id='word_1_203' title='bbox 813 3294 938 3381; x_wconf 79' lang='lat' dir='ltr'><strong>conjicit</strong></span> <span class='ocrx_word' id='word_1_204' title='bbox 960 3296 1028 3376; x_wconf 76' lang='grc' dir='ltr'>δίης</span> <span class='ocrx_word' id='word_1_205' title='bbox 1047 3317 1106 3382; x_wconf 89' lang='lat' dir='ltr'><strong>pro</strong></span> <span class='ocrx_word' id='word_1_206' title='bbox 1120 3294 1203 3371; x_wconf 80' lang='grc' dir='ltr'>Διδς,</span> 
     </span>
     <span class='ocr_line' id='line_1_31' title="bbox 108 3394 1203 3483; baseline 0.002 -24"><span class='ocrx_word' id='word_1_207' title='bbox 108 3419 203 3483; x_wconf 90' lang='lat' dir='ltr'><strong>quam</strong></span> <span class='ocrx_word' id='word_1_208' title='bbox 229 3396 438 3482; x_wconf 87' lang='lat' dir='ltr'><strong>conjecturam</strong></span> <span class='ocrx_word' id='word_1_209' title='bbox 464 3418 526 3460; x_wconf 92' lang='lat' dir='ltr'><strong>non</strong></span> <span class='ocrx_word' id='word_1_210' title='bbox 552 3396 639 3461; x_wconf 85' lang='lat' dir='ltr'><strong>flocci</strong></span> <span class='ocrx_word' id='word_1_211' title='bbox 665 3396 839 3462; x_wconf 79' lang='lat' dir='ltr'><strong>faciendam</strong></span> <span class='ocrx_word' id='word_1_212' title='bbox 865 3419 931 3461; x_wconf 86' lang='lat' dir='ltr'><strong>csse</strong></span> <span class='ocrx_word' id='word_1_213' title='bbox 960 3396 1036 3461; x_wconf 87' lang='lat' dir='ltr'><strong>dicit</strong></span> <span class='ocrx_word' id='word_1_214' title='bbox 1060 3394 1203 3462; x_wconf 88' lang='lat' dir='ltr'><strong>Elmslei.</strong></span> 
     </span>
     <span class='ocr_line' id='line_1_32' title="bbox 107 3496 1205 3585; baseline 0.001 -23"><span class='ocrx_word' id='word_1_215' title='bbox 107 3498 251 3584; x_wconf 87' lang='lat' dir='ltr'><strong>quamvis</strong></span> <span class='ocrx_word' id='word_1_216' title='bbox 272 3497 426 3583; x_wconf 85' lang='lat' dir='ltr'><strong>explicare</strong></span> <span class='ocrx_word' id='word_1_217' title='bbox 448 3521 480 3562; x_wconf 90' lang='lat' dir='ltr'><strong>se</strong></span> <span class='ocrx_word' id='word_1_218' title='bbox 502 3520 563 3562; x_wconf 91' lang='lat' dir='ltr'><strong>non</strong></span> <span class='ocrx_word' id='word_1_219' title='bbox 585 3521 675 3585; x_wconf 88' lang='lat' dir='ltr'><strong>posse</strong></span> <span class='ocrx_word' id='word_1_220' title='bbox 689 3499 836 3575; x_wconf 84' lang='lat' dir='ltr'><strong>fateatur,</strong></span> <span class='ocrx_word' id='word_1_221' title='bbox 851 3496 1011 3585; x_wconf 93' lang='lat' dir='ltr'><strong>quomodo</strong></span> <span class='ocrx_word' id='word_1_222' title='bbox 1031 3519 1128 3584; x_wconf 81' lang='lat' dir='ltr'><strong>rogus</strong></span> <span class='ocrx_word' id='word_1_223' title='bbox 1142 3500 1205 3566; x_wconf 87' lang='lat' dir='ltr'><strong>Ca-</strong></span> 
     </span>
    </p>
   </div>
   <div class='ocr_carea' id='block_1_3' title="bbox 107 3597 1311 3686">
    <p class='ocr_par' dir='ltr' id='par_1_15' title="bbox 107 3597 1311 3686">
     <span class='ocr_line' id='line_1_33' title="bbox 107 3597 1311 3686; baseline 0.001 -24"><span class='ocrx_word' id='word_1_224' title='bbox 107 3599 199 3685; x_wconf 89' lang='lat' dir='ltr'><strong>panei</strong></span> <span class='ocrx_word' id='word_1_225' title='bbox 213 3599 378 3663; x_wconf 89' lang='lat' dir='ltr'><strong>thesaurus</strong></span> <span class='ocrx_word' id='word_1_226' title='bbox 391 3598 483 3663; x_wconf 66' lang='lat' dir='ltr'><strong>«lovis</strong></span> <span class='ocrx_word' id='word_1_227' title='bbox 495 3598 557 3663; x_wconf 92' lang='lat' dir='ltr'><strong>dici</strong></span> <span class='ocrx_word' id='word_1_228' title='bbox 572 3600 679 3686; x_wconf 85' lang='lat' dir='ltr'><strong>possit.</strong></span> <span class='ocrx_word' id='word_1_229' title='bbox 723 3602 779 3663; x_wconf 87' lang='lat' dir='ltr'><strong>An</strong></span> <span class='ocrx_word' id='word_1_230' title='bbox 794 3598 869 3686; x_wconf 91' lang='lat' dir='ltr'><strong>quia</strong></span> <span class='ocrx_word' id='word_1_231' title='bbox 883 3597 914 3661; x_wconf 93' lang='lat' dir='ltr'><strong>in</strong></span> <span class='ocrx_word' id='word_1_232' title='bbox 930 3621 967 3664; x_wconf 92' lang='lat' dir='ltr'><strong>eo</strong></span> <span class='ocrx_word' id='word_1_233' title='bbox 982 3597 1141 3664; x_wconf 90' lang='lat' dir='ltr'><strong>conditum</strong></span> <span class='ocrx_word' id='word_1_234' title='bbox 1156 3611 1205 3663; x_wconf 85' lang='lat' dir='ltr'><strong>est</strong></span> <span class='ocrx_word' id='word_1_235' title='bbox 1306 3664 1311 3674; x_wconf 80' lang='grc'>,</span> 
     </span>
    </p>
   </div>
   <div class='ocr_carea' id='block_1_4' title="bbox 106 3698 1205 4597">
    <p class='ocr_par' dir='ltr' id='par_1_16' title="bbox 106 3698 1205 4067">
     <span class='ocr_line' id='line_1_34' title="bbox 106 3698 1205 3789; baseline 0.004 -27"><span class='ocrx_word' id='word_1_236' title='bbox 106 3699 239 3764; x_wconf 89' lang='lat' dir='ltr'><strong>cadaver</strong></span> <span class='ocrx_word' id='word_1_237' title='bbox 252 3699 384 3766; x_wconf 87' lang='lat' dir='ltr'><strong>fulmine</strong></span> <span class='ocrx_word' id='word_1_238' title='bbox 406 3713 523 3764; x_wconf 86' lang='lat' dir='ltr'><strong>tactum</strong></span> <span class='ocrx_word' id='word_1_239' title='bbox 542 3699 675 3789; x_wconf 85' lang='lat' dir='ltr'><strong>ideoque</strong></span> <span class='ocrx_word' id='word_1_240' title='bbox 689 3701 781 3766; x_wconf 86' lang='lat' dir='ltr'><strong>Jovis</strong></span> <span class='ocrx_word' id='word_1_241' title='bbox 801 3700 973 3787; x_wconf 86' lang='lat' dir='ltr'><strong>potentiam</strong></span> <span class='ocrx_word' id='word_1_242' title='bbox 996 3698 1129 3766; x_wconf 86' lang='lat' dir='ltr'><strong>maxime</strong></span> <span class='ocrx_word' id='word_1_243' title='bbox 1150 3698 1205 3766; x_wconf 89' lang='lat' dir='ltr'><strong>de·</strong></span> 
     </span>
     <span class='ocr_line' id='line_1_35' title="bbox 107 3800 1202 3888; baseline 0.005 -24"><span class='ocrx_word' id='word_1_244' title='bbox 107 3801 238 3878; x_wconf 86' lang='lat' dir='ltr'><strong>claraus,</strong></span> <span class='ocrx_word' id='word_1_245' title='bbox 256 3802 335 3867; x_wconf 90' lang='lat' dir='ltr'><strong>sicut</strong></span> <span class='ocrx_word' id='word_1_246' title='bbox 357 3800 476 3866; x_wconf 87' lang='lat' dir='ltr'><strong>Electr.</strong></span> <span class='ocrx_word' id='word_1_247' title='bbox 489 3822 566 3888; x_wconf 83' lang='lat'><strong>493.</strong></span> <span class='ocrx_word' id='word_1_248' title='bbox 588 3802 685 3867; x_wconf 85' lang='lat' dir='ltr'><strong>cadus</strong></span> <span class='ocrx_word' id='word_1_249' title='bbox 704 3801 753 3866; x_wconf 87' lang='lat' dir='ltr'><strong>vel</strong></span> <span class='ocrx_word' id='word_1_250' title='bbox 774 3800 926 3888; x_wconf 89' lang='lat' dir='ltr'><strong>amphora</strong></span> <span class='ocrx_word' id='word_1_251' title='bbox 944 3815 1073 3867; x_wconf 86' lang='lat' dir='ltr'><strong>vocatur</strong></span> <span class='ocrx_word' id='word_1_252' title='bbox 1091 3802 1202 3879; x_wconf 80' lang='grc' dir='ltr'>θησαί-</span> 
     </span>
     <span class='ocr_line' id='line_1_36' title="bbox 107 3900 1204 3985; baseline 0.005 -21"><span class='ocrx_word' id='word_1_253' title='bbox 107 3926 200 3981; x_wconf 83' lang='grc' dir='ltr'>ριομσ</span> <span class='ocrx_word' id='word_1_254' title='bbox 222 3902 364 3985; x_wconf 73' lang='grc' dir='ltr'>Βάκχσυῖ</span> <span class='ocrx_word' id='word_1_255' title='bbox 388 3905 475 3967; x_wconf 88' lang='lat' dir='ltr'><strong>Tum</strong></span> <span class='ocrx_word' id='word_1_256' title='bbox 498 3902 577 3968; x_wconf 88' lang='lat' dir='ltr'><strong>Ald.</strong></span> <span class='ocrx_word' id='word_1_257' title='bbox 602 3903 689 3968; x_wconf 83' lang='grc' dir='ltr'>ἔνθέν</span> <span class='ocrx_word' id='word_1_258' title='bbox 715 3904 781 3968; x_wconf 78' lang='grc' dir='ltr'>ἐστι</span> <span class='ocrx_word' id='word_1_259' title='bbox 805 3900 869 3970; x_wconf 90' lang='grc' dir='ltr'>σός.</span> <span class='ocrx_word' id='word_1_260' title='bbox 907 3901 1053 3967; x_wconf 82' lang='lat' dir='ltr'><strong>Correxit</strong></span> <span class='ocrx_word' id='word_1_261' title='bbox 1076 3904 1204 3969; x_wconf 77' lang='lat' dir='ltr'><strong>Cantor.</strong></span> 
     </span>
     <span class='ocr_line' id='line_1_37' title="bbox 108 4002 301 4067; baseline 0.016 -3"><span class='ocrx_word' id='word_1_262' title='bbox 108 4002 301 4067; x_wconf 88' lang='lat' dir='ltr'><strong>MATTH.</strong></span> 
     </span>
    </p>

    <p class='ocr_par' dir='ltr' id='par_1_17' title="bbox 153 4102 551 4186">
     <span class='ocr_line' id='line_1_38' title="bbox 153 4102 551 4186; baseline 0.015 -21"><span class='ocrx_word' id='word_1_263' title='bbox 153 4121 246 4166; x_wconf 92' lang='lat'>1011.</span> <span class='ocrx_word' id='word_1_264' title='bbox 263 4102 349 4169; x_wconf 89' lang='lat' dir='ltr'><strong>Flor.</strong></span> <span class='ocrx_word' id='word_1_265' title='bbox 368 4125 395 4167; x_wconf 93' lang='lat'><strong>1.</strong></span> <span class='ocrx_word' id='word_1_266' title='bbox 410 4104 551 4186; x_wconf 70' lang='grc' dir='ltr'>λαριπάδι</span> 
     </span>
    </p>

    <p class='ocr_par' dir='ltr' id='par_1_18' title="bbox 154 4204 753 4291">
     <span class='ocr_line' id='line_1_39' title="bbox 154 4204 753 4291; baseline 0.003 -24"><span class='ocrx_word' id='word_1_267' title='bbox 154 4224 245 4289; x_wconf 86' lang='lat'>1013.</span> <span class='ocrx_word' id='word_1_268' title='bbox 261 4204 298 4269; x_wconf 75' lang='grc' dir='ltr'><strong>ἵν’</strong></span> <span class='ocrx_word' id='word_1_269' title='bbox 315 4204 474 4271; x_wconf 78' lang='lat' dir='ltr'><strong>Reislrius.</strong></span> <span class='ocrx_word' id='word_1_270' title='bbox 508 4205 692 4291; x_wconf 81' lang='lat' dir='ltr'><strong>Legebatur</strong></span> <span class='ocrx_word' id='word_1_271' title='bbox 704 4205 753 4283; x_wconf 82' lang='grc' dir='ltr'><strong>ἥν.</strong></span> 
     </span>
    </p>

    <p class='ocr_par' dir='ltr' id='par_1_19' title="bbox 108 4304 1203 4475">
     <span class='ocr_line' id='line_1_40' title="bbox 150 4304 1203 4388; baseline 0.004 -19"><span class='ocrx_word' id='word_1_272' title='bbox 150 4306 227 4388; x_wconf 76' lang='grc' dir='ltr'>τύχα</span> <span class='ocrx_word' id='word_1_273' title='bbox 241 4305 274 4369; x_wconf 74' lang='grc' dir='ltr'><strong>δέ</strong></span> <span class='ocrx_word' id='word_1_274' title='bbox 287 4331 338 4387; x_wconf 82' lang='grc' dir='ltr'><strong>μοι</strong></span> <span class='ocrx_word' id='word_1_275' title='bbox 352 4304 495 4384; x_wconf 56' lang='lat' dir='ltr'><strong>&amp;cadmea</strong></span> <span class='ocrx_word' id='word_1_276' title='bbox 508 4305 612 4388; x_wconf 86' lang='grc' dir='ltr'>ποδός]</span> <span class='ocrx_word' id='word_1_277' title='bbox 627 4305 727 4368; x_wconf 80' lang='lat' dir='ltr'><strong>Felici</strong></span> <span class='ocrx_word' id='word_1_278' title='bbox 742 4325 816 4370; x_wconf 86' lang='lat' dir='ltr'><strong>vero</strong></span> <span class='ocrx_word' id='word_1_279' title='bbox 829 4326 905 4370; x_wconf 84' lang='lat' dir='ltr'><strong>casu</strong></span> <span class='ocrx_word' id='word_1_280' title='bbox 915 4305 976 4371; x_wconf 75' lang='lat' dir='ltr'><strong>luc</strong></span> <span class='ocrx_word' id='word_1_281' title='bbox 990 4305 1112 4371; x_wconf 69' lang='lat' dir='ltr'><strong>demtos</strong></span> <span class='ocrx_word' id='word_1_282' title='bbox 1121 4326 1203 4373; x_wconf 78' lang='lat' dir='ltr'><strong>sum.</strong></span> 
     </span>
     <span class='ocr_line' id='line_1_41' title="bbox 108 4408 300 4475; baseline 0.016 -4"><span class='ocrx_word' id='word_1_283' title='bbox 108 4408 300 4475; x_wconf 86' lang='lat' dir='ltr'><strong>MATTH.</strong></span> 
     </span>
    </p>

    <p class='ocr_par' dir='ltr' id='par_1_20' title="bbox 154 4507 627 4597">
     <span class='ocr_line' id='line_1_42' title="bbox 154 4507 627 4597; baseline -0.004 -24"><span class='ocrx_word' id='word_1_284' title='bbox 154 4527 245 4592; x_wconf 88' lang='lat'>1014.</span> <span class='ocrx_word' id='word_1_285' title='bbox 261 4507 327 4597; x_wconf 80' lang='grc' dir='ltr'>τῆς]</span> <span class='ocrx_word' id='word_1_286' title='bbox 345 4507 552 4576; x_wconf 85' lang='lat' dir='ltr'><strong>Scribendum</strong></span> <span class='ocrx_word' id='word_1_287' title='bbox 566 4509 627 4574; x_wconf 76' lang='grc' dir='ltr'>τὰς.</span> 
     </span>
    </p>
   </div>
   <div class='ocr_carea' id='block_1_5' title="bbox 0 0 1436 4914">
    <p class='ocr_par' dir='ltr' id='par_1_21' title="bbox 0 0 1436 4914">
     <span class='ocr_line' id='line_1_43' title="bbox 0 0 1436 4914; baseline 0 0"><span class='ocrx_word' id='word_1_288' title='bbox 0 0 1436 4914; x_wconf 95' lang='lat' dir='ltr'><strong> </strong></span> 
     </span>
    </p>
   </div>
  </div>
 </body>
</html>
