2864 4914
221 279 287 346 364
588 284 970 351 ANNOTATIONES

263 455 447 538 479-480.
461 455 606 519 πνοιαὶ-
624 453 630 540 Ι
649 459 767 520 κατδ-
785 455 791 545 Ι
810 459 1062 541 διδύμα-γνιίμα
1078 456 1156 521 Ald.
1239 443 1243 450 .

264 571 341 640 479.
356 558 446 622 πνοαὶ
461 559 508 621 Η.
554 557 757 623 scribebatur
770 563 880 625 πνοιαί.

266 661 435 744 ναυτίλους]
454 662 605 727 ναυτίλοις
620 661 693 725 Ρατ.
710 663 749 725 Β.
766 662 853 728 Flor.
869 665 914 727 A.
930 683 980 726 10.
996 681 1044 746 15.

262 763 337 856 480.
377 766 451 827 κατδ
486 762 655 849 πηδαλίων]
695 766 830 830 Pravam
861 764 1143 852 interpunctionem
1172 778 1334 829 memorat

220 862 394 942 scholiasta,
404 863 483 930 Ὀτε
497 867 597 947 ίίητον,
613 868 665 931 δύο
681 873 870 949 κυβερνητῶν
882 866 901 947 ἢ
912 868 1062 932 πλειόνων
1074 865 1108 932 έν
1118 868 1154 947 τῇ
1166 865 1224 947 νηί.
1246 868 1334 934 τινες

219 968 372 1046 στίζουσιν
391 969 434 1034 εἰς
453 967 487 1031 τδ
510 971 585 1032 κατὰ
605 971 767 1049 πηδαλίων,
791 969 960 1052 φάσκοντες
981 971 1099 1034 λείπειν
1120 971 1160 1056 τῷ
1181 971 1268 1055 λόγῳ
1291 970 1330 1033 τὸ

220 1070 401 1151 έπιβλαβεῖς
416 1071 504 1134 εἰσίν.
550 1073 603 1134 De
617 1084 716 1135 metro
730 1071 827 1159 hujus
842 1095 949 1136 versus
964 1095 992 1134 v.
1009 1071 1049 1136 ad
1066 1074 1137 1137 Ion.
1154 1088 1227 1155 714

262 1172 528 1259 διδύμα-γνιίμα]
545 1175 819 1257 δίδυμαι-γνῶμαι
834 1176 906 1239 Par.
924 1176 962 1239 B.
979 1175 1064 1239 Flor.
1081 1176 1126 1238 A.
1141 1192 1190 1237 10.
1207 1188 1258 1259 15.

261 1276 335 1356 481.
352 1274 474 1361 σοφῶν]
492 1278 593 1359 σοφόν
609 1277 656 1340 Η.
1222 1286 1224 1290 ”

260 1378 337 1459 484.
362 1379 558 1460 αὐτοκρατοῦς
576 1377 581 1467 Ι
602 1379 676 1458 ένδς,
696 1381 715 1445 δ
737 1378 873 1465 δύνασις]
890 1380 1093 1461 αὖτοκρατοΰς.
1114 1376 1119 1465 Ι
1139 1377 1207 1444 ἑνὸς
1229 1381 1250 1442 d
1273 1382 1325 1444 dti-

219 1504 306 1547 νασις
341 1479 424 1545 libri.
471 1481 616 1546 Correxit
652 1484 856 1547 Hermannus
889 1483 994 1548 Elem.
1028 1481 1127 1545 doctr.
1164 1499 1254 1547 metr.
1290 1506 1324 1571 p.

217 1600 291 1667 320.

262 1686 281 1750 δ
303 1684 439 1771 δύνασις]
465 1684 537 1749 Seil.
561 1689 636 1751 έστί.
652 1684 696 1751 ΔΑ
718 1702 765 1752 est
787 1703 934 1752 neutrum
958 1684 1095 1773 plurale:
1127 1684 1267 1772 intellige
1289 1687 1323 1750 τὸ

218 1787 380 1869 αὐτοκρατῆ
395 1787 471 1851 εἶναι
487 1788 585 1870 φρένα
599 1791 674 1857 ένός.
692 1790 897 1854 PFLUGK.

260 1889 336 1970 486.
354 1889 543 1971 στρατηλάτα
559 1892 631 1955 Ρατ.
647 1894 693 1955 A.
708 1915 787 1979 apr.
803 1915 844 1956 m.
861 1893 898 1956 Β.
913 1891 998 1956 Flor.
1014 1910 1127 1978 10.15.
1144 1892 1189 1955 H.
1214 1891 1322 1978 Vulgo

217 1992 432 2074 στρατηλάτου.

259 2092 334 2174 487.
352 2093 479 2157 Μενέλα
495 2095 540 2158 Η.
555 2108 586 2158 et
603 2095 693 2159 Lasc.
741 2096 830 2160 Libri
846 2095 957 2183 reliqui
973 2095 1125 2161 Μενέλαε.

260 2197 309 2258 διδ
322 2197 381 2277 γδρ
395 2195 486 2278 σορὸς
499 2195 566 2276 ἦλθ’
587 2198 676 2282 ἑτέρῳ
696 2197 795 2283 λέχει]
816 2197 985 2263 Crudelem
1008 2197 1040 2261 in
1063 2195 1191 2261 modum
1214 2197 1323 2283 exagi-

217 2295 295 2361 tavit
320 2295 447 2361 alteram
471 2299 631 2364 mulierem
658 2316 690 2365 et
715 2315 865 2387 tanquam
890 2300 954 2387 igni
977 2313 1116 2387 grassata
1136 2313 1183 2363 est
1203 2299 1235 2362 in
1259 2299 1322 2362 tori

216 2398 338 2464 sociam.
385 2399 436 2464 Sic
458 2400 690 2468 Electr.1182.
714 2406 763 2467 διδ
785 2403 877 2484 πυρὸς
903 2403 1014 2482 ἔμολον
1036 2405 1056 2465 δ
1081 2400 1209 2465 τάλαινα
1231 2402 1322 2483 ματρὶ

215 2503 295 2586 τᾷδε.
315 2502 521 2567 PFLUGK.

258 2604 359 2688 λέχει]
380 2605 609 2690 Corrigendum
631 2607 810 2693 postulante
831 2622 930 2671 metro
951 2607 1076 2694 λέκτρῳ.
1122 2605 1215 2685 Quod
1238 2605 1321 2672 vidit

216 2705 417 2792 Lentingius.

258 2828 334 2891 490.
351 2808 444 2888 ἔριδος
456 2809 544 2893 ὕπερ]
563 2810 697 2895 Ineptus
718 2825 765 2875 est
786 2810 931 2898 dactylus
952 2811 983 2875 in
1007 2811 1319 2899 proceleusmaticum

215 2909 346 2974 solutus.
392 2910 598 2975 Scribendum
616 2915 647 2992 ἐξ
663 2914 758 2995 ἔριδος
771 2938 809 2978 ex
826 2915 1005 3001 conjectura
1020 2915 1195 2978 Hermanni
1211 2915 1317 2980 Elem.

215 3012 315 3078 doctr.
333 3028 424 3079 metr.
441 3038 473 3101 p.
489 3034 564 3099 320.
582 3015 726 3101 quamvis
740 3016 780 3079 ab
795 3016 864 3103 ipso
879 3017 1002 3103 rejecta.

255 3138 330 3201 491.
346 3119 445 3202 ἄθεος]
464 3119 551 3184 ἄθεός
565 3116 592 3199 γ’
605 3117 682 3181 Ald.
695 3118 781 3204 quod
797 3134 953 3183 corrector
974 3118 1079 3207 posuit
1101 3131 1231 3206 propter
1249 3116 1320 3186 ἑνὸς

214 3218 278 3283 din
295 3243 385 3284 versu
404 3218 561 3306 strophico
576 3219 701 3284 lectum.

255 3325 305 3408 σε]
325 3350 375 3387 σοι
390 3323 465 3387 Ald.
481 3338 512 3386 et
527 3321 646 3409 aliquot
662 3323 755 3387 codd.

255 3445 328 3510 493.
346 3426 527 3508 μετατροπδ]
545 3427 727 3508 μετατροποὶ
742 3423 826 3488 Flor.
846 3445 875 3489 2.
894 3427 986 3489 Lasc.

255 3548 329 3612 494
361 3529 542 3612 σύγκρατον]
571 3529 728 3592 Amicitias
752 3529 876 3591 vinculo
901 3529 1112 3614 coqjurtctum.
1150 3530 1319 3609 σύγκροτον

215 3632 316 3694 Ταυτ.
334 3632 399 3695 Gn.
418 3632 510 3694 Laso.
527 3629 603 3693 Ald.

255 3752 329 3818 497.
346 3735 485 3817 δύστανε]
508 3731 713 3796 scribendum
730 3735 855 3812 δύστηνε
871 3753 910 3794 ex
926 3732 1000 3794 Par.
1019 3732 1112 3795 A.H.

257 3836 390 3919 τλήμων]
409 3835 613 3899 Scribendnm
637 3841 750 3917 τλῆμον
772 3858 810 3898 ex
836 3836 908 3898 l‘ar.
932 3837 973 3897 A.
997 3836 1088 3898 Laso.
1136 3835 1175 3897 ln
1200 3833 1245 3896 H.
1268 3849 1317 3899 est

212 3941 333 4020 τλήμον.

255 4061 436 4126 501-514.
462 4042 541 4104 Haec
563 4041 593 4104 in
615 4041 755 4127 quinque
773 4063 879 4104 versus
894 4053 967 4104 sunt
981 4040 1208 4118 distribuenda,
1226 4039 1317 4104 ἅδ’-

212 4148 285 4210 κατὰ
296 4145 392 4225 γαίας.
404 4143 419 4230 Ι
438 4146 805 4226 μᾶτερ-συγκαταβαίνω
824 4141 829 4230 Ι
850 4145 1131 4225 θῦμα-ἐπίκουρος.
1152 4145 1157 4228 Ι
1178 4145 1316 4208 κείσει-

212 4251 303 4332 νεκρῷ
319 4244 343 4309 τ’
364 4245 369 4332 Ι
389 4247 602 4327 ὤμοι-μᾶτερ.
619 4245 798 4333 pariterque
812 4245 842 4308 in
859 4245 1054 4333 antistropha
1067 4250 1250 4332 523-536.

254 4368 327 4434 502.
347 4348 524 4432 κεκλῃμένα]
545 4348 632 4412 Libri
650 4347 834 4427 κεκλειμένα.

253 4472 327 4538 503.
344 4452 446 4535 γαίας]
464 4477 509 4532 γρ.
527 4457 616 4531 γαῖαν
633 4452 705 4514 Par.
723 4450 761 4512 B.
