2864 4914
167 270 231 337 172
529 270 908 333 ANNOTATIONES

165 453 229 506 νας.
268 439 391 504 Locum
414 463 454 505 ex
480 438 702 526 Aristophanis
725 440 896 505 Phoenissis
919 437 1005 527 apud
1031 439 1151 504 Athen.
1175 458 1207 521 4
1235 463 1269 527 p.

167 557 230 626 154
252 543 295 606 E.
319 541 425 628 paullo
447 542 686 607 emendatiorem
711 566 878 630 apponam,
904 565 998 629 quam
1020 541 1180 628 quomodo
1202 542 1270 606 He-

163 645 254 732 n'nga
269 647 420 710 correxit:
443 645 497 713 Ἐς
511 647 637 709 Οἰδίπου
658 648 690 708 δὲ
704 652 802 720 παῖδε,
819 648 948 728 διπτύχω
971 646 1057 725 κόρω,
1068 642 1164 726 Ἀρης
1186 643 1270 708 κατέ-

165 747 268 831 capp),
293 749 324 815 ἐς
345 773 378 812 τε
398 747 572 831 μονομάχου
592 747 688 827 πάλης
710 746 832 829 Ἀγῶνα
858 752 911 812 νύν
934 750 1051 810 ἐστᾶσι.
1086 749 1206 829 (στῆναι
1227 749 1269 814 είς

165 852 275 932 ἀγῶνα,
294 861 330 913 ut
345 852 375 917 ἐς
390 853 471 930 δίκην
487 850 577 928 ἔστην
595 849 667 935 Iph.
682 850 724 912 Τ.
736 850 810 934 968.
827 849 940 914 στάντα
955 851 986 916 ἐς
1000 849 1096 932 ἀρχὴν
1111 849 1268 914 Herodot.

163 971 195 1036 3,
213 951 264 1014 80.
282 954 324 1019 εἰς
346 953 408 1033 ἔριν
424 953 512 1031 ἔστης
526 951 662 1015 Archias
676 951 808 1016 Anthol.
824 973 856 1038 3,
874 953 903 1030 8,
918 972 952 1037 3.
973 954 1005 1018 ἐς
1027 951 1124 1032 κρίσιν
1141 952 1269 1015 ίστασθε

163 1052 283 1117 Julian.
300 1055 380 1117 Caes.
397 1076 427 1139 p.
445 1073 519 1138 319.
536 1055 589 1134 Β.)
616 1054 721 1118 POR.

210 1155 301 1241 1368.
326 1156 409 1218 Tres
425 1178 542 1236 versus,
557 1180 637 1243 quos
659 1171 730 1244 post
745 1155 831 1220 hunc
844 1155 969 1220 addunt
983 1154 1090 1220 Aldus
1111 1167 1143 1218 et
1166 1155 1267 1218 MSS.

163 1255 274 1336 delevi,
285 1257 491 1322 Valckenarii
501 1259 657 1346 judicium
674 1271 817 1323 secutus:
841 1262 1000 1341 αἴσχιστον
1016 1261 1086 1321 alr&
1102 1256 1266 1337 στέφανον,

162 1362 292 1443 ὁμογενῆ
308 1370 435 1427 κτανεῖν.
458 1369 583 1430 πολλοῖς
595 1365 618 1426 δ’
633 1364 716 1444 ἐπήει
731 1362 841 1445 δάκρυα
853 1367 904 1441 τῆς
916 1364 1008 1444 τύχης
1019 1363 1086 1439 άση·
1104 1363 1268 1441 κᾶβλεψαν

162 1464 324 1543 άλλήλοισι
339 1467 489 1532 διαδόντες
504 1468 600 1547 κόρας.
647 1467 686 1530 111
702 1466 804 1552 primo
820 1468 919 1536 αἰτῶν,
935 1463 1022 1549 quod
1037 1462 1169 1548 conjecit
1185 1463 1268 1525 Can-

162 1581 259 1643 tetus,
274 1567 369 1632 habet
387 1569 428 1631 K.
444 1590 482 1630 ex
502 1567 719 1632 emendatione
737 1567 877 1653 ejusdem
901 1589 1021 1630 manus.
1068 1567 1107 1630 In
1130 1565 1268 1630 secundo

161 1670 222 1733 ὅσα
245 1672 336 1734 Cant.
364 1671 406 1734 K.
424 1671 472 1732 M.
491 1669 583 1734 Leid.
606 1693 665 1733 sec.
688 1672 727 1733 όδ
753 1669 830 1753 [imo
852 1672 868 1732 ό
892 1668 926 1754 ά]
952 1669 1036 1732 Flor.
1058 1692 1096 1733 ex
1123 1666 1267 1754 AEschyli

163 1772 251 1835 Pers.
278 1774 349 1836 116.
374 1786 409 1836 ut
431 1787 518 1836 notat
543 1772 782 1836 Valckenarius.
830 1773 868 1834 ln
893 1771 984 1835 tertio
1010 1775 1139 1839 διδόντες
1163 1771 1265 1836 MSS.

162 1895 224 1936 uon
240 1873 343 1961 pauci,
358 1876 536 1941 διαδιδόντες
551 1874 641 1938 Leid.
658 1897 704 1961 pr.
716 1876 851 1941 ἐνδόντες
864 1874 907 1936 Κ.
921 1873 1015 1938 Leid.
1028 1898 1087 1938 sec.
1111 1874 1267 1960 Agnoscit

162 1989 265 2037 tamen
288 1975 345 2039 hos
368 1999 475 2040 versus
497 1975 684 2054 scholiastes,
707 1977 798 2063 cujus
819 1976 916 2040 verba
934 1976 1063 2039 fortasse
1081 1975 1135 2039 vix
1157 1974 1265 2062 digna,

161 2099 235 2162 quae
249 2077 456 2164 corrigantur,
474 2078 631 2166 judicabit
646 2080 760 2145 lector:
784 2081 883 2144 λείπει
897 2082 955 2161 γὰρ
977 2078 1012 2141 τδ
1028 2079 1130 2142 ίνεκεν
1144 2083 1194 2158 τῆς
1215 2081 1265 2143 πύ-

161 2205 217 2263 xus
238 2181 256 2259 ἡ
277 2181 340 2260 δίκη
362 2181 409 2259 ἦν.
457 2182 565 2268 Lege:
590 2183 688 2245 λείπει
701 2186 759 2265 γδρ
774 2180 807 2245 τδ
824 2183 936 2246 ἕνεκεν.
972 2181 1073 2244 ἕνεκεν
1094 2184 1145 2258 τῆς
1165 2183 1264 2264 τύχης,

161 2282 310 2362 ἠλίκηῆν.
334 2284 437 2348 POR.

207 2404 301 2471 1373.
317 2385 414 2466 ηὔξατ’
430 2385 521 2450 codd.
536 2386 688 2474 plerique.
726 2388 824 2471 ηὔχετ’
840 2385 918 2450 Ald.
955 2388 1062 2469 ηὔχετο
1078 2386 1124 2448 Η.

208 2506 220 2549 1
225 2508 265 2571 37
268 2503 302 2572 5.
327 2489 525 2575 Sequebatur
541 2513 648 2554 versus
668 2514 687 2554 a
702 2488 906 2554 Valckenario
921 2488 1042 2553 deletus
1056 2496 1177 2554 κτανεῖν
1192 2488 1217 2553 θ’
1233 2488 1266 2557 δς

160 2588 234 2667 ήλθε
251 2593 375 2672 πατρίδα
389 2592 548 2673 πορθήσων
564 2593 647 2674 ἐμήν.
686 2592 758 2657 Vid.
774 2592 813 2656 ad
831 2616 859 2654 v.
878 2608 953 2677 755.

209 2710 302 2777 1379.
319 2693 477 2779 ἀλλήλοις]
496 2695 647 2774 ἀλλήλους
662 2696 727 2760 duo
743 2694 835 2759 codd.

202 2795 295 2878 1381.
313 2794 398 2878 ἔγχη,
414 2797 499 2882 quod
521 2797 610 2862 addit
625 2798 732 2862 Aldus
745 2814 816 2885 post
832 2796 980 2880 ξυνῆψαν,
996 2797 1148 2861 omittunt
1164 2798 1262 2862 MSS.

162 2896 335 2982 Gregorius
351 2898 539 2962 Nazianzeu.
560 2901 602 2964 T.
619 2918 647 2963 2.
670 2923 702 2986 p.
719 2901 757 2963 28
775 2900 818 2964 D.
837 2898 952 2980 Κόπροι
974 2898 997 2962 δ’
1014 2901 1101 2972 ὅπως,
1123 2898 1265 2980 θήγοντες

160 2986 267 3065 άγρίαν
282 2983 382 3065 γένυν,
398 2983 456 3052 Ὡς
471 2986 509 3048 δν
522 2985 697 3066 μῖμήσωμσί
709 3012 738 3050 τι
752 2991 802 3065 τῆς
816 2986 988 3070 τραγῳδίας,
1002 2988 1093 3066 (nota
1105 2985 1264 3049 metricam

160 3084 233 3148 boui
250 3086 399 3172 Episcopi
422 3086 581 3173 peritiam)
596 3088 696 3166 Λοξδν
709 3088 878 3168 βλέποντες
901 3088 1037 3166 ἐμπύροις
1059 3093 1120 3154 τοῖς
1140 3089 1262 3167 ὄμμασι,

160 3192 325 3267 Σννῆπτσν.
372 3189 468 3253 Unde
497 3191 620 3277 conjicit
644 3188 886 3266 Valckenarius,
913 3188 963 3252 hic
989 3187 1104 3252 lectum
1127 3189 1223 3254 luisse
1244 3214 1265 3255 a

161 3290 316 3377 Gregorio
332 3292 498 3371 senarium,
515 3294 613 3372 Λοξδν
624 3294 791 3373 βλέποντες
807 3294 981 3372 ἐμπύροισιν
996 3294 1119 3370 ὄμμασι,
1135 3308 1164 3355 et
1180 3315 1265 3356 com-

159 3409 249 3480 parat
266 3397 345 3458 Stat.
364 3396 459 3461 Theb
489 3417 539 3473 11,
555 3416 629 3481 530.
655 3397 757 3460 POR.

207 3501 299 3584 1383.
325 3498 528 3577 ἐξολισθαίνοι
543 3523 650 3563 omnes
671 3500 744 3563 edd.
760 3515 791 3564 et
807 3500 908 3563 MSS.
948 3495 1156 3582 [ἐξολισθάνοι
1173 3499 1262 3583 Aug.

161 3623 252 3664 unus.
286 3602 463 3681 ἐξολισθόνη
479 3601 566 3664 Flor.
582 3602 671 3687 duo]
720 3604 879 3679 Formam,
893 3624 965 3687 quae
988 3597 1053 3663 sola
1072 3598 1208 3682 antiquis
1230 3599 1262 3662 in

161 3726 219 3766 usu
243 3703 338 3767 luisse
361 3703 494 3778 videtur,
517 3704 651 3790 reposui.
699 3704 867 3792 Sophocles
893 3703 978 3788 apud
1002 3702 1131 3767 Suidam
1157 3725 1185 3767 v.
1212 3704 1262 3769 ὡς·

161 3810 330 3886 Θαυμαστὰ
348 3810 404 3888 γὰρ
426 3806 460 3869 τδ
480 3804 569 3884 τόξον
589 3809 627 3873 ὡς
647 3807 813 3871 ὀλισθάνει.
859 3806 1006 3870 Comicus
1028 3806 1154 3891 ignotus
1175 3803 1261 3891 apud

160 3907 322 3972 Plutarch.
339 3910 428 3971 Erot.
444 3931 517 3993 pag.
531 3910 592 3992 769
607 3909 646 3970 B.
662 3910 837 3986 Οἰκειότητα
859 3907 883 3971 δ’
901 3907 1062 3987 ἐμβλέπων
1081 3908 1260 3971 ὠλίσθανον.

161 4010 300 4074 Priorem
317 4010 418 4073 locum
434 4008 541 4074 attulit
557 4010 731 4074 Dawesius.
756 4011 839 4088 Quin
856 4009 945 4073 etiam
964 4009 994 4072 in
1008 4011 1147 4073 oratione
1161 4008 1263 4073 soluta

160 4127 191 4177 et
205 4113 289 4200 apud
314 4112 477 4198 scriptores
500 4135 561 4175 non
581 4112 659 4176 adeo
674 4129 813 4177 vetustos
835 4113 901 4176 haec
923 4112 1024 4176 forma
1043 4136 1104 4176 non
1128 4136 1198 4176 raro
1212 4137 1262 4176 oc-

160 4216 267 4292 currit,
284 4231 319 4279 ut
334 4215 419 4302 apud
438 4216 598 4280 Plutarch.
615 4218 657 4280 T.
678 4236 707 4278 π.
724 4239 756 4302 p.
773 4236 835 4300 405
851 4217 888 4278 F.
905 4217 1082 4279 ὠλίσθονεν.
1116 4214 1260 4279 Eandem

159 4343 197 4383 ex
215 4320 315 4383 MSS.
332 4317 467 4382 restituit
488 4319 669 4384 Perizonius
685 4319 811 4383 AEliano
831 4338 878 4383 12.
894 4320 945 4398 46.
993 4319 1032 4382 In
1058 4317 1213 4382 Pausania
1228 4322 1260 4392 6,

165 4445 211 4511 14.
235 4446 265 4510 p.
280 4423 355 4506 487.
380 4437 461 4488 utet
480 4423 510 4486 in
536 4425 633 4488 Suida
656 4448 686 4489 V.
704 4427 822 4498 Μίλων,
839 4422 942 4487 editur
964 4423 1181 4494 άλισθαίνονσι,
1204 4421 1259 4484 sed
