2864 4914
553 286 622 350 AD
644 284 884 351 ORESTEM.
1205 286 1269 349 111

211 458 308 544 1085.
323 457 343 539 ι]
358 459 437 524 πολὺ
447 456 617 523 duodecim
632 458 761 524 oodioea
799 457 890 536 ἦσαν
906 457 984 522 Ald.

211 578 303 644 1092.
320 559 348 643 γ’
363 559 507 625 additum
521 583 559 625 ex
577 560 678 625 tribua
692 558 785 624 codd.
800 559 988 624 recentibus.

210 681 302 748 1094.
325 664 521 748 θκρόιιτολιν]
546 664 709 745 ἀκρόπολιν
722 660 816 727 codd.
834 660 936 739 multi,
953 685 1035 727 unua
1055 684 1128 726 oum
1149 661 1192 750 gi
1216 690 1270 744 μιγ-

162 766 332 847 τρόιπολιν.

209 885 304 950 1107.
319 868 420 948 δόμοις
434 869 485 953 δὲ]
502 869 620 948 δόμοισι
632 870 667 933 δὲ
683 869 722 932 Β.
738 883 771 933 et
787 867 879 933 Harl

210 970 302 1035 1108.
327 968 495 1034 Menelaus
516 985 548 1034 et
567 970 692 1035 Helena
706 970 920 1035 haereditatem
934 971 1057 1036 Orestis
1072 994 1127 1059 ape
1141 970 1270 1036 devora-

162 1086 243 1137 rant.
288 1071 404 1137 Omnia
416 1071 514 1159 igitur
528 1072 748 1160 obsignabant.
792 1071 888 1150 Quod
905 1072 930 1137 si
945 1073 1016 1159 quia
1038 1073 1105 1138 baeo
1119 1097 1185 1139 ease
1206 1074 1268 1140 hu-

163 1173 288 1240 miliora
304 1197 402 1261 quam
425 1198 483 1262 pro
505 1175 668 1262 tragoediae
690 1176 843 1263 dignitate
864 1175 1002 1263 objiciat,
1024 1176 1210 1256 meminerit,
1228 1177 1270 1241 ob

163 1277 224 1342 hoc
245 1277 348 1366 ipsum
368 1277 449 1342 male
469 1279 606 1343 audiisse
628 1279 827 1367 Euripidem,
839 1279 929 1365 quod
952 1278 992 1342 ad
1013 1301 1061 1342 rea
1083 1279 1220 1345 minutas
1238 1295 1271 1344 et

162 1378 348 1446 domestioaa
377 1380 599 1468 Melpomenen
628 1381 806 1447 detruserit.
846 1382 964 1447 Confer
988 1381 1155 1469 Aristoph.
1184 1384 1269 1447 Ran.

166 1501 389 1566 1002-1019.
411 1485 516 1548 POR.

211 1605 305 1652 1112.
330 1588 405 1651 Hoc
420 1610 512 1651 versu
526 1587 630 1652 utitur
645 1586 763 1652 AElian.
780 1588 823 1651 N.
840 1589 884 1650 A.
900 1602 934 1669 7,
951 1603 1004 1672 25.
1028 1610 1047 1651 a
1070 1589 1212 1652 Poraono
1224 1587 1267 1651 ci·

162 1706 258 1756 talus.

211 1796 303 1858 1116.
318 1796 355 1860 οῦ
369 1794 509 1881 χάζομαι]
535 1793 742 1860 scribendum
762 1817 802 1857 ex
817 1793 944 1857 duobus
958 1792 1097 1857 tribusve
1108 1790 1270 1857 codicibus

163 1896 223 1981 σῦχ
237 1897 352 1977 ἅζομαι.
392 1897 465 1962 vid.
480 1896 591 1964 Elmsl.
608 1897 649 1962 ad
665 1895 881 1961 Heraclooo.

211 2018 305 2083 1119.
317 2001 367 2085 ές]
385 2003 427 2068 εἰς
440 1998 532 2065 oodd.
546 1997 666 2086 aliquot
681 2013 713 2062 et
727 1996 807 2062 Ald.

211 2121 305 2169 1121.
328 2105 347 2168 θ
368 2103 527 2188 πάσχομεν
548 2102 668 2167 dict-um
691 2101 809 2188 aocipio
827 2125 886 2189 pro
896 2100 947 2167 dn
971 2108 1061 2168 ταῦτα
1081 2102 1177 2186 αόσχ.
1191 2125 1269 2190 quo-

164 2205 260 2271 modo
276 2208 341 2274 αῐος
365 2221 398 2272 et
419 2205 492 2275 ὅσος
511 2229 595 2294 saepe
619 2219 788 2293 ponuntur.
834 2205 896 2270 Sed
919 2205 962 2271 sic
983 2205 1076 2271 etiam
1098 2206 1132 2274 ός
1154 2206 1268 2293 Eurip.

164 2308 244 2373 Hel.
260 2327 337 2394 924.
353 2309 406 2389 τὴν
421 2308 446 2373 δ’
462 2310 573 2374 ὰθλόαν
588 2307 644 2389 ἔμ’,
660 2309 740 2372 οἶσιν
755 2308 889 2390 ἔγκειμαι
911 2316 1021 2386 κακοῖς,
1036 2311 1135 2390 ῥῦσαι,
1151 2331 1209 2395 pro
1223 2308 1269 2374 ότι

164 2416 280 2482 τούτοις
300 2415 364 2497 ἔγκ.
381 2442 408 2479 κ.
427 2428 460 2479 et
479 2416 518 2482 ὥς
541 2413 648 2502 Iphig.
665 2416 708 2478 T.
727 2431 820 2496 1147.
837 2413 937 2496 σοφήν
952 2413 980 2478 σ’
997 2415 1128 2497 ἔθρεψεν
1141 2413 1267 2494 Ἑλλὰς,

164 2517 205 2583 ὥς
219 2515 316 2604 ᾔσθου
330 2525 438 2592 καλῶς,
454 2518 474 2582 i
490 2541 517 2582 e.
532 2517 579 2582 ὅτι
592 2520 668 2582 οὕτω
685 2523 782 2584 καλῶς
804 2515 834 2604 ᾔ.
857 2515 940 2582 Plat.
956 2516 1108 2582 Phoedon.
1124 2540 1156 2604 p.
1170 2519 1224 2602 58.
1240 2542 1267 2583 a.

165 2619 312 2700 εόθαέρννν
325 2620 383 2703 γάρ
396 2647 447 2701 μοι
461 2623 478 2685 ὁ
493 2621 567 2702 ἀνὴρ
586 2621 731 2702 έφαένατο
750 2619 801 2683 καὶ
820 2623 873 2682 τοῦ
889 2622 999 2701 τρόπον
1020 2621 1069 2685 καὶ
1081 2625 1141 2684 τῶν
1151 2622 1266 2703 λόγων,

165 2722 206 2789 ὃς
219 2724 312 2791 όθεῦς
327 2725 375 2788 καὶ
389 2727 533 2807 γενναίως
547 2724 697 2788 ἐτελεύτα.
722 2723 913 2787 ΜΑΤΤΗ.

213 2844 305 2891 1122.
322 2825 513 2913 ἐκδακρῦσαι]
530 2828 708 2906 ένδακρῦσαι
722 2824 840 2911 aliquot
856 2825 949 2892 codd.

207 2928 397 3013 “xflaulviv
411 2927 542 2994 oedioea
564 2926 732 3012 κεχορρένη
747 2925 826 2991 Ald.

211 3034 304 3098 1126.
319 3034 452 3114 πρόσθεν
461 3029 490 3094 4δ’
506 3028 597 3094 codd.
613 3027 749 3116 plurimi.
782 3030 829 3093 καὶ
843 3027 996 3110 πρόσθεθ’
1014 3030 1058 3093 Η.
1075 3042 1108 3093 ot
1122 3029 1200 3094 Ald.

211 3149 304 3217 1127.
328 3132 514 3221 ἐκκλῄσομεν
534 3156 574 3198 ex
595 3131 716 3218 aliquot
737 3131 829 3197 oodd
849 3131 1040 3197 restitutum.
1074 3135 1268 3214 ἐκκλείσομεν

209 3342 326 3406 ἄλλοσε
341 3339 450 3422 στέγης
463 3338 595 3405 oodioea.
619 3339 726 3406 ᾰλλσσ’
744 3343 778 3405 έν
793 3339 916 3421 στέγαις
930 3337 1007 3401 Ald.

211 3461 305 3528 1129.
319 3439 354 3528 ᾖ]
367 3443 404 3506 οῖ
416 3465 470 3506 sax
485 3442 617 3507 codices.

211 3565 305 3631 1133.
320 3545 359 3610 ἃν
373 3545 425 3631 ἣν]
442 3545 480 3624 ἦν
492 3545 530 3610 du
546 3558 608 3609 tres
622 3544 713 3610 codd.

212 3649 306 3735 1158.
322 3649 452 3734 ἐξεῦρες]
472 3647 677 3713 scribendum
695 3651 821 3729 ἑξηῦρετ.

212 3752 305 3816 1160.
320 3749 345 3814 τ’
361 3752 400 3815 Β.
417 3766 449 3815 et
462 3765 614 3838 quattuor
621 3749 687 3814 alii.
713 3748 739 3813 δ’
755 3749 831 3813 Ald.
847 3762 878 3813 et
894 3750 979 3813 Flor.
995 3748 1070 3813 duo.
1093 3749 1199 3813 Ceteri
1215 3772 1266 3814 oo-

162 3854 250 3920 dioaa
263 3856 416 3920 omittunt
429 3852 624 3941 particulam.

211 3976 306 4042 1174.
326 3962 480 4032 κτανοῦσι,
501 3958 542 4037 μὴ
560 3962 704 4022 θανοῦσιν
718 3953 851 4020 codices.
888 3956 1059 4030 κτανοῦσιν,
1075 3954 1110 4017 οῦ
1125 3958 1268 4018 θανοῦσιν

210 4166 306 4247 1176.
330 4162 441 4247 τέρψαι
454 4161 553 4245 φρένα
566 4185 605 4226 ax
616 4160 713 4226 oodd.
730 4158 871 4247 plurimis
889 4171 921 4223 et
934 4155 1061 4244 optimis
1075 4158 1267 4224 restitutum.

162 4267 267 4351 τέρψιν
289 4267 402 4350 φρένας
421 4265 500 4330 Ald.
524 4263 758 4330 “constructio
773 4277 837 4327 eat:
861 4261 914 4340 ἡδὺ
929 4259 987 4342 γόρ
1008 4261 1073 4324 έστι
1095 4262 1144 4325 καὶ
1157 4264 1206 4326 διὸ
1219 4287 1267 4325 στ.

163 4396 212 4434 π.
224 4397 260 4452 μ.
275 4372 323 4436 dd.
338 4370 449 4453 τέρψαι
470 4367 570 4452 φρένα
591 4365 738 4453 duim
759 4366 920 4447 βούλομαι.
943 4360 1029 4449 quod
1050 4384 1142 4426 aenan
1159 4362 1267 4428 eodem

708 4489 721 4531 1
