2864 4914
529 301 597 364 ΑΙ)
620 299 860 367 ORESTEM.
1197 299 1237 361 81

138 467 289 534 Tibullus
309 490 336 535 1.
359 492 390 550 4
414 472 467 557 69.
512 470 560 535 Et
584 478 777 536 tercentenas
801 468 964 532 erroribus
988 466 1113 553 repleat
1136 468 1237 533 arbes.

136 570 241 636 POR.
288 574 328 636 ln
343 595 436 637 versu
452 571 571 637 Orestis
585 571 662 636 nihil
677 571 808 658 impedit
823 569 991 656 quominus
1006 591 1096 633 sensu
1111 571 1239 657 proprio

131 671 327 760 intelligatur
340 672 381 739 de
396 689 490 760 portu
505 672 638 737 navibus
651 671 821 759 implendo.

174 790 228 859 59.
245 777 287 860 ἐς]
306 779 348 843 εἰς
364 778 408 840 H.
424 791 456 840 et
471 778 577 861 Mosq.
594 775 667 839 duo.

174 877 292 956 πέτρον
305 877 398 942 oodd.
413 877 564 942 nonnulli.
587 882 703 958 πετρῶν
718 874 795 939 Ald.

175 979 229 1041 61.
245 978 398 1062 ξυμφορός
411 980 552 1066 quinque
567 977 660 1043 codd.
677 976 835 1059 συμφοράς
848 991 911 1041 tres
926 994 957 1042 et
972 977 1143 1042 scholiasta.
1163 1003 1239 1057 συμ-

132 1079 233 1161 φοράν
247 1080 326 1145 Ald.

176 1183 229 1246 62.
246 1182 290 1266 ἐς]
307 1185 350 1250 εἰς
364 1183 451 1249 Flor.
468 1158 542 1247 sex:

177 1284 230 1347 66.
248 1283 364 1349 lisdem
380 1285 484 1350 verbis
498 1286 600 1349 utitur
621 1284 652 1348 in
674 1286 754 1350 Hec.
770 1303 841 1369 279.
864 1286 954 1372 ταύτῃ
976 1283 1091 1367 γέγηθα
1113 1284 1237 1362 κάπιλή-

134 1399 224 1473 θομαι
239 1401 346 1459 κακῶν.

177 1499 232 1578 67.
249 1500 291 1564 εἰς
304 1497 376 1562 δδδν
392 1498 608 1586 Musgravius.
636 1501 756 1562 εἴσοδον
769 1496 851 1561 libri.

180 1598 233 1662 68.
249 1600 302 1680 69.
326 1602 428 1681 ὀρμεῖν
443 1600 507 1663 sive
522 1603 660 1684 ὀχεῖσθαι
681 1602 730 1664 ἐπὶ
745 1601 874 1681 ἀγκύρας
889 1598 998 1663 dicunt
1014 1597 1132 1677 Graeci,
1150 1612 1183 1662 ut
1207 1599 1238 1661 in

134 1698 294 1765 notissima
316 1701 538 1766 Demosthenis
562 1701 724 1779 sententia,
748 1701 801 1765 ούκ
824 1702 873 1763 ἐπὶ
894 1705 944 1779 τῆς
966 1701 1054 1779 αὐτῆς
1075 1703 1161 1781 ὁρμεῖ
1178 1707 1240 1768 τοῖς

134 1809 271 1879 πολλοῖς,
288 1802 342 1867 ubi
359 1802 610 1868 subaudiendum
631 1803 760 1885 δγπύρας
774 1816 880 1867 monet
894 1801 1134 1888 Harpocration.
1180 1802 1238 1879 Et,

135 1926 208 1968 cum
224 1926 295 1992 spes
308 1903 467 1990 aptissime
482 1928 539 1992 per
557 1927 701 1969 ancoram
725 1904 926 1990 significetur,
943 1902 1088 1967 facillime
1111 1901 1246 1966 translass

135 2005 221 2070 tione
242 2004 364 2083 dicunt,
386 2005 431 2070 ἐπ’
456 2009 575 2074 ὀλπιδος
596 2008 745 2090 ὀχεῖσθαι,
769 2004 853 2069 unde
873 2005 905 2068 in
929 2005 1128 2091 proverbium
1151 2005 1239 2068 abiit.

135 2104 302 2192 Aristoph.
330 2108 395 2195 Eq.
423 2127 514 2188 1241.
542 2107 644 2186 Λεπτή
669 2132 712 2173 τις
736 2109 819 2172 ἐλπίς
846 2107 919 2180 ἔστ’,
945 2105 993 2188 ἐφ’
1020 2107 1055 2185 ἦς
1079 2108 1237 2190 ὀχούμεθα.

138 2206 228 2271 ldem
245 2208 331 2294 apud
347 2209 468 2273 Athen.
484 2227 533 2275 ια.
548 2232 579 2296 p.
591 2228 665 2294 551.
682 2210 719 2272 C.
738 2210 776 2274 ὥς
792 2207 898 2290 σφόδρ’
914 2210 963 2272 ἐπὶ
978 2214 1095 2271 λεπτῶν
1111 2211 1240 2273 ἐλπίδων

136 2308 257 2391 ὀχεῖσθ
280 2311 347 2393 δρα,
371 2310 456 2398 quod
485 2310 566 2375 male
591 2311 622 2373 in
650 2308 765 2393 ὀχεῖσθ
789 2323 890 2373 mutat
917 2307 1096 2372 Brunclius
1119 2310 1181 2373 vol.
1210 2329 1238 2374 2.

135 2433 167 2497 p.
183 2411 273 2495 1580.
292 2411 385 2476 Plato
400 2413 503 2498 Legg.
518 2432 548 2497 3.
566 2434 597 2498 p.
615 2416 689 2497 699.
707 2411 745 2473 B.
764 2412 812 2474 ὀπὶ
826 2413 858 2473 δὲ
873 2414 924 2488 τῆς
941 2413 1062 2476 ἑλπιδος
1082 2412 1240 2494 ὀχούμενοι

135 2513 252 2592 ταύτης.
272 2512 432 2578 Plutarch.
453 2513 514 2578 vol.
527 2533 555 2580 2.
570 2536 603 2601 p.
618 2532 709 2598 1103.
727 2513 768 2576 E.
794 2513 845 2576 καί
864 2537 909 2575 τοι
932 2513 1006 2579 νεὼς
1025 2514 1082 2592 μὲν
1105 2514 1240 2576 ὀκπεσδν

136 2617 326 2696 διαλυθείσης
341 2615 385 2680 ἐπ’
403 2617 523 2683 ἐλπίδος
537 2619 653 2700 ὀχεῖται
667 2616 756 2688 τινὸς,
770 2616 857 2696 ὦςγῇ
872 2613 1027 2696 προσέξων
1041 2614 1075 2677 τδ
1091 2621 1177 2695 σῶμα
1192 2616 1240 2678 καὶ

137 2718 355 2796 διανηξόμενος·
377 2740 450 2805 quae
460 2718 577 2781 frustra
592 2718 625 2780 in
641 2739 747 2780 versus
760 2715 900 2801 redigere
913 2728 1045 2779 conatur
1060 2713 1240 2780 Valckenae-

135 2816 202 2881 rius
216 2818 351 2884 Diatrib.
368 2842 400 2906 p.
418 2837 489 2899 240.
521 2819 654 2883 Phrasin
670 2817 801 2881 variavit
816 2820 931 2882 Noster
948 2818 1081 2883 dicendo
1095 2821 1240 2886 ὀισθενούς

135 2921 232 3000 ῥύμης
249 2942 309 3007 pro
329 2922 450 2988 ἐλπίδος
467 2925 586 3000 λεπτῆς,
602 2919 689 3007 quod
711 2943 773 2984 non
796 2921 899 2983 minus
921 2920 1081 2985 commode
1105 2935 1239 2986 metrum

136 3020 320 3087 admisisset.
365 3022 427 3087 Sed
450 3039 535 3087 amat
557 3021 724 3110 proverbia
748 3021 889 3109 paullum
914 3039 1035 3086 mutare
1059 3022 1240 3109 Euripides,

138 3136 174 3186 ut
203 3122 287 3188 infra
309 3125 381 3208 885.
406 3125 554 3204 Ἀσθενὴς
578 3125 659 3206 ῥύμη
682 3124 794 3187 iterum
821 3123 956 3187 occurrit
981 3124 1141 3188 Heraclid.
1166 3125 1238 3210 649.

101 3301 107 3311 Ι
138 3223 214 3288 Hel.
228 3225 299 3311 285.
312 3224 447 3309 Ἀγκνρα
462 3225 497 3305 δή
517 3225 555 3310 [δ’
571 3228 602 3311 ἥ]
621 3253 678 3306 μου
693 3229 746 3292 τδς
760 3228 853 3308 τύχας
867 3226 939 3309 ὤχει
953 3228 1037 3306 μόνη.
1055 3226 1160 3289 POR.

182 3343 232 3412 73.
250 3343 300 3409 74.
324 3329 450 3392 Horum
473 3350 620 3391 versuum
643 3327 795 3391 sententia
814 3326 922 3402 facilis,
938 3328 1127 3391 constructio
1142 3328 1239 3416 impe-

136 3427 211 3494 dita.
257 3429 416 3494 Heathius
442 3453 480 3494 ex
507 3429 669 3495 scholiaste
696 3430 760 3512 ἔχει
784 3452 843 3517 pro
869 3429 936 3511 ἔφυ.
984 3429 1044 3492 Sed
1070 3429 1122 3493 vix
1148 3445 1239 3518 puto,

136 3531 321 3597 scholiasten
342 3532 387 3597 ita
408 3533 537 3620 legisse3
564 3545 685 3598 tantum
709 3532 838 3620 exponit
861 3533 919 3615 ἔφυ
941 3555 997 3618 per
1017 3533 1119 3615 ἔφυτε,
1135 3548 1167 3596 et
1181 3533 1240 3597 hoc

135 3657 193 3722 per
214 3635 309 3718 ἔχετε.
356 3634 513 3723 Exempla
535 3635 692 3722 phraseos,
714 3641 774 3701 πῶς
801 3636 870 3713 εύμδ,
893 3632 1000 3698 attulit
1023 3635 1239 3720 Musgravius,

136 3735 190 3801 sed
210 3759 251 3801 ex
273 3736 377 3800 minus
398 3737 537 3824 probatis
559 3737 751 3814 auctoribus,
768 3736 923 3813 Luciano,
941 3734 1079 3815 AEliano,
1095 3739 1118 3800 J
1122 3736 1237 3802 uliano.

53 3831 61 3841 ’
136 3837 241 3903 Addit
256 3838 462 3904 Scholiastes:
482 3838 669 3923 ὀγνοοΰντές
683 3863 761 3904 τινες
775 3837 809 3900 τδ
824 3840 874 3902 ὅδε
889 3838 954 3902 ἀντὶ
969 3842 1022 3901 τού
1035 3840 1116 3904 ὅστις
1130 3842 1237 3920 φασίν.

136 3942 201 4006 ἔστι
216 3944 248 4007 δὲ
263 3945 313 4007 ὅδε
328 3946 377 4006 διδ
390 3942 485 4022 μέσον
500 3945 652 4005 δεικτικόν.
693 3941 838 4004 Fortasse
853 3938 895 4003 illi
913 3940 946 4008 δς
963 3940 1117 4027 legerunt,
1136 3942 1237 4026 [quod

135 4044 380 4132 superscriptum
402 4059 449 4109 est
469 4045 501 4108 in
526 4044 617 4109 Harl.
635 4045 747 4129 6300.]
802 4043 889 4108 Nihil
913 4065 985 4108 sanc
1007 4043 1119 4107 melius
1134 4043 1235 4121 video,

134 4169 230 4232 quam
256 4160 292 4210 ut
319 4147 363 4210 ita
385 4145 520 4233 legatur,
546 4162 578 4210 et
601 4146 669 4210 haec
699 4146 739 4210 sit
767 4147 969 4223 constructio,
993 4151 1054 4213 πῶς
1081 4147 1164 4223 (ἔστε
1187 4148 1236 4210 vel

135 4249 236 4332 ἔχετε)
269 4251 309 4314 σύ
341 4274 375 4312 τε
407 4250 582 4330 κασίγνητός
615 4272 647 4310 τε
685 4249 737 4313 σδς
772 4247 927 4328 Ὀρέστης,
966 4247 998 4313 δς
1035 4247 1092 4329 ἔφυ
1127 4249 1237 4328 μητρὸς

134 4351 264 4431 porciu
296 4348 391 4428 Quod
413 4348 453 4414 ad
475 4355 538 4417 πῶς
558 4349 680 4427 attinet,
704 4348 844 4413 similiter
864 4349 1032 4413 adhibetur
1055 4348 1142 4434 Cycl.
1163 4351 1234 4412 2‘06.

136 4457 208 4520 l'liis
232 4477 283 4532 μοι
309 4452 371 4516 κατ’
393 4453 487 4532 ἄντρα
513 4453 641 4534 νεόγονα
664 4451 874 4533 βλαστήματα,
891 4449 939 4516 Ἢ
960 4453 1034 4533 πρός
1055 4477 1091 4531 γε
1112 4457 1236 4530 μαστοῖς

675 4576 694 4615 α
