2864 4914
210 277 276 348 476
576 282 957 347 ANNOTATIONES

209 449 367 538 scripsisse
387 453 481 533 ῥοαῖς,
502 451 635 516 alterum
657 474 724 516 esse
745 453 786 517 ub
807 452 1040 540 interpolatore,
1055 452 1112 539 qui
1134 451 1320 516 meminerat

208 555 305 620 πνοὰς
325 576 346 617 α
369 553 490 619 Graecis
515 553 575 618 hoc
597 568 738 641 tempore
762 554 945 642 exspectari.
994 554 1026 619 Si
1049 553 1174 642 legatur
1198 560 1318 627 πνοαῖς,

208 653 288 718 verti
310 669 413 742 potest
436 656 485 720 ἐπὶ
506 677 588 735 cum,
612 669 649 720 ut
672 679 700 721 v.
725 656 801 741 656.
823 654 897 736 μένε
918 657 967 721 ἐπὶ
987 655 1110 730 τέκνοις,
1131 677 1224 719 mam
1245 678 1320 720 σανα

207 755 326 821 liberis.
351 758 506 821 MARK.

253 857 329 923 816.
347 858 458 946 Ἴλιον]
486 859 692 926 Scribendum
714 858 808 926 Ἰλίου
829 882 869 924 ex
892 858 1062 938 codicibus,
1078 859 1110 923 in
1130 859 1247 947 quibus
1270 875 1320 924 est

218 942 312 1029 uel.

254 1063 327 1145 817.
344 1061 373 1145 γ’
389 1086 451 1128 om.
466 1063 554 1128 Flor.
573 1084 602 1128 1.
619 1083 648 1129 2.

252 1165 326 1228 818.
349 1165 510 1230 AEschinis
528 1165 625 1230 verbs
646 1188 678 1254 p.
693 1167 768 1251 561.
784 1166 834 1230 ed.
851 1165 958 1231 Reislr.
974 1179 1135 1254 comperet
1151 1164 1318 1231 Marklan-

208 1265 270 1330 dus
284 1270 322 1332 τὰ
335 1272 396 1331 τῶν
410 1265 569 1348 Ἑλλήνων
584 1266 744 1348 ἀναμένειν
757 1267 944 1348 μελλήματα.

254 1368 328 1434 821.
343 1372 431 1437 olcus
445 1392 531 1434 error
546 1368 720 1456 typothetae
735 1393 794 1456 pro
809 1370 905 1436 albeis.

253 1470 326 1551 824.
355 1470 460 1551 σέβεις
482 1471 557 1534 felix
584 1485 632 1535 est.
655 1470 836 1536 correctoris
861 1469 972 1534 Aldini
998 1468 1182 1534 emendatio.
1229 1470 1315 1532 Nam

208 1571 330 1637 codices
344 1595 452 1636 omnes
466 1571 619 1654 προσέβης
634 1573 680 1636 ἄν.

122 1712 124 1716 ·
252 1675 327 1738 826.
343 1674 586 1759 πεφραγμένους]
606 1673 812 1744 scribendum
828 1671 1068 1756 πεφαργμένους.

252 1776 325 1840 828.
340 1776 466 1856 μούστὶν
481 1774 681 1841 Gaisfordus.
716 1775 806 1839 Libri
821 1800 873 1856 μοι
886 1778 973 1840 ’στίν

253 1878 326 1962 831.
341 1883 446 1958 μεῖνον
461 1876 686 1942 Valckenarius
700 1876 741 1940 sd
757 1875 872 1940 Phoen.
887 1897 961 1960 904
999 1876 1090 1941 Libri
1105 1879 1214 1942 δεινόν.

251 1977 296 2064 γ’]
313 1980 339 2043 δ’
354 1978 441 2044 Flor.
457 2000 486 2044 1.
527 1978 734 2044 Scribeudum
749 1977 773 2042 r’
789 2001 861 2043 cum
879 1978 1081 2043 Marklando.

252 2079 327 2164 832.
342 2082 504 2164 μακαρίαν]
521 2082 656 2145 Praestst
669 2082 820 2161 μακαρίαν
835 2079 926 2145 scribi
941 2102 1013 2144 cum
1030 2078 1232 2146 Merklsudo.

252 2181 327 2267 833.
346 2181 487 2263 αἰδοίμεθ’
503 2181 631 2247 codices.
655 2180 802 2262 αἰδούμείῗ
820 2180 896 2245 Ald.

252 2285 326 2369 834.
341 2286 504 2369 ψαύοιμεν]
524 2285 562 2350 ἂν
576 2283 698 2349 addunt
715 2284 788 2347 Pur.
805 2285 845 2348 C.
860 2282 947 2348 Flor.
967 2303 993 2348 1.
1011 2301 1042 2350 2.

253 2388 326 2472 835.
343 2387 462 2473 γαμεῖς]
478 2392 585 2469 γομοῖς
598 2385 687 2450 Flor.
707 2406 735 2449 1.
752 2403 781 2451 2.

251 2489 325 2573 837.
341 2486 411 2574 φῄς]
431 2487 523 2552 Libri
539 2485 655 2572 ἔφησθ’.
679 2485 825 2551 Correxit
840 2486 1018 2551 Barnesius.

252 2591 325 2672 840.
341 2587 549 2675 μεμνημένοις]
569 2591 669 2653 Recte
679 2587 882 2669 μεμνημένους
895 2604 1068 2655 correctum
1084 2589 1115 2653 in
1128 2589 1203 2654 edit.
1217 2591 1314 2655 Com·

206 2693 383 2758 meliniana.

251 2796 324 2869 846.
340 2796 394 2858 οὖν
408 2792 568 2857 Matthiae.
607 2792 696 2855 Libri
712 2792 756 2856 οὐ.

251 2900 324 2980 847.
340 2898 359 2976 ς]
375 2895 551 2960 Barnesius.
575 2893 685 2974 iJAld.
724 2895 820 2959 Conf.
835 2896 906 2961 Alc.
924 2897 996 2960 816.

250 3001 326 3084 851.
345 2998 372 3063 σ’
388 3022 451 3062 om.
467 3000 495 3061 F
499 2997 555 3062 lor.
574 3018 601 3062 1.
619 3016 647 3060 2.

250 3104 269 3167 8
270 3122 323 3188 53.
340 3103 388 3166 καὶ
403 3103 452 3165 σοὶ
468 3099 625 3164 Matthiae.
663 3098 769 3186 Vulgo
783 3102 834 3164 καί
847 3125 907 3163 σοι.

250 3205 290 3288 85
292 3225 324 3288 5.
348 3203 413 3266 Hic
428 3202 506 3266 etin
522 3201 724 3287 sequentibus
746 3186 923 3282 πρεσβύτου
939 3224 1071 3288 persons
1092 3201 1249 3289 adscripto
1264 3217 1313 3269 est

205 3306 237 3370 iu
261 3308 336 3371 Par.
361 3307 400 3370 C.
423 3319 455 3368 et
476 3327 495 3368 u
518 3303 668 3382 VictoriO,
692 3303 823 3367 fortasse
845 3327 884 3367 ex
910 3303 997 3368 Flor.
1017 3323 1047 3370 2.
1085 3305 1174 3370 Libri
1199 3306 1313 3394 reliqui

205 3408 360 3490 θερόπαντ
385 3406 471 3494 quod
487 3405 713 3471 restituendum
730 3429 795 3470 esse
811 3405 878 3469 dixi
892 3405 933 3470 ad
949 3429 979 3472 v.
996 3427 1025 3471 1.

248 3513 271 3574 ὦ
287 3510 325 3575 σέ
339 3535 385 3574 τοι
401 3506 621 3572 Marklandus
644 3510 684 3575 ὡς
699 3509 738 3572 σέ
750 3533 797 3572 τοι
811 3507 891 3572 libri.

248 3614 323 3698 857.
354 3612 509 3695 παροίξας]
537 3590 656 3689 &ibifae
679 3611 754 3674 Par.
780 3613 824 3673 A.
863 3610 955 3675 Cous.
978 3610 1155 3675 Blomfield.
1179 3611 1310 3698 glossar.

204 3713 314 3778 AEsch.
334 3715 448 3800 Agam.
466 3728 538 3794 721.
565 3713 755 3776 ΜΑΤΤΗ.

248 3817 323 3900 858.
339 3818 397 3899 γὰρ
413 3814 582 3878 Elmsleius
596 3813 637 3878 ed
654 3813 753 3901 Sopb.
769 3813 847 3878 OEd.
865 3816 906 3878 Τ.
923 3816 998 3895 461.
1032 3813 1138 3900 Vulgo
1153 3815 1211 3896 γάρ
1224 3814 1265 3894 μ’.

248 3919 323 3983 860.
347 3921 437 3997 τῆσδε
457 3920 508 3996 τῆς
529 3915 650 3980 codices
669 3919 823 4002 (excepto,
839 3917 864 3982 si
879 3917 957 4004 quid
972 3941 1011 3982 ex
1028 3917 1149 3983 silentio
1164 3917 1312 4004 colligen-

203 4022 292 4099 dum,
309 4021 384 4084 Par.
401 4021 464 4102 B.).
505 4019 611 4105 Vulgo
625 4022 717 4082 τῶνδε
732 4024 800 4082 τῶν.
1313 4089 1316 4094 ι

248 4124 322 4190 862.
346 4121 471 4204 πάροιθε
491 4121 670 4185 Barnesius.
708 4119 799 4184 Libri
821 4120 975 4202 πάροιθεν.
1015 4120 1115 4185 Valde
1138 4122 1312 4209 probabilis

203 4225 336 4290 Porsoni
350 4224 529 4311 conjecture
543 4236 590 4285 est
604 4220 743 4303 παρόντε.

246 4330 317 4410 864.
335 4333 437 4391 σῶσον
452 4326 515 4411 οὓς]
533 4326 635 4391 σώσας
649 4325 723 4388 Par.
739 4326 784 4388 A.
801 4323 888 4388 Flor.
908 4346 936 4390 1.
954 4345 982 4391 2.
1015 4325 1147 4390 aurove?
1163 4329 1236 4392 Per.
1255 4330 1297 4392 Β.

245 4433 320 4517 865.
344 4428 519 4517 Responsio
533 4427 601 4492 haec
619 4425 754 4492 Achillis
775 4449 889 4516 anceps
911 4428 1082 4495 necessario
1095 4444 1128 4494 et
1142 4429 1305 4496 indefinita
