2864 4914
306 305 375 368 AD
399 300 704 370 IPHIGENIAM
726 299 1060 367 AULIDENSEM.
1170 296 1234 368 469

131 467 228 546 leant,
240 467 409 557 praeclarus
422 469 474 535 hic
486 484 580 558 poeta
588 469 719 535 confusa
733 482 868 554 utraque
882 465 1008 532 notione
1018 474 1121 552 χεροῖν
1132 471 1234 552 γνόμη

132 569 235 635 dicere
248 594 345 637 ausus
359 584 415 638 est.

175 675 251 758 603.
265 674 306 754 μὴ
321 673 458 755 ταρβήσῃ
473 678 583 739 νεωστί
594 700 644 755 μοι
657 673 770 761 μολὸν]
788 671 966 738 Delendum
981 698 1043 755 μοι,
1056 696 1122 760 quo
1135 674 1235 762 ejecto

131 796 191 862 pro
205 789 364 862 anapaesto
379 776 501 840 iambus
515 776 574 841 erit
588 775 709 863 positus
723 790 759 839 ut
777 775 810 839 in
824 774 952 840 duobus
964 774 1106 841 versibus
1126 776 1234 863 proxi-

132 876 207 941 mis:
231 876 272 942 de
286 901 351 965 quo
364 901 478 965 genere
491 878 560 942 dixi
573 877 613 943 ad
630 877 722 942 Med.
738 878 832 959 1087.

175 981 360 1067 608-613.
396 983 492 1047 Hanc
521 981 771 1070 Clytaemnestroe
801 981 973 1047 orationem
1003 980 1139 1067 spuriam
1169 1003 1235 1045 esse

132 1104 229 1169 supra
243 1082 320 1148 dixi.
366 1084 489 1170 Scripta
501 1084 543 1150 ab
557 1085 667 1150 eodem
681 1099 775 1170 poeta
789 1085 907 1173 estqui
922 1106 1031 1148 versus
1051 1083 1234 1168 589-598.

130 1185 318 1271 composuit,
332 1186 374 1250 ad
388 1209 469 1273 quos
483 1187 584 1274 prima
598 1189 847 1274 Clytaemnestra
862 1186 957 1250 verba
972 1198 1123 1272 spectant.

177 1288 254 1351 610.
270 1288 485 1375 νυμφαγωγὸς]
505 1291 579 1353 Hoc
595 1288 747 1354 vocabulo
761 1287 964 1375 cognatisque
979 1292 1190 1369 ννμφαγωγεῖν
1204 1297 1236 1350 et

132 1391 331 1471 ννρφαγωγία
344 1390 525 1476 frequenter
540 1405 675 1455 utuntur
689 1390 854 1476 scriptores
869 1388 1065 1469 recentiores,
1078 1409 1238 1475 nusquam

134 1509 256 1577 tragici.

177 1595 251 1658 612.
267 1593 496 1680 εὐλαβούμενοι]
523 1593 729 1661 Scribendum
746 1595 966 1674 εὐλαβούμεναι
980 1614 1053 1657 cum
1074 1592 1236 1657 Bameeio.

135 1695 249 1782 Neque
263 1696 345 1760 enim
360 1696 571 1764 dubitandum
586 1696 665 1784 quin
684 1695 815 1760 chomm
834 1695 917 1759 dicat
934 1693 1186 1781 Clytaemnestra,
1200 1710 1237 1759 ut

133 1796 243 1884 paullo
258 1812 330 1885 post
349 1822 377 1862 v.
394 1801 467 1884 615.
484 1821 540 1863 nec
560 1797 738 1863 mirandum
758 1795 846 1885 quod
867 1795 935 1861 hoec
955 1795 1055 1860 officia
1075 1795 1172 1860 choro
1190 1796 1237 1862 iu·

130 1899 239 1987 junxit
254 1899 366 1965 horum
381 1924 530 1965 versuum
545 1901 685 1987 scriptor.

178 2006 252 2088 613.
272 2003 419 2071 πωλικοδς
432 2002 538 2090 ὄχους]
554 2001 610 2067 Ad
629 2001 801 2066 satietatem
819 2023 919 2086 usque
933 1999 984 2064 hic
998 2015 1092 2086 poeta
1105 2000 1235 2088 adjecti·

137 2125 211 2166 vmn
226 2107 355 2173 πωλικόν
373 2103 498 2190 ingerit,
513 2127 579 2191 quo
592 2116 704 2190 quater
718 2125 795 2167 usus
808 2115 856 2166 cst
870 2101 904 2166 in
918 2100 1061 2166 undecim
1078 2101 1234 2167 versibus:

136 2205 217 2270 redit
238 2205 320 2270 enim
342 2227 373 2270 v.
390 2207 465 2292 619.
479 2211 618 2270 πωλικῶν
636 2207 741 2288 (ardu,
757 2206 831 2271 620.
854 2206 936 2284 ὄμμα
956 2205 1102 2284 πωλικόν,
1116 2216 1148 2267 et
1163 2203 1235 2288 623.

135 2311 255 2395 πωλικῷ
270 2308 372 2389 δαμεὶς
385 2311 459 2395 ὄχῳ.

152 2480 153 2484 η
180 2412 255 2494 615.
278 2408 412 2478 νεάνιδές
433 2434 481 2474 νιν
495 2408 674 2474 Piersonus.
704 2409 894 2474 ascriberem
908 2409 984 2473 Par.
1000 2408 1084 2471 Α.Β.
1102 2405 1188 2472 Flor.
1204 2425 1235 2474 2.

137 2512 307 2576 νεανίδεσιν
322 2510 409 2575 Flor.
429 2532 456 2576 1.
480 2513 666 2576 νεανίδαισιν
680 2507 758 2574 Ald.
785 2508 917 2578 νεάνιδες
932 2522 1084 2576 vocantur
1098 2531 1130 2575 v.
1142 2511 1235 2591 1468.

139 2634 233 2700 1491.

179 2716 250 2780 618.
269 2715 395 2803 ἐκλίπω]
412 2717 540 2779 ἐκλείπω
556 2715 631 2779 Par.
647 2717 689 2779 A.

179 2821 254 2885 622.
270 2818 314 2882 ἔτι
328 2816 385 2900 γάρ
401 2819 465 2881 ἐστι
480 2816 596 2901 νήπιος]
615 2817 697 2881 Haec
712 2815 806 2881 verba
821 2815 970 2902 leguntur
980 2814 1013 2880 in
1027 2838 1117 2880 versu
1130 2814 1238 2904 spurio

135 2923 211 3002 466.

179 3026 254 3107 623.
270 3022 420 3088 καθεύδεις
435 3019 513 3084 Ald.
537 3020 670 3087 θακεθεις
683 3019 815 3084 codices.

178 3127 297 3210 πωλικῷ
319 3123 421 3203 δαμεὶς
442 3123 518 3207 ὄχῳ]
540 3121 681 3185 Noverat
702 3120 816 3185 horum
837 3144 984 3186 versuum
1004 3122 1136 3208 scriptor
1154 3123 1236 3209 ὕπνιρ

136 3226 272 3313 aliquem
294 3225 356 3289 dici
377 3227 520 3304 δαμῆναιε
546 3221 630 3287 unde
648 3223 804 3302 Orestem,
821 3245 914 3310 quem
938 3223 1048 3289 itinere
1068 3224 1236 3311 fatigatum

135 3327 360 3394 obdormivisse
370 3325 402 3390 in
414 3348 510 3390 curru
523 3324 626 3412 fingit,
639 3328 759 3410 πωλικῷ
774 3324 905 3406 δαμέντα
919 3326 981 3411 θχιρ
993 3325 1069 3391 dicit
1081 3325 1237 3391 locutione

136 3430 368 3497 absurdissima.

179 3536 255 3601 626.
270 3533 321 3613 τῆς
335 3530 458 3596 addidit
474 3532 601 3596 Portus.

179 3641 315 3723 Νηρῇδος
330 3636 404 3700 Par.
420 3635 458 3698 C.
474 3632 560 3698 Flor.
579 3655 606 3698 1.
623 3651 654 3698 2.
691 3630 796 3719 Vulgo
811 3637 947 3715 Νηρῇδος
961 3635 1075 3703 παιδός.

181 3741 362 3824 627-630.
388 3737 459 3800 Hos
476 3758 584 3801 versus
606 3734 728 3823 spurios
749 3758 815 3800 esse
837 3735 986 3800 Matthiae
1000 3758 1127 3824 quoque
1147 3736 1238 3803 intel-

135 3840 224 3918 lexit,
247 3843 339 3927 cujus
359 3839 428 3904 hoec
449 3850 497 3903 est
521 3837 681 3903 annotatio
704 3845 726 3877 “
741 3838 780 3902 In
805 3837 854 3903 his
875 3837 1017 3904 versibus
1039 3839 1131 3928 plura
1151 3855 1236 3921 sunt,

137 3966 210 4031 quae
224 3941 392 4007 offendant.
437 3940 580 4005 Primum
597 3941 710 4021 κάθησο
725 3964 834 4005 verum
849 3964 915 4006 esse
932 3963 994 4006 non
1008 3957 1121 4029 potest,
1135 3967 1237 4030 quum

132 4046 199 4132 jam
219 4044 260 4109 de
279 4066 376 4108 curru
389 4042 616 4123 descenderint,
632 4056 664 4108 et
683 4064 756 4106 mox
780 4042 946 4131 Iphigenia
960 4044 1085 4110 dicatur
1105 4048 1245 4127 πλησίον

138 4153 294 4213 σταθεῖσα.
318 4144 436 4210 Marld.
451 4144 533 4231 conj.
549 4147 689 4219 καθίστα,
704 4144 792 4232 quod
807 4145 920 4232 probat
935 4148 1061 4234 Musgr.
1093 4146 1155 4212 Sed
1171 4159 1237 4212 tota

138 4249 290 4314 sententia
310 4250 452 4335 languet,
475 4245 540 4311 sive
566 4245 678 4327 κάθησο
702 4245 767 4310 sive
793 4249 921 4312 καθίστα
945 4247 1048 4334 legas3
1072 4272 1130 4312 cnr
1153 4249 1235 4312 enirn

139 4349 338 4440 Iphigeniam
355 4350 451 4436 juxta
469 4371 501 4412 se
522 4347 646 4413 adstare
662 4349 784 4436 jubeat,
800 4373 872 4436 quae
892 4349 945 4414 vix
965 4350 1005 4414 ab
1027 4375 1063 4416 ea
1082 4351 1236 4416 abscesse-

138 4459 210 4520 rat?
233 4452 370 4540 Reliqua
384 4474 446 4515 non
469 4450 573 4516 minus
595 4451 672 4516 mira
687 4465 771 4517 sunt.
816 4454 918 4530 Quam
940 4451 1110 4541 impeditus
1126 4468 1172 4519 est
1188 4454 1237 4519 lric

642 4553 737 4639 nh3
