2864 4914
491 271 559 334 AD
583 271 921 335 HIPPOLYTUM.
1191 270 1255 339 895

155 442 292 517 crimine,
310 456 457 527 tanquam
482 442 610 530 perjurii
633 465 749 521 suasor,
770 443 811 507 ab
827 440 1041 529 Hygioenonte
1062 441 1199 529 quodam
1222 441 1255 506 in

149 545 205 630 jus
228 559 365 621 vocatus,
386 559 462 609 teste
485 544 656 609 Aristotele
680 545 811 610 Rhetor.
834 565 867 629 3,
886 560 936 629 15.
954 542 1077 626 Ὥσπερ
1100 544 1257 625 Εὐριπίδης

152 647 225 728 πρὸς
246 646 439 728 ’Ύγιαίνοντα
455 649 488 711 ἒν
504 651 538 727 τῇ
553 646 725 713 Ἀντιδόσιι
748 653 967 731 κατηγοροῦντα
983 648 1021 715 ὡς
1039 647 1165 727 ἀσεβὴς,
1181 648 1215 714 ὅς
1236 673 1256 729 γ

154 752 288 828 ἐποίησε,
306 751 436 814 κελεύων
455 752 616 832 ἐπιορκεῖν,
638 749 679 814 Ἡ
703 749 819 833 γλώσσ’
837 747 1014 833 ὀμώμοχ’,ἡ
1036 751 1069 813 δὲ
1089 742 1169 831 φρὴν
1186 751 1261 815 ἀνώ-

153 876 252 930 μοτος.
275 852 333 933 ἔφη
353 854 412 933 γδρ
431 850 521 915 αὐτὸν
537 853 661 931 ἀδικεῖν,
676 855 729 919 τδς
751 854 784 916 ἐκ
805 856 1006 917 Διονυσιακοῦ
1029 853 1141 933 κρίσεις
1164 854 1206 919 εἷς
1226 855 1263 916 rh

155 953 327 1034 δικαστήρια
343 955 465 1035 ἄγοντα·
490 955 554 1019 ἐκεῖ
573 958 631 1037 γὰρ
653 955 743 1019 αὐτὸν
762 955 921 1021 δεδωκέναι
943 958 1050 1038 λόγον,
1065 953 1084 1033 ἢ
1099 956 1219 1031 δώσειν,
1236 957 1263 1018 el

154 1058 298 1135 hutiletas
321 1063 504 1138 κατηγορεῖν.
553 1057 745 1122 Sententiam
769 1073 871 1123 tamen
894 1058 1035 1123 defendit
1058 1071 1089 1122 et
1111 1055 1263 1143 quodam-

155 1159 250 1222 modo
264 1158 372 1223 laudat
389 1159 498 1223 Cicero
513 1159 553 1224 de
568 1159 658 1224 Offic.
674 1180 706 1245 5,
725 1180 775 1245 29.
801 1162 892 1236 Quod
913 1162 1126 1247 itajrrratrrm
1149 1169 1206 1235 est,
1226 1169 1262 1225 ut

155 1282 241 1324 mens
255 1263 428 1348 conciperet
438 1264 521 1347 fieri
536 1272 689 1349 oportere,
704 1264 740 1327 td
760 1264 952 1328 servandum
970 1274 1035 1327 est:
1058 1263 1141 1350 quod
1155 1262 1261 1340 aliter,

154 1364 190 1427 id
203 1367 232 1428 si
248 1387 311 1428 non
320 1367 456 1451 feceris,
472 1367 594 1430 nullam
618 1376 663 1431 est
681 1368 1016 1453 psalmitam-Nori
1038 1368 1119 1429 caim
1129 1366 1262 1449 falsum

143 1470 280 1551 jurare,
293 1471 439 1555 pejerare
453 1479 519 1541 σοις
544 1470 598 1533 sed
611 1471 693 1557 quod
705 1491 746 1534 σν
760 1471 862 1533 animi
882 1473 930 1534 tui
951 1471 1106 1533 sententia
1116 1469 1261 1554 juraris,

154 1572 236 1635 sicat
252 1572 354 1635 verbis
369 1574 547 1659 concipitur
560 1595 645 1637 more
666 1583 786 1651 nostro,
801 1573 837 1636 td
858 1575 1059 1659 nonfacere,
1078 1573 1262 1657 perjurium

155 1682 211 1736 est.
256 1675 342 1738 Scite
357 1676 440 1737 enlm
455 1674 644 1762 Euripides,
660 1683 682 1716 “
693 1677 829 1740 duravit
842 1676 971 1764 lingua,
989 1685 1120 1740 attentem
1135 1678 1169 1740 ιἰι
1184 1697 1260 1739 ara·

157 1786 222 1840 tam
241 1778 352 1863 gero?
396 1776 451 1840 Ad
475 1777 560 1842 huno
583 1801 707 1843 versum
732 1801 895 1866 respexere
921 1777 1014 1843 Plato
1039 1778 1206 1843 Theoeteto
1228 1801 1259 1866 p.

162 1895 221 1963 154
237 1881 281 1942 D.
308 1879 473 1967 Symposio
498 1903 529 1967 p.
549 1902 608 1965 199
625 1884 669 1945 A.
694 1881 828 1946 Ovidius
855 1881 988 1947 Heroid.
1010 1900 1062 1960 21,
1084 1897 1154 1967 135.
1180 1884 1262 1956 erae

144 1985 345 2067 juratorem
360 1993 425 2056 est‚·
451 1984 499 2047 nil
510 1986 748 2070 conjuravimus
763 1985 837 2048 illa:
854 1985 1023 2070 Illafidem
1038 1986 1131 2050 dictis
1145 1984 1261 2049 addere

156 2088 222 2150 sola
239 2095 351 2174 potest.
385 2086 518 2151 Lucian.
536 2086 599 2150 Vit.
615 2089 712 2156 Auct.
737 2086 797 2150 vol.
817 2108 845 2151 1.
869 2111 901 2174 p.
917 2108 993 2171 549,
1008 2108 1060 2172 59.
1085 2088 1261 2158 Athenaeus

156 2209 188 2276 3.
217 2212 249 2275 p.
269 2208 328 2254 122
346 2190 386 2252 Β.
436 2189 544 2253 Citant
569 2189 732 2253 scholiasta
759 2189 982 2275 Aristophanis
1014 2189 1053 2253 ad
1090 2207 1260 2278 utrumque

157 2294 319 2355 Ranarum
342 2290 465 2371 locum3
489 2291 677 2356 Eustathius
691 2315 724 2379 p.
741 2312 817 2377 443,
833 2310 885 2376 37.
906 2315 1089 2379 comparans
1111 2295 1259 2358 Homeri-

157 2417 228 2458 cum
259 2396 333 2458 ἑκὼν
357 2394 478 2459 ἀέκοντί
497 2420 534 2476 γε
558 2398 647 2480 θυμῷ.
677 2408 708 2459 et
734 2417 766 2481 p.
792 2411 883 2478 1175,
908 2412 960 2475 29.
986 2394 1100 2459 Suitlas
1125 2418 1154 2460 v.
1182 2398 1258 2460 ἀνώ·

156 2524 254 2578 μοτος.
280 2496 442 2583 Sophoclis
471 2496 634 2561 scholiasta
659 2496 698 2560 ad
725 2497 806 2561 OEd.
835 2499 872 2562 C.
897 2514 972 2587 233.
1010 2496 1064 2561 ubi
1095 2499 1258 2578 ὀμώμοκεν.

159 2601 309 2663 ΜΟΝΚ.

202 2707 274 2783 614.
298 2702 358 2766 ἔστ’
376 2705 441 2783 ἐμοὶ
457 2702 621 2768 Monkius.
652 2704 717 2768 ἔστι
738 2730 789 2784 μοι
804 2703 910 2791 vulgo,
945 2704 1030 2769 ἔσται
1050 2731 1101 2784 μοι
1124 2704 1211 2768 Flor.
1227 2722 1255 2769 2.

158 2809 229 2869 Par.
248 2808 287 2869 Ε.
306 2807 397 2870 Laso.

201 2913 274 2996 615.
305 2907 489 2994 ἀνθρώπους]
522 2910 687 2990 ἀνθρώποις
721 2911 748 2972 F
752 2908 806 2973 lor.
835 2913 878 2972 A.
910 2907 1035 2973 librario
1063 2908 1103 2974 atl
1134 2931 1257 2973 versum

33 3008 36 3014 ’
159 3013 336 3100 proximum
351 3012 523 3076 aberrante.

201 3118 274 3180 618.
299 3113 515 3180 Conferendus
537 3128 584 3179 est
609 3117 725 3179 Noster
751 3114 840 3178 Med.
859 3133 936 3201 573.
959 3120 1035 3198 χρῆν
1059 3113 1103 3196 ἄρ’
1125 3113 1258 3178 ἄλλοθέν

157 3224 250 3282 ποθεν
263 3219 390 3300 βροτοὺς
409 3222 515 3284 παῖδας
534 3222 720 3291 τεκνοῦσθαι,
737 3218 812 3297 θῆλυ
828 3216 851 3281 δ’
868 3219 920 3282 οὐκ
935 3217 1011 3281 εἶναι
1026 3215 1122 3299 γένος·
1144 3217 1259 3299 χοῦτως

157 3323 195 3386 ἂν
210 3323 261 3385 οὐκ
276 3322 313 3400 ἢν
327 3322 413 3384 οῦδὲν
427 3321 593 3401 ἆνθρώποις
611 3322 712 3384 κακόν.
735 3331 778 3395 et,
793 3320 849 3405 qui
871 3321 1023 3384 Nostrum
1046 3316 1185 3381 imitatus
1199 3331 1257 3397 est,

158 3426 325 3503 Miltonns‚
350 3423 463 3487 Parad.
480 3423 596 3487 Amiss.
617 3444 664 3488 10.
682 3424 754 3491 888.
779 3425 826 3487 0!
849 3423 919 3510 salty
941 3421 997 3485 dtd
1024 3420 1101 3499 God,
1124 3421 1258 3486 Creator

157 3531 240 3605 saise,
270 3530 338 3593 saar
363 3527 494 3615 ριορὶοιί
516 3526 642 3615 highest
668 3526 786 3590 heaven
813 3527 861 3589 W
858 3526 906 3590 tra
933 3526 1045 3612 spirits
1074 3525 1256 3603 rnascaline,

156 3643 258 3696 create
287 3642 322 3697 at
350 3633 411 3696 last
442 3631 523 3694 ΤΙιῦι
553 3630 678 3717 novelty
703 3652 744 3693 οιι
775 3629 874 3706 earth,
905 3628 968 3693 rats
982 3628 1064 3712 fiztr
1087 3627 1186 3713 defert
1215 3627 1269 3712 (ὅ

159 3746 284 3814 natare,
299 3736 365 3799 aad
386 3743 440 3798 rrot
450 3734 508 3821 fill
528 3732 578 3796 tlte
600 3732 698 3795 world
718 3741 753 3796 at
773 3752 847 3796 once
868 3731 951 3794 th
973 3751 1054 3807 men,
1073 3751 1110 3793 os
1131 3730 1257 3816 angelo,

158 3838 286 3901 without
287 3839 471 3923 seminare,-
496 3838 544 3903 Or
554 3835 633 3922 fiad
653 3856 736 3898 some
756 3835 844 3898 other
858 3854 928 3920 ποορ
943 3842 974 3898 ιο
991 3841 1144 3920 garrerate
1159 3831 1256 3895 Μιιπ.

156 3939 261 4002 lind?
285 3940 435 4003 MONK.

200 4044 273 4106 621.
295 4041 568 4124 χρυσὸν-χαλκοῦ
591 4041 665 4102 Par.
682 4040 726 4101 A.
745 4037 813 4123 (qui
829 4041 956 4120 χαλκοῦ)
977 4036 1064 4101 Flor.
1080 4039 1125 4101 A.
1144 4057 1193 4101 10.
1210 4037 1255 4102 H.

158 4143 262 4230 Vulgo
276 4143 557 4228 χαλκὸν-χρυσοῦ.

200 4249 274 4311 626.
292 4246 450 4324 ἔκπίνομεν
466 4244 643 4307 Ρίειςοιιιις.
672 4243 760 4308 Libri
777 4247 940 4325 ἐκτίνομεν,
955 4244 1012 4307 nisi
1025 4242 1111 4330 quod
1127 4245 1256 4306 ἐκτείνο-

155 4376 212 4429 μεν
235 4352 280 4415 Η.
320 4346 457 4412 Similem
486 4369 576 4411 usum
606 4345 690 4410 verbi
715 4351 870 4428 προπίνειν
893 4345 989 4410 Rhes.
1010 4365 1086 4430 405.
1105 4343 1258 4424 Ἕλλησιν

156 4454 230 4534 ἡμᾶς
245 4452 386 4535 προῦπιες
400 4449 433 4513 τὸ
450 4448 505 4515 σὸν
519 4449 618 4530 μέρος,
634 4450 825 4537 compararit
842 4451 880 4514 L.
894 4448 1089 4518 Dindorfius.

722 4571 780 4633 ¹14
