2864 4914
521 278 589 342 AD
612 278 864 343 HECUBAM.
1202 279 1246 346 57

144 446 200 533 qui
216 459 318 510 tamen
334 468 396 510 non
411 446 559 513 videntur
573 449 711 538 expressi
724 472 762 514 ex
773 448 956 537 Euripideis
970 472 1049 529 esse,
1063 448 1249 514 memoravit

145 548 304 628 Matthiae,
321 551 433 616 Probae
446 555 504 616 etsi
519 555 555 615 in
569 563 703 642 segetem
714 563 790 619 sunt
804 554 988 619 deteriorem
998 554 1082 618 dotae
1099 551 1249 641 lfingcs,

143 661 246 716 tomen
261 654 341 739 ipso
353 663 466 742 ιιιορθι
478 666 597 720 notrtro
612 659 760 722 eminent.

185 772 259 841 593.
283 756 316 819 εὖ
335 755 463 841 στάχυν]
483 757 588 823 Aldus
604 774 636 824 et
651 759 742 824 multi
758 761 856 825 MSS.
873 761 1033 843 εὕστοχυν,
1049 757 1138 823 mole.
1184 761 1248 822 Co-

142 872 246 922 actum
267 856 349 921 enim
371 874 405 922 et
424 860 576 946 frigidum
592 876 672 926 esset
688 863 801 946 καρπὸν
815 886 833 926 e
846 883 921 949 593.
939 885 1104 927 assumere.
1149 861 1248 927 Calli·

143 960 242 1024 mach.
259 961 304 1024 H.
321 959 352 1023 in
368 961 462 1026 Dian.
479 983 547 1048 130.
572 965 691 1032 Κείνοις
706 967 738 1030 εὖ
757 969 814 1046 μὲν
828 968 939 1048 ἄρουρα
960 967 1047 1049 φέρει
1069 965 1195 1049 στάχυν,
1215 966 1249 1030 εὖ

141 1066 174 1126 δὲ
189 1062 319 1145 γενέθλη
333 1068 540 1146 Τετραπάθων.
559 1068 662 1132 POR.

183 1184 257 1249 595.
274 1166 452 1251 άυθράποις]
473 1168 536 1231 Pro
558 1171 592 1232 ἐν
607 1171 773 1251 ἀνθρώποις
793 1169 912 1235 dictum
935 1170 1047 1259 accipit
1069 1168 1246 1234 scholiasta.

143 1269 216 1332 Hoc
238 1269 263 1331 si
285 1268 432 1332 voluisset
454 1285 556 1356 poeta,
582 1271 615 1335 in
640 1287 789 1361 promptu
810 1289 877 1338 erat
905 1277 939 1337 ἐν
962 1278 1082 1355 βροτοῖς
1104 1270 1246 1336 scribere.

144 1371 255 1457 Longe
277 1370 470 1458 probabilius
492 1389 539 1437 est
561 1376 710 1457 ἄνθρωποι
732 1398 798 1440 esse
819 1375 1051 1463 corrigendum,
1072 1374 1247 1461 quodfecit

143 1474 354 1539 Hermannus.

182 1576 259 1661 598.
275 1576 432 1663 διέφθειρ]
450 1578 582 1662 διέφθορ’
598 1583 687 1667 Aug.
706 1603 798 1645 unus.

185 1681 257 1744 600.
272 1706 309 1763 γε
319 1680 421 1761 μέντοι
431 1682 522 1747 codd
534 1683 684 1770 quinque.
699 1683 850 1764 μέντοι,
828 1706 894 1748 srne
908 1709 954 1766 γε,
968 1697 1030 1747 tres
1041 1681 1093 1746 alii
1107 1697 1139 1746 et
1151 1680 1245 1747 schol

143 1782 238 1846 Hom.
256 1783 321 1847 Od.
338 1790 362 1847 Γ
363 1805 439 1870 ,45
454 1786 492 1869 γέ
506 1813 534 1852 τι
548 1814 595 1851 τοι
610 1789 655 1852 Η
685 1787 833 1874 Plerlque
847 1786 937 1850 codd
954 1801 985 1850 et
1001 1785 1078 1850 Ald.
1095 1785 1131 1868 γέ
1145 1811 1191 1849 τοι
1208 1811 1244 1850 τι.

185 1888 257 1950 601.
272 1887 352 1968 μάθῃ
367 1890 405 1953 Β.
420 1903 452 1954 et
463 1888 569 1955 decern
585 1891 647 1955 olii.
663 1889 753 1971 μάθοι
768 1889 845 1953 Ald.

183 1991 257 2055 602.
273 1990 372 2055 Hunc
388 2014 510 2056 versum
526 1993 602 2057 citat
617 1992 711 2058 schol.
726 1994 823 2057 Hom.
842 1991 882 2056 ΙΙ.
900 1998 935 2065 Ζ,
951 2008 1027 2077 351.

184 2091 260 2176 605.
273 2118 326 2172 μοι
342 2094 447 2179 Mosq.
466 2117 557 2158 unus.
604 2095 787 2182 Legebatur
799 2121 867 2176 μου.

184 2195 257 2256 606.
275 2195 309 2258 ἔν
322 2221 369 2259 τοι
383 2196 475 2260 codd.
492 2196 642 2284 plerique.
667 2200 700 2262 ἐν
715 2201 773 2280 γὰρ
788 2196 867 2261 Ald.

184 2300 259 2379 607.
280 2300 424 2385 ἀναρχία]
444 2301 549 2379 ἀταξία
564 2300 628 2364 Dio
645 2299 761 2388 Chrys.
776 2324 823 2364 or.
839 2318 893 2384 32.
909 2323 940 2387 p.
956 2302 1020 2384 389
1034 2301 1078 2362 A.
1126 2298 1244 2386 Vulga-

140 2414 206 2464 tum
224 2401 316 2467 habet
333 2403 480 2467 Eustath.
496 2426 529 2490 p.
545 2418 599 2488 55,
615 2405 663 2467 16.
680 2415 712 2467 et
726 2401 877 2466 Eumath.
895 2418 925 2483 7.
942 2425 974 2487 p.
989 2417 1063 2484 257.

185 2505 257 2587 609.
283 2509 389 2588 τεῦχος
408 2504 486 2568 Ald.
514 2523 544 2569 et
573 2503 659 2569 Flor.
684 2528 738 2568 sex
765 2518 796 2569 et
821 2503 928 2568 Guelf.
975 2503 1078 2567 Ceteri
1105 2503 1195 2567 codd.
1219 2503 1243 2565 τ’

140 2606 242 2687 ἄγγος.

184 2709 256 2772 610.
273 2709 391 2794 ἔνεγκε]
409 2710 529 2793 ἔνεγκαι
543 2710 636 2775 codd.
652 2710 754 2775 multi.

183 2811 258 2875 612.
274 2813 392 2894 νύμφην
406 2811 446 2897 τ’]
464 2816 487 2876 τ’
503 2836 566 2877 orn.
581 2816 670 2897 Aug.
689 2836 781 2876 unus.

181 2914 331 2997 παρθένον
346 2913 370 2978 τ’
386 2915 566 3000 άπάρθενον]
587 2915 674 2978 Nihil
690 2914 824 3001 amplius
839 2929 885 2980 est
900 2913 958 2978 uisi
979 2916 1140 3002 virginem
1159 2917 1243 3001 irfi-

136 3018 236 3095 licem,
250 3033 285 3080 ut
296 3016 389 3100 γάμος
404 3019 516 3099 ἄγαμος
531 3017 646 3082 Helen.
660 3018 734 3102 690.
748 3020 870 3105 nuptio
882 3019 1038 3103 iquustae
1051 3041 1075 3080 s.
1087 3019 1242 3105 innuptae,

140 3136 175 3183 ut
191 3119 282 3183 vertit
299 3135 388 3184 vetus
406 3134 499 3206 poeto
512 3143 562 3207 ap.
580 3121 645 3185 Cic.
663 3122 718 3184 Or.
735 3140 767 3205 3,
783 3123 838 3205 58.
854 3119 978 3206 proprie
999 3143 1072 3206 quae
1092 3142 1153 3183 non
1177 3142 1242 3183 me·

137 3237 247 3286 rentur
273 3221 393 3309 nuptiae
419 3222 532 3300 vocari,
556 3245 617 3285 non
642 3238 716 3286 sunt
738 3246 819 3287 verae
843 3222 972 3309 nuptiae.
1012 3223 1121 3303 ἄλυρος
1144 3228 1244 3302 μοῦσα

139 3324 288 3412 Sphingis
308 3325 487 3410 iqfhustum
509 3346 636 3388 carmen
659 3324 883 3389 Phoen.1ot6.
908 3323 993 3410 quod
1019 3324 1092 3405 807.
1114 3338 1243 3388 vocatur
1362 3398 1367 3409 .

138 3429 338 3508 ἄμουσόταται
353 3425 434 3513 ᾠδοί.
474 3428 522 3490 At
536 3425 608 3491 Alc.
624 3430 699 3508 461.
716 3429 819 3509 ἄλυροι
833 3429 919 3507 ὕμνοι
933 3441 1007 3490 sunt
1021 3427 1241 3513 contorsione·

137 3531 217 3594 brer.
264 3531 359 3593 Herc.
381 3529 511 3614 f.1105.
534 3531 684 3610 ἀπόλεμος
705 3531 848 3609 πόλεμος,
870 3529 922 3593 01ιί
943 3530 1093 3595 tribuitur
1113 3532 1243 3599 ἄνουλος

138 3638 231 3712 κῶμος
254 3631 366 3696 Phoen.
383 3651 457 3717 790.
480 3634 591 3712 πότμος
612 3635 742 3712 ἄποτμος
765 3633 977 3720 Hipp.1134
1002 3634 1077 3721 Iph.
1102 3636 1145 3698 T.
1165 3651 1242 3719 552.

138 3740 225 3815 κακῆς
239 3735 377 3817 γυναικὸς
390 3735 480 3819 χάριν
495 3738 604 3818 ἄχαριν
618 3737 767 3812 ἀπώλετο,
779 3745 912 3823 propter
921 3758 1062 3824 pravom
1082 3737 1243 3800 moliorem

139 3840 215 3920 (γον.
232 3842 321 3916 κακῆς
334 3837 435 3920 χάριν)
453 3839 678 3924 irfitortoflzto
692 3838 844 3902 occubuit.
876 3839 927 3903 Cf.
944 3838 1055 3904 Valck.
1071 3839 1112 3904 sd
1128 3839 1241 3903 Phoen.

140 3957 232 4024 1745.
248 3941 311 4003 ὁδοὶ
325 3941 427 4003 ἄνοδοι
443 3938 516 4026 Iph.
534 3943 577 4004 T.
594 3941 666 4005 860.
684 3942 877 4005 MATTH.

180 4045 255 4128 613.
278 4042 443 4124 προθῶμοι]
467 4042 518 4105 De
541 4041 605 4107 ritu
627 4042 797 4107 collocandi
820 4055 960 4109 mortuos
980 4044 1012 4108 in
1035 4042 1192 4108 vestibulo
1211 4066 1243 4105 v.

138 4144 273 4211 Cnsaub.
309 4142 351 4207 ad
388 4146 474 4208 Pers.
504 4164 537 4230 3,
567 4160 637 4231 105.
684 4146 888 4211 Kirchmann.
924 4146 964 4211 de
1002 4148 1105 4211 suner.
1134 4167 1163 4223 1,
1195 4163 1242 4208 ιο.

138 4249 329 4313 ΜΑΤΤΗ.

180 4351 250 4432 ἄξίο
264 4351 334 4417 libri
349 4350 477 4439 plurimi
492 4364 524 4415 et
537 4350 656 4438 optimi.
680 4351 767 4430 άξίον
782 4351 874 4439 pauci
889 4374 960 4417 cunr
978 4350 1057 4415 Ald.

179 4458 252 4537 614.
277 4457 327 4520 De
348 4470 460 4519 ornatu
483 4454 608 4519 funebri
631 4454 714 4518 conf.
731 4454 802 4519 Alc.
821 4455 893 4520 628.
912 4478 998 4541 seqq.
1021 4451 1242 4540 Suppl.1o58.
