2864 4914
538 271 606 335 AD
629 271 869 336 ORESTEM.
1192 270 1257 337 117

150 441 197 507 Et
211 464 271 529 pro
284 441 344 506 hac
358 438 470 521 vocali,
486 469 510 507 ω
524 441 650 523 scilicet,
667 443 791 507 fortiter
805 454 928 532 pugnat
941 441 1094 530 analogia,
1107 457 1143 506 ut
1157 463 1257 529 prope

150 542 191 608 de
212 544 310 609 altera
332 545 364 609 in
387 544 516 609 exilium
539 545 694 632 abigenda
707 545 888 633 cogitarem,
904 545 962 610 nisi
981 568 1089 611 omnes
1111 547 1211 611 MSS.
1225 559 1258 610 et

149 646 302 713 editiones
323 649 354 714 in
378 648 546 737 Aristoph.
570 651 634 736 Eq.
649 669 724 737 312.
746 649 898 714 haberent
921 651 1136 731 ἐκκεκώφηκας,
1152 648 1203 713 cui
1224 648 1257 713 in

149 750 252 816 forma
274 753 358 818 vocis
381 753 535 817 consentit
560 752 674 818 Suidas
697 777 726 815 v.
749 754 989 835 ἀνακεκώφηκας.
1036 751 1098 816 Sed
1121 765 1256 817 veterem

149 852 313 920 lectionem
338 855 457 943 optime
482 855 658 920 defendunt
683 856 861 920 Athenaeus
884 873 917 941 5.
944 878 979 943 p.
1003 855 1072 920 188.
1094 857 1131 920 C.
1155 858 1203 919 Ta
1225 856 1258 919 δέ

149 958 287 1041 μειράκια
301 962 339 1023 τὰ
354 960 393 1026 ὡς
411 959 465 1023 τὸν
480 958 643 1023 Μενέλαον
662 961 901 1041 παραγενόμενα,
917 962 934 1022 d
952 959 1107 1042 Νέστορος
1126 957 1189 1027 υίὸς
1211 958 1259 1024 καὶ

152 1062 170 1124 d
183 1061 374 1144 Τηλέμαχος,
392 1062 425 1124 ἐν
440 1064 511 1146 οἴνῳ
526 1062 612 1128 ὄντες
629 1063 677 1126 καὶ
696 1063 730 1126 ἐν
745 1066 857 1147 γαμικῷ
873 1063 1028 1147 συμποσίῳ
1044 1062 1257 1144 διατρίβοντες,

153 1164 202 1228 καὶ
216 1168 267 1243 τῆς
279 1162 407 1244 Ἑλένης
421 1164 676 1246 παρακαθημένης,
695 1166 734 1231 ὡς
754 1164 869 1245 πρέπον
886 1165 978 1238 ἐστὶν,
994 1164 1124 1247 ἡσυχίαν
1139 1164 1259 1245 ἄγουσι,

152 1265 227 1348 πρὸς
240 1265 274 1329 τὸ
288 1267 469 1348 περιβόητον
481 1267 724 1349 ἐκκεκωφωμένοι
740 1268 863 1335 κάλλος.
888 1265 1034 1330 AElianus
1049 1267 1092 1330 N.
1105 1267 1149 1330 A.
1166 1287 1193 1329 1.
1203 1264 1257 1351 38.

152 1367 194 1433 de
208 1366 391 1455 elephante:
417 1369 559 1437 Γυναικός
576 1371 685 1451 ὡραίας
705 1372 773 1434 τόδε
796 1370 829 1433 τὸ
851 1371 924 1448 ζῶον
938 1371 1071 1450 ἡττᾶται,
1093 1370 1142 1433 καὶ
1162 1393 1258 1451 παρα-

152 1473 258 1537 λόεται
272 1474 305 1535 δέ
319 1476 371 1534 τοῦ
387 1476 479 1552 θυμοῦ
494 1474 680 1555 ἐκκωφωθεὶς
695 1477 737 1540 εἰς
751 1473 786 1536 τὸ
802 1472 925 1540 κάλλος.
952 1470 1140 1536 Eustathius
1154 1488 1258 1536 tamen

151 1597 187 1662 p.
202 1593 279 1660 954,
292 1588 348 1658 55.
363 1597 403 1637 ex
419 1573 574 1660 Euripide
589 1576 809 1658 ἐκκεκώφηνται
825 1575 932 1652 habet,
948 1598 986 1639 ex
1001 1575 1160 1640 Athenaeo
1176 1577 1258 1640 ἐκκε-
1299 1628 1301 1631 .

153 1677 331 1760 κωφημένα;
357 1699 392 1764 p.
411 1695 504 1762 1539,
519 1695 574 1763 59.
597 1701 636 1742 ex
660 1677 815 1763 Euripide
837 1677 951 1742 diserte
972 1676 1047 1742 citat
1072 1700 1129 1765 per
1153 1705 1184 1758 η,
1211 1679 1258 1742 ἐκ·

154 1782 351 1862 κεκώφηντοι,
379 1779 527 1867 idemque
554 1780 669 1845 iterum
700 1779 796 1845 habet
816 1804 848 1868 p.
870 1798 965 1866 1374.
988 1782 1041 1866 63.
1068 1782 1259 1863 ἐκκεκώφωκε

153 1881 248 1949 Plato
270 1883 390 1972 Lyside
415 1907 477 1948 non
498 1883 591 1972 longe
614 1883 655 1948 ab
669 1883 776 1958 initio;
800 1883 888 1971 quod
911 1899 1015 1948 tamen
1038 1882 1163 1947 imitans
1185 1882 1259 1947 Ari.

153 2000 303 2052 stoenetus
320 2008 346 2052 1.
365 2008 415 2069 24.
430 1987 462 2052 in
477 1988 605 2053 alteram
621 1989 753 2053 formam
769 1987 914 2052 mutavit.
955 1987 1044 2051 Inter
1060 1988 1260 2070 ἐκκεκώφηται

152 2106 185 2156 et
201 2093 408 2174 ἐκκεκώφωται
421 2091 578 2156 fluctuant
593 2091 727 2157 Luciani
741 2091 863 2155 codices
877 2089 933 2154 Bis
945 2093 1095 2154 Accusat.
1111 2109 1137 2153 1.
1153 2091 1214 2154 vol.
1230 2108 1258 2153 2.

151 2217 227 2283 pag.
245 2213 320 2277 792.
355 2196 461 2273 Quare
479 2196 602 2282 judicet
621 2194 728 2259 lector.
763 2194 930 2259 Rationem
946 2209 1051 2258 autem
1068 2194 1260 2282 metaphoroe

152 2296 198 2363 sic
212 2296 349 2384 concipe.
380 2298 491 2381 Κωφὸς
504 2297 590 2385 apud
605 2298 753 2385 antiquos
766 2313 822 2362 aut
836 2297 956 2362 surdus
970 2311 1026 2361 aut
1041 2305 1147 2362 mutua
1162 2313 1259 2363 sonat.

155 2399 219 2466 Sed
234 2399 285 2464 hic
300 2408 407 2464 mutua
421 2414 479 2478 est,
495 2402 582 2487 quod
596 2400 672 2464 ferri
691 2400 771 2464 acies
785 2401 884 2480 στόμα
897 2398 946 2462 vel
962 2400 1104 2479 στόμωμα
1118 2415 1258 2467 vocatur.

154 2504 242 2569 Hinc
257 2503 351 2568 etiam
372 2502 594 2592 explicandum
618 2502 823 2567 Homericum
846 2500 937 2579 illud,
953 2501 1066 2583 Κωφὸν
1087 2505 1146 2584 γλρ
1166 2502 1261 2584 βέλος

154 2608 264 2689 όνδρὸς
286 2607 454 2676 ἀνάλκιδος.
479 2607 583 2672 POR.
630 2604 763 2670 Praetuli
786 2606 997 2687 ἐκκεκώφηται,
1010 2603 1097 2691 quod
1116 2605 1259 2670 codicum

154 2732 283 2776 suorum
308 2724 433 2774 tantum
459 2731 523 2773 non
549 2707 690 2773 omnium
713 2707 971 2795 grammaticique
995 2707 1081 2794 apud
1109 2709 1195 2773 Bast.
1219 2709 1261 2774 ad

155 2809 254 2934 (ἔρος.
270 2814 352 2979 ἕσιν.
374 2835 406 2899 p.
423 2815 497 2898 908.
520 2810 706 2876 auctoritate
726 2809 922 2874 confirmavit
945 2809 1104 2876 Matthiae.
1137 2814 1259 2878 ἐκκεκώ-

154 2921 293 3103 φωιπίὲο.
309 2964 488 3104 προσμίξει]
516 3017 557 3082 Id
581 3031 629 3083 est
653 3018 802 3101 πρόσεισι
848 3014 996 3081 Similiter
1020 3016 1117 3105 Soph.
1142 3019 1258 3085 Trach.

154 3122 227 3188 821.
245 3120 300 3186 'lt’
319 3123 395 3201 olor,
418 3120 441 3185 ὦ
463 3126 577 3196 παῖδες,
601 3120 782 3203 προσέμιξεν
804 3120 887 3202 όφαρ
909 3120 1017 3185 τοῦπος
1036 3119 1069 3182 τὸ
1092 3121 1261 3203 θεόπροπον

152 3225 224 3306 ἡμῖν
237 3227 291 3293 τὰς
305 3224 500 3307 παλαιφάτου
514 3225 668 3306 προνοίας.

198 3344 291 3413 1295.
308 3328 424 3407 ἀμείβω
438 3326 570 3391 codices.
593 3327 759 3408 ἀμείβομεν
773 3324 851 3391 Ald.

197 3435 355 3494 σκοποῦσα
368 3432 479 3505 παντᾶ]
493 3427 625 3493 Codices
641 3426 783 3493 σκοποῦσ’
796 3427 914 3493 ἅπαντα
925 3426 973 3492 vel
985 3431 1141 3492 σκοποῦσα
1150 3428 1259 3497 πάντα.

154 3533 207 3597 De
228 3537 327 3599 παντᾶ
350 3531 416 3596 dixi
442 3531 483 3596 ad
511 3554 540 3596 v.
566 3533 658 3614 1267.
697 3532 814 3596 Versus
843 3553 882 3594 ex
911 3529 1038 3596 duobus
1062 3529 1204 3598 baccheia
1227 3550 1259 3600 et

154 3634 401 3724 penthemimere
416 3633 549 3698 iambico
563 3633 762 3722 compositus.
790 3638 956 3698 σκοποῦσαι
969 3634 1065 3721 πόντη
1079 3635 1158 3700 Ald.

201 3752 294 3822 1297.
323 3737 464 3815 ἠκοώσαό
470 3764 479 3811 ;
514 3736 619 3818 ἄνδρες
653 3738 823 3801 Porsonus.
875 3735 1078 3802 Scribebatur
1104 3737 1259 3819 ἠκοόσατ’;

154 3841 271 3922 ἄνδρες.

201 3961 296 4029 1299.
312 3942 438 4029 ἀέναον]
453 3941 584 4006 όένναον
598 3940 718 4027 aliquot
732 3938 813 4005 libri.

202 4064 297 4131 1300.
314 4044 409 4129 ἐμοῖς]
427 4045 527 4124 ἐμοῖσι
540 4042 631 4107 codd.
648 4041 749 4107 multi.

202 4167 296 4233 1302.
308 4150 494 4212 deterream.
505 4148 545 4210 B.
557 4145 673 4232 aliique
685 4166 747 4209 non
757 4145 860 4232 pauci.
883 4145 1002 4211 Hiatus
1013 4150 1127 4214 θείνετε
1137 4152 1259 4227 όλλιπε,

153 4248 212 4337 qui
225 4248 345 4338 aliquid
362 4248 570 4314 excusationis
591 4247 687 4313 habet
701 4246 742 4312 ab
756 4247 936 4313 recitatione
951 4248 1064 4315 horum
1079 4251 1259 4332 verborum,

156 4350 387 4440 comparandus
401 4373 473 4416 cum
489 4353 602 4415 ἄλλοτε
615 4351 713 4414 ώλλον
727 4349 963 4437 apudxHesiod.
978 4352 1040 4438 Op.
1055 4369 1087 4417 et
1102 4354 1146 4419 D.
1162 4372 1237 4437 711.

201 4474 294 4542 1303.
308 4453 441 4535 πέμπετε
454 4476 516 4518 0111.
533 4454 571 4516 Β.
587 4466 620 4516 et
633 4466 697 4517 tres
711 4449 774 4515 alii.

689 4574 734 4639 13
