2864 4914
559 279 627 343 AD
650 281 889 349 ORESTEM.

210 461 285 526 445.
301 446 390 526 χερός
406 445 496 511 codd.
512 447 665 535 plerique.
705 452 803 516 Pauci
818 475 890 517 cum
906 453 985 518 Ald.
1001 460 1118 538 χθονός.

210 559 285 624 447.
302 545 390 630 πρός]
408 552 451 616 εἰς
463 547 583 636 aliquot
595 551 687 615 codd.
703 568 735 617 et
750 552 828 618 Ald.

208 660 287 730 453.
301 648 375 725 461.
392 650 437 732 ές]
457 650 556 715 Recte
573 653 648 716 Ald.
665 657 718 721 εἰς.

208 749 283 827 461.
295 745 550 838 ἐξειργασμένοις]
562 754 775 836 ἡμαρτημένοις
785 755 930 820 tredecim
940 757 1061 824 codices
1069 773 1101 823 et
1110 781 1219 848 margo
1226 763 1270 826 H.

208 849 285 927 464.
301 848 397 935 Λήδα]
417 851 501 937 Λήδη
517 853 592 919 Ald.
609 871 641 920 et
656 878 729 942 pars
743 856 896 922 codicum.

207 951 284 1034 465.
299 954 425 1031 τιμῶντέ
437 953 482 1038 μ’]
501 956 616 1036 τιμῶντ’
633 956 677 1038 ἔμ’
693 958 813 1045 aliquot
824 959 916 1023 codd.

209 1055 381 1138 Διοσκόρω]
400 1059 574 1139 Διοσκοόρω
590 1061 634 1123 Η.
650 1058 766 1147 aliique
781 1061 922 1125 nonnulli
938 1086 1010 1127 cum
1027 1063 1104 1127 Ald.

209 1155 286 1232 468.
300 1159 401 1242 ποῖον]
420 1156 445 1220 δ’
461 1158 584 1224 addunt
598 1160 719 1225 codices
735 1162 825 1227 multi
839 1177 870 1227 et
886 1163 963 1229 Ald.

208 1272 283 1340 473.
298 1258 365 1335 ἥκοι
379 1259 472 1323 codd.
489 1261 589 1326 multi.
628 1263 695 1327 Alii
709 1278 741 1327 et
757 1264 833 1328 Ald.
850 1266 924 1344 ἥκει.

209 1359 276 1442 ξὺν]
294 1359 519 1426 Revocandom
536 1365 593 1428 σὺν
607 1387 646 1428 ex
662 1365 741 1429 Ald.

209 1474 283 1543 477.
307 1460 330 1525 ὦ
345 1464 464 1545 πρέσβυ
478 1472 565 1548 χοῖρε
580 1466 686 1532 Aldus
700 1482 732 1532 et
748 1470 849 1532 MSS.
867 1469 920 1532 sed
942 1482 1072 1555 propter
1087 1493 1269 1556 responsum

165 1583 279 1626 vocum
301 1563 437 1629 duarum
456 1567 596 1631 ordinem
621 1570 751 1633 mutavi.
797 1573 981 1656 Utrumque
1003 1571 1157 1657 probum
1183 1573 1269 1659 qnod

163 1661 239 1727 dedi
255 1667 390 1732 occurrit
404 1669 494 1733 Med.
510 1671 584 1756 663.
601 1673 706 1756 (670.)
724 1674 826 1759 Hipp.
847 1689 938 1756 1453.
963 1673 1090 1738 ΗειαοΙ.
1105 1692 1179 1758 574.
1196 1677 1268 1740 660.

166 1766 334 1831 11111622.
355 1773 446 1834 1181.
471 1773 569 1837 Herc.
586 1774 624 1837 F.
643 1794 718 1858 524.
742 1775 858 1839 Electr.
880 1795 970 1859 1343.
992 1775 1135 1862 AEschyl.
1152 1777 1267 1863 Agam.

167 1886 216 1933 22.
243 1869 354 1956 Suppl.
371 1876 445 1936 610.
469 1873 613 1960 Sophocl.
639 1877 694 1962 Aj.
716 1898 768 1961 91.
792 1878 909 1941 Electr.
926 1880 998 1942 662.
1023 1876 1189 1963 Aristoph.
1206 1879 1267 1963 Eq.

168 1987 261 2053 1254.
280 1971 419 2037 Acharn.
436 1974 616 2057 872.1207.
633 1980 698 2040 Av.
718 1979 806 2060 1586.
823 1979 898 2042 Pac.
912 1997 987 2063 523.
1001 1997 1093 2063 ¹354·
1111 1977 1269 2061 ὧχαίρετε

162 2071 277 2155 χαίοετ’
300 2075 415 2156 ἄνδρες,
439 2089 475 2141 111
497 2076 591 2142 habet
616 2079 692 2142 MS.
716 2080 894 2145 Ravennae.
919 2079 1054 2166 Lysistr.
1077 2081 1150 2164 853.
1175 2100 1268 2144 1100.

164 2174 327 2240 Theocrit.
353 2199 379 2242 1.
407 2200 476 2260 144.
502 2181 605 2245 POR.
651 2181 713 2258 Qui
735 2179 834 2244 edidit
860 2179 884 2243 ὦ
907 2186 995 2263 χαῖρε
1020 2180 1148 2262 πρέσβυ.
1194 2182 1267 2246 Non

162 2300 255 2363 opus.

208 2380 284 2461 478.
299 2381 375 2460 481.
399 2381 488 2446 Male
507 2398 539 2447 et
553 2396 661 2448 contra
677 2384 777 2447 MSS.
794 2389 864 2447 ME.
881 2397 913 2447 et
926 2388 1022 2446 ἹῪΝ.
1037 2383 1195 2470 praeponit
1210 2383 1268 2447 Al-

163 2479 234 2544 dus„
258 2483 362 2546 POR.

207 2598 283 2668 479.
306 2586 323 2647 ὁ
344 2587 550 2667 μητροφόντας
564 2585 792 2668 δράκων-1116111
811 2605 902 2664 1421.
928 2582 1131 2649 scholiastes:
1154 2584 1268 2666 δράκων

164 2687 232 2751 ἀντὶ
252 2691 305 2750 τοῦ
328 2687 399 2770 ἔχις·
423 2688 504 2751 οὗτοι
518 2691 576 2769 γὰρ
595 2688 648 2751 οὐκ
671 2689 703 2766 ἐξ
721 2688 787 2752 ὠῶν
804 2693 977 2768 γεννῶνται,
995 2689 1077 2751 ἀλλὰ
1090 2691 1266 2761 ζωοτοκαῦν-

164 2814 223 2862 τοι,
248 2791 296 2852 καὶ
317 2793 482 2868 τικτόμενοι
503 2792 729 2872 διαρρηγνόουσι
751 2793 803 2856 τὰς
823 2796 882 2853 τῶν
901 2789 1036 2871 μητέρων
1056 2788 1213 2870 γαστέρας,
1230 2791 1269 2856 ὡς

163 2892 241 2972 φησὶ
260 2893 436 2972 Νίκανδρος,
455 2890 615 2973 (Theriac.
635 2893 720 2976 134.)
739 2889 863 2972 Γαστέρ’
880 2892 1112 2972 ἆναβρῶσαντες
1125 2890 1268 2972 ὀμήτορες

164 2993 347 3075 ἐξεγένοντο.
374 2994 476 3057 ΡΟΒ.

206 3096 282 3174 482.
301 3095 425 3176 ἔκγονος
439 3093 529 3157 codd.
545 3093 696 3180 plerique.
736 3092 802 3156 Alii
819 3111 855 3158 ut
871 3093 950 3159 Ald.
967 3096 1099 3176 ἔγγονος.

206 3197 281 3277 488.
306 3199 340 3260 έν
354 3204 416 3262 τοῖς
431 3197 551 3279 σοφοῖς]
576 3198 611 3261 Ε
620 3197 975 3282 ραόίαὶοιοαρίααίίαια.
1013 3195 1266 3261 Vid.Valcl(.11d

164 3297 300 3386 Hippoi.
315 3317 389 3383 324.
414 3299 605 3361 MATTH.

205 3402 280 3484 489.
299 3400 425 3478 κέκτησό
440 3400 505 3482 νυν]
525 3399 613 3463 Libri
631 3400 756 3480 κέκτησο
773 3406 836 3463 νῦν.

206 3524 281 3586 491.
305 3502 379 3584 πρὸς
402 3503 487 3566 τόνδε
502 3503 612 3583 σοφίας
627 3527 669 3568 τις
684 3502 722 3566 ἂν
736 3504 817 3583 ἀγὸν
832 3503 897 3581 ἥκοι
914 3501 982 3582 πέρι
1005 3503 1164 3565 Porconus
1185 3523 1265 3590 prae-

163 3622 258 3671 eunte
281 3604 394 3692 partini
419 3605 578 3690 Duporto‚
598 3602 653 3688 qui
676 3603 849 3690 conjecerat
869 3603 942 3684 πρὸς
960 3601 1038 3666 τόνδ’
1061 3604 1144 3685 ἀγὸν
1166 3603 1210 3669 τίς
1229 3602 1267 3666 ἂν

164 3710 276 3789 σοφίας
290 3708 356 3785 ἥκοι
370 3704 457 3786 σέρις
482 3708 520 3769 Ι11
537 3707 616 3770 Ald.
632 3707 704 3788 πρὸς
719 3705 796 3771 τόνδ’
812 3707 894 3787 ἀγὼν
909 3707 953 3772 τίς
968 3707 1079 3785 σοφίας
1099 3705 1163 3782 ἥκει
1178 3703 1264 3785 αέρις

163 3824 195 3876 et
217 3811 261 3874 sic
282 3809 404 3874 codices
421 3832 559 3894 quoque,
583 3808 640 3872 nisi
663 3808 749 3894 quod
773 3809 805 3870 in
827 3807 953 3871 duobus
975 3809 1018 3873 τίς
1035 3806 1081 3884 οὐ,
1104 3804 1135 3868 in
1156 3806 1264 3892 Mosq.

164 3936 229 3977 uno
241 3915 287 3979 τίς
302 3913 349 3985 ἂν,
365 3933 452 3974 eraso
468 3923 570 3974 tamen
586 3913 632 3974 ἄν.
671 3912 747 3974 Duo
762 3909 813 3973 alii
828 3908 906 3973 alter
920 3911 1009 3988 οὔτις,
1024 3906 1102 3971 alter
1116 3908 1186 3972 οίσι.
1225 3907 1265 3970 In

164 4018 210 4081 H.
232 4013 274 4079 cd
296 4015 361 4093 ἥκει
381 4012 572 4099 adscriptum
596 4039 641 4095 γρ.
666 4018 769 4091 κεῖται,
784 4011 871 4097 quod
893 4010 925 4074 in
950 4023 1038 4074 textu
1060 4008 1154 4073 habet
1177 4010 1264 4094 Aug.

164 4141 259 4197 unus,
275 4117 384 4181 addito
399 4143 447 4198 γρ.
462 4117 536 4194 ἥκει.

205 4221 282 4305 498.
298 4220 423 4300 πληγεὶς
434 4217 591 4300 θυγατρὸς]
609 4215 730 4280 Eadem
742 4213 971 4279 constructione
983 4209 1137 4298 participii
1148 4209 1264 4274 Electr.

167 4344 236 4409 123.
265 4329 364 4388 κεῖσαι
387 4327 443 4390 σᾶς
465 4322 579 4403 ἀλόχου
603 4321 741 4401 σφαγείς.
781 4316 878 4403 Soph.
901 4313 983 4378 Phil.
1007 4332 1039 4398 5.
1063 4311 1086 4375 ὦ
1110 4313 1265 4393 κρατίστου

163 4427 274 4509 πατρὸς
287 4423 447 4504 Ἑλλήνων
461 4425 591 4505 τραφείς.
