2864 4914
290 296 358 360 AD
382 295 686 362 IPHIGENIAM
710 297 1043 364 AULIDENSEM.
1156 296 1222 363 468

162 464 238 543 468.
254 464 289 532 ds
302 466 521 532 Marklandua
560 469 744 556 Legebstur
756 470 790 538 ds
802 468 843 549 μ’.

163 567 237 644 482.
262 568 386 653 τούμὸν]
417 570 527 634 Meam
552 572 730 636 utilitatem
763 570 833 636 vid.
862 569 1012 636 Schoefer.
1035 569 1076 635 sd
1106 570 1221 637 Lamb.

122 667 197 730 Bos.
213 689 247 755 p.
263 691 275 735 1
280 690 333 755 31.

162 770 239 853 489.
275 774 346 854 πρὶν
376 779 413 838 τὰ
441 772 587 856 πράγματ’
618 773 816 861 Lentingius.
864 773 1049 862 Legebatur
1075 775 1154 856 πρίν·
1183 778 1221 840 τὸ

120 871 280 954 πράγματα
301 873 338 940 δ’.
382 877 435 940 De
459 875 682 964 significatione
706 875 869 964 particulas
891 877 963 958 πρίν
983 900 1018 940 ν.
1042 875 1153 941 Eimsl
1179 876 1221 943 ad

121 973 213 1038 Med.
229 992 320 1061 1173.

162 1096 238 1159 492.
255 1080 368 1158 ἐσῆλθε
382 1078 468 1145 Flor.
488 1102 516 1146 1.
534 1100 561 1147 2.
603 1081 709 1169 Vulgo
724 1085 856 1162 εἰσῆλθε,
872 1081 959 1168 quod
974 1081 1198 1148 monadum.

165 1180 364 1271 ἐννοουμένῳ]
381 1182 436 1246 Ab
450 1183 627 1249 accusativo
640 1183 681 1249 sd
694 1183 837 1250 dativum
852 1185 982 1251 transita
1004 1185 1127 1273 dequo
1137 1185 1220 1253 conf.

163 1401 239 1469 495.
254 1388 394 1466 στρατεία
409 1385 587 1452 Barnesius.
614 1392 738 1471 στρατιὰ
751 1387 833 1454 libri.

164 1487 239 1569 498.
257 1486 323 1572 μοι]
351 1487 535 1574 Legebatur
560 1514 620 1554 σοι.
667 1492 767 1555 Recte
791 1488 1002 1555 Marklandus
1025 1498 1048 1530 “
1059 1492 1221 1570 Putarem,

121 1586 245 1667 μέτεστί
264 1611 324 1668 μοι·
347 1590 419 1677 quis
441 1591 524 1657 enim
551 1592 654 1677 potuit
682 1593 830 1658 dubitare
854 1597 912 1679 (ΕΙ
939 1591 1087 1676 μέτεστι),
1113 1607 1221 1658 utrum

122 1688 306 1770 oraculum,
323 1695 553 1780 Agamemnoni
575 1695 697 1773 datum,
712 1696 753 1760 de
773 1696 854 1761 caede
874 1694 947 1760 filiae
968 1718 1045 1775 sure,
1065 1695 1108 1760 ad
1129 1698 1221 1783 Aga·

122 1815 317 1859 memnonem
337 1800 514 1882 spectaret?
536 1797 623 1861 Dicit
646 1796 830 1863 Menelaus:
855 1797 888 1862 Si
904 1797 1085 1863 Calchantis
1100 1797 1141 1862 de
1157 1797 1222 1862 filia

122 1911 178 1960 tua
199 1918 393 1984 responsum,
408 1921 446 1963 ex
469 1898 576 1986 aliqua
596 1914 686 1987 parte
708 1902 766 1965 Me
787 1900 922 1989 respicit,
944 1900 1004 1964 boc
1023 1899 1100 1964 nihil
1122 1900 1161 1965 sit
1180 1900 1223 1966 ad

122 1997 199 2061 Mc:
222 1998 445 2086 quodcumque
465 2000 497 2064 in
519 2001 577 2065 hac
592 2002 680 2067 read
694 2005 752 2066 Me
767 2004 937 2090 spectabat,
952 2002 1027 2067 Tibi
1049 2002 1166 2091 largior
1185 2026 1223 2069 ac

123 2100 257 2164 remitto.
294 2099 360 2164 Alii
375 2101 457 2166 sorte
471 2101 560 2167 aliter
573 2104 756 2191 accipiant.”

165 2221 348 2288 500-503.
371 2205 443 2268 Hos
457 2227 565 2269 versus
586 2206 626 2270 ab
643 2205 865 2293 interpolatore
884 2206 1010 2273 additos
1031 2229 1097 2270 esse
1117 2207 1223 2294 arguit

123 2305 308 2370 dissolutum
325 2305 513 2393 minimeque
527 2308 737 2396 Euripideum
753 2331 854 2396 genus
868 2308 1002 2374 dicendi.

165 2426 240 2493 502.
263 2409 366 2490 τροπαὶ
391 2409 514 2495 τοιοίδε]
543 2413 626 2475 Tres
649 2412 721 2475 Par.
744 2412 830 2475 Flor.
854 2431 883 2475 1.
904 2429 934 2476 2.
958 2432 1054 2498 supra
1072 2409 1222 2497 scriptum

124 2510 241 2575 habent
255 2512 361 2592 τροπαὶ
381 2512 502 2576 τοιαίδε.
547 2511 641 2591 Quod
664 2511 876 2599 explicationis
896 2535 990 2577 causa
1004 2511 1134 2577 additur
1153 2517 1224 2596 χρῆ-

126 2618 197 2678 σθαι
211 2619 289 2677 τοῖσι
302 2616 476 2694 βελτίστοις
490 2615 548 2693 ἀεί,
567 2637 629 2678 non
649 2627 752 2701 potest
766 2614 870 2679 vocari
884 2614 988 2696 τροπή.
1033 2613 1096 2692 Qui
1118 2615 1224 2696 sponsi

125 2719 235 2783 τοιαίδε
247 2717 380 2804 scripsit,
396 2739 568 2782 sermonem
579 2717 684 2783 adhuc
699 2741 765 2782 esse
776 2717 817 2782 de
830 2723 1016 2800 μεταβολαῖς
1029 2729 1062 2780 et
1080 2720 1121 2803 τῷ
1140 2716 1225 2797 μετέ-

123 2844 220 2884 πεσον
233 2819 375 2884 credidit.
398 2820 589 2885 MATTH.

168 2937 244 3006 505.
259 2921 439 3007 προγόνους]
455 2923 650 2987 Addendum
666 2922 709 2988 d’:
733 2921 819 3010 quod
835 2921 915 2986 vidit
931 2923 1143 2986 Hermannus.

169 3025 244 3106 506.
265 3020 399 3086 Μενέλα’
416 3024 630 3110 Musgravius.
665 3023 770 3111 Vulgo
785 3023 955 3091 Μενέλαος.
1001 3026 1136 3089 Praesm
1158 3030 1222 3089 Me·

127 3123 248 3201 νίλεως,
264 3123 351 3209 quod
366 3140 516 3191 memorat
531 3127 711 3191 Barnesins.

171 3226 353 3310 508-510.
375 3227 448 3290 Non
475 3227 589 3314 injuria
612 3227 644 3292 hi
669 3250 730 3292 rss.
751 3225 909 3291 offendere
930 3226 1077 3290 videntur
1102 3226 1223 3291 Boeck-

126 3326 214 3391 hium
237 3328 269 3392 in
291 3328 371 3393 libro
385 3328 426 3393 da
440 3329 565 3417 tragicis
585 3353 618 3417 p.
635 3329 710 3394 288.
726 3342 792 3393 tum
816 3343 946 3415 propter
967 3341 1031 3392 tres
1050 3342 1226 3416 anapaestos

126 3429 229 3493 tribus
242 3429 388 3516 deinceps
402 3432 541 3496 versibus
562 3431 690 3518 positos,
705 3445 773 3496 tum
796 3443 925 3518 propter
941 3429 1124 3495 sententiam
1139 3428 1226 3493 intri-

124 3545 224 3595 catam
248 3548 280 3597 et
301 3533 478 3613 obscuram,
501 3534 595 3599 etiam
616 3533 702 3621 quod
721 3533 754 3597 in
774 3531 863 3597 nullo
885 3531 948 3596 alio
970 3530 1135 3618 Euripidis
1155 3531 1226 3597 loco

125 3634 277 3700 vocabula
291 3637 405 3719 ταραχή
420 3651 450 3701 et
465 3639 626 3717 πλεονεξία
640 3636 795 3724 legantur,
809 3657 947 3723 quorum
961 3633 1056 3700 etiam
1073 3633 1226 3721 significa-

127 3736 224 3801 tiones
246 3738 278 3801 h.
296 3737 375 3801 lita
392 3738 550 3825 ambiguae
572 3738 644 3816 sint,
660 3737 738 3802 nihil
760 3751 796 3802 ut
817 3737 893 3802 ceni
915 3735 956 3800 de
977 3757 1069 3800 sensu
1091 3736 1226 3823 proferri

126 3839 232 3924 possit.
276 3839 387 3919 Addo,
406 3862 468 3904 non
491 3840 564 3904 satis
586 3854 660 3927 apte
681 3837 864 3904 Menelaum
885 3838 1133 3925 Agamemnonis
1154 3860 1225 3902 ora·

94 3997 96 4002 .
127 3939 241 4004 tionem
257 3940 453 4028 interpellare
466 3941 603 4028 generali
619 3941 783 4019 sententia,
797 3963 870 4028 quae
887 3939 984 4005 Chori
1006 3963 1149 4027 personoe
1163 3962 1227 4004 me-

125 4039 186 4104 lius
207 4043 367 4116 convenit;
391 4065 457 4129 qua
480 4043 522 4107 de
544 4067 637 4108 cansa
656 4042 748 4108 etiam
774 4043 810 4107 V.
832 4043 876 4106 D.
900 4041 932 4111 in
961 4042 1092 4107 Classic-
1107 4044 1224 4126 joann.

127 4165 157 4207 n.
173 4164 203 4228 3.
229 4168 257 4230 p.
274 4148 347 4210 612.
365 4145 420 4209 bos
438 4162 501 4210 tres
515 4168 624 4210 versus
641 4146 737 4210 choro
752 4143 881 4218 tribuit3
906 4142 992 4231 quod
1015 4142 1227 4230 importunius

126 4245 231 4324 etiam,
247 4269 265 4310 a
280 4246 387 4325 chom,
401 4247 457 4335 qai
476 4247 657 4313 sententium
682 4269 768 4312 suam
786 4247 853 4333 jam
870 4246 996 4324 tulerat,
1012 4245 1119 4313 denuo
1134 4245 1224 4332 Aga·

128 4349 300 4413 memnonis
321 4350 491 4414 orationem
513 4348 713 4436 interpellari.
759 4347 841 4417 Mihi
864 4347 982 4434 itaque,
997 4363 1034 4410 ut
1053 4344 1224 4424 Boeclthio‚
