2864 4914
304 306 372 369 AD
396 305 704 371 IPHIGENIAM
729 307 1062 373 AULIDENSEM.
1174 309 1239 377 479

142 492 146 499 '
179 494 256 561 943.
285 480 443 557 θαυμαστά
469 477 492 541 δ’
517 479 556 545 ὦς
582 476 675 557 ἀνάξι’
698 476 896 564 ἠτιμασμένη]
926 481 1023 543 Hanc
1048 479 1236 544 locutionem

136 600 248 664 parum
267 593 372 664 aptam
391 579 465 644 huic
487 578 566 658 loco,
582 604 621 645 ex
636 605 728 646 versu
743 581 908 667 Euripidis
931 581 1098 670 sumpsisse
1112 581 1239 646 videtur

137 679 211 743 Hel.
227 696 302 766 455.
318 681 341 745 ὦ
356 687 475 762 δαῖμον,
491 684 530 751 ὥς
545 681 638 763 ἀνάξι’
653 685 832 765 ἠτιμώμεθα.

179 802 255 867 944.
273 784 385 870 Inepte
402 784 503 849 utitur
517 785 700 872 imperfecto
714 786 752 865 ἦν
766 786 834 867 ὅρα.

179 900 255 968 945.
271 883 311 972 δ’]
327 885 351 947 τ’
369 885 455 949 Flor.
473 906 503 950 1.
520 904 550 950 2.
567 887 619 952 sed
638 887 662 952 δ’
679 910 774 975 supra
789 887 904 974 scripto
917 888 949 951 in
965 887 1053 955 Flor.
1073 907 1102 953 2.

179 1005 253 1072 947.
270 988 366 1072 εἴπερ]
384 989 479 1071 ὅσπερ
495 991 568 1054 Par.
584 992 622 1055 C.
647 991 748 1072 ὥσπερ
763 989 848 1054 Flor.
868 1010 894 1053 1.
912 1008 941 1055 2.
1076 1001 1078 1004 ‘

179 1091 322 1171 φονεύσει
351 1091 536 1156 Schaeferus.
574 1091 665 1157 Libri
696 1093 825 1174 φονεύει
865 1093 970 1155 Totus
996 1115 1102 1156 versus
1130 1109 1235 1158 autem

135 1191 286 1255 confictus
307 1205 354 1255 est
375 1216 414 1256 ex
436 1193 539 1257 verbis
561 1193 726 1279 Euripidis
748 1216 778 1256 v.
798 1209 873 1278 937.
894 1193 929 1256 οδ
952 1190 1172 1275 γάρ-παρέξω
1192 1195 1237 1279 σῷ

137 1294 228 1357 πόσει
242 1293 351 1372 τούμδν
366 1293 465 1375 δέμας·
488 1296 617 1376 τοῦνομα
631 1299 699 1379 γὰρ,
717 1298 744 1360 el
758 1297 806 1359 καὶ
819 1294 860 1374 μὴ
874 1298 998 1376 σίδηρον
1010 1293 1111 1376 ἤρατο,
1128 1294 1238 1374 τούμδν

136 1397 280 1477 φονεύσει
294 1402 385 1460 παῖδα
400 1397 467 1476 σήν.
497 1397 733 1461 Absurdissime
749 1419 822 1460 vero
835 1396 953 1461 dictum
969 1409 1016 1460 est
1029 1399 1111 1477 εἴπερ
1126 1397 1234 1478 φονεύ-

137 1517 186 1555 σει
200 1492 310 1572 τούμδν
325 1495 420 1572 ὄνομα
434 1498 478 1581 σῷ
493 1496 592 1573 πόσει,
607 1498 637 1560 si
658 1518 769 1560 nomen
789 1517 890 1560 naeum
910 1497 1024 1560 occido
1044 1498 1158 1560 marito
1172 1504 1235 1574 tuo,

136 1593 201 1658 scil.
212 1595 333 1680 filiam.
378 1598 438 1660 Est
453 1596 512 1661 hoc
527 1596 681 1684 ejusmodi
701 1613 736 1663 ut
756 1621 796 1662 ne
817 1599 849 1662 in
869 1598 922 1662 tali
936 1599 1063 1686 quidem
1087 1585 1253 1686 scriptore

136 1694 313 1776 ferendum,
330 1697 383 1761 sed
399 1703 444 1785 ms>
465 1701 554 1764 πόσει
575 1700 607 1764 in
630 1707 721 1766 παῖδα
736 1702 793 1780 σλν
808 1701 994 1765 mutandum
1009 1725 1075 1766 esse
1089 1701 1235 1778 dicerem,

136 1797 195 1862 nisi
210 1814 241 1863 et
255 1800 460 1886 improbabile
474 1818 553 1867 esset
568 1802 672 1867 hocin
688 1803 766 1868 illud
782 1818 917 1868 mutasse
935 1803 1107 1882 librarium,
1123 1819 1154 1868 et
1168 1804 1237 1868 vul-

136 1915 212 1987 gata
235 1902 506 1991 scriptura.sacile
531 1928 569 1970 eo
593 1905 741 1994 explicari
767 1921 871 1994 posset
894 1921 931 1971 ut
955 1905 1035 1971 duas
1060 1907 1236 1985 sententias,

136 2003 254 2086 παρέξω
275 2009 405 2087 τοῦνομα
426 2013 471 2094 σῷ
492 2006 581 2072 πόσει
595 2022 627 2072 et
649 2010 787 2090 φονεύσω
807 2015 899 2073 παῖδα
921 2009 978 2087 σήν
1001 2009 1032 2073 iu
1054 2033 1147 2074 unam
1171 2034 1237 2074 esse

136 2103 380 2190 conglutinatam
397 2105 537 2170 dicamus
559 2109 642 2188 εἴπερ
664 2108 806 2189 φονεύσει
827 2106 936 2186 τούμδν
955 2107 1050 2185 ὄνομα
1071 2107 1116 2191 σῷ
1138 2105 1236 2171 πόσει.

137 2207 212 2270 Non
235 2206 369 2271 multum
389 2207 529 2271 dissimili
550 2207 681 2272 audacia
693 2207 734 2272 ab
749 2207 858 2272 eodem
880 2206 980 2270 aliove
1001 2222 1094 2294 poeta
1115 2230 1144 2270 v.
1160 2209 1235 2291 623.

138 2307 257 2373 dictum
273 2322 320 2373 est
335 2312 484 2377 καθεύδεις
497 2316 617 2398 πωλικῷ
641 2312 740 2391 δαμεὶς
761 2310 909 2395 ὅχῳ,·λοσ
922 2324 970 2374 est
985 2311 1134 2377 καθεύδεις
1154 2311 1236 2395 ὅττνῳ

136 2412 241 2491 δαμεὶς
255 2413 289 2475 έν
303 2414 422 2497 πωλικῷ
437 2412 509 2496 ὅχιρ.

182 2534 202 2598 9
203 2533 256 2599 51.
272 2516 315 2581 eis
329 2514 423 2595 ὅκραν
435 2512 526 2599 χεῖρ’]
545 2513 675 2579 Dictum
692 2537 750 2601 pro
764 2515 838 2598 άκριρ
852 2514 938 2597 χειρί.

183 2629 257 2699 952.
272 2613 290 2694 ἢ
304 2617 435 2683 Σίπυλος
450 2615 535 2680 έσται
547 2613 635 2685 πόλις
649 2618 759 2699 ὅρισμα
772 2613 947 2698 βαρβάρων,
962 2615 1034 2678 ὅθεν
1049 2610 1195 2694 πεφύκασ’
1208 2613 1238 2677 οἱ

139 2713 340 2798 στρατηλάται
357 2715 458 2803 γένος]
486 2717 615 2806 Sipylus
629 2729 676 2782 est
692 2717 843 2804 oppidum
867 2716 982 2805 Lydiae
1004 2715 1036 2779 in
1059 2715 1237 2802 Magnesia,

139 2817 194 2882 ubi
209 2817 369 2883 habitabat
385 2818 550 2898 Tantalus,
568 2819 680 2884 Niobae
696 2836 795 2906 pater,
809 2841 829 2883 a
842 2842 906 2905 quo
921 2817 1044 2883 oriundi
1061 2833 1133 2882 sunt
1151 2820 1237 2905 Aga-

138 2940 283 2984 memnon
299 2936 331 2985 et
346 2921 523 3000 Menelaus,
539 2945 619 3009 quos
633 2922 728 2986 duces
744 2921 849 2987 Graeci
866 2923 1020 2987 exercitus
1041 2919 1165 3006 respicit
1186 2919 1237 2984 hic

140 3023 293 3090 Achilles.
338 3024 453 3087 Sensus
467 3037 589 3088 autem:
613 3023 646 3088 Si
660 3046 720 3110 ego
734 3023 815 3088 hanc
825 3022 960 3110 puellam
977 3022 1008 3087 in
1025 3023 1084 3087 hoc
1099 3021 1237 3109 periculo

139 3125 339 3190 constitutam
360 3126 474 3213 ignave
494 3125 646 3204 deseram,
662 3139 730 3188 tum
754 3124 893 3210 Sipylus,
910 3124 994 3188 unde
1016 3128 1235 3212 Agamemnon

139 3243 228 3292 ortus
249 3243 306 3308 est,
327 3228 458 3315 gloriam
480 3227 640 3316 praeripiat
655 3247 778 3290 omnem
803 3225 938 3304 Phthiae,
954 3249 1027 3312 quoe
1049 3225 1124 3289 mihi
1140 3225 1237 3290 vitam

140 3329 238 3396 dedit.
261 3332 403 3396 BARN.

183 3432 279 3511 πόλις,
294 3435 416 3518 ὅρισμα]
434 3431 570 3512 πόλισμα
585 3433 657 3495 Par.
673 3433 717 3495 A.

184 3552 258 3622 954.
275 3537 370 3602 Φθίας
383 3537 416 3599 δὲ
430 3532 546 3613 τοῦνομ’
564 3532 712 3596 Matthiae
726 3531 822 3596 editio
836 3555 874 3596 ex
894 3533 1072 3619 oonjeotura
1087 3535 1110 3597 J
1111 3532 1237 3611 acobsii,

141 3661 214 3725 quae
229 3635 408 3703 correctoris
422 3633 532 3699 Aldini
556 3635 709 3721 scriptura
726 3634 835 3700 nititur
856 3637 935 3699 Φθία
957 3638 989 3699 δὲ
1011 3636 1129 3716 τούμόν.
1176 3635 1236 3700 Sed

139 3740 331 3804 restituenda
345 3738 488 3803 codicum
509 3736 602 3801 lectio
623 3739 703 3801 Φθία
726 3740 758 3801 δὲ
781 3738 889 3817 τούμόν
909 3736 947 3815 τ’,
964 3736 1033 3814 hoc,
1051 3753 1086 3802 ut
1102 3738 1237 3815 videtur,

141 3864 231 3906 sensu
251 3841 381 3919 dictum,
397 3841 516 3904 Phthia
534 3861 671 3927 egoque:
695 3838 752 3902 nisi
774 3840 854 3903 forte
875 3839 963 3921 γένος
984 3862 1021 3903 ex
1045 3839 1239 3927 praecedente

142 3966 232 4007 versu
248 3942 377 4028 intelligi
395 3943 502 4018 voluit,
520 3942 639 4005 Phthia
649 3960 814 4028 genuaque
829 3962 940 4003 meacm.

186 4063 258 4128 955.
290 4041 444 4124 ένάρξεται
474 4040 689 4128 Musgravius,
714 4055 746 4104 et
771 4055 853 4104 recte
880 4040 1021 4104 fortasse.
1058 4040 1148 4105 Libri
1168 4041 1240 4105 άνά-

142 4152 234 4226 ξεται.

186 4249 260 4333 958.
282 4248 391 4330 Τνχάν
408 4247 448 4310 ad
472 4244 566 4308 verba
588 4243 621 4311 δς
641 4244 731 4307 πόλλ’
751 4246 847 4325 αἰληθῆ
864 4244 949 4326 λέγει
966 4260 1088 4308 tantum
1111 4259 1240 4328 spectat,

142 4349 202 4414 illis
223 4352 326 4414 πολλὰ
340 4350 374 4412 δέ
390 4352 486 4432 ψευδῆ
501 4346 533 4410 in
558 4345 732 4434 parenthesi
755 4346 873 4432 positis,
888 4360 925 4410 ut
942 4369 1038 4433 supra
1051 4365 1123 4430 945.
1141 4346 1240 4410 Μενέ-

141 4460 217 4521 λεως
239 4451 263 4516 δ’
280 4454 315 4517 έν
329 4450 473 4533 ἀνδράσιν
493 4445 690 4536 parenthesin
713 4446 850 4512 faciunt:
876 4447 930 4534 qui
954 4449 1140 4512 multavere
1156 4447 1241 4525 dicit,
