2864 4914
158 296 224 360 4154
516 292 898 360 ANNOTATIONES

158 465 236 532 biles
259 464 393 531 aliorum
415 466 609 552 conjecturas
632 465 721 531 novis
744 486 862 553 sugere
884 461 1000 551 ingenii
1025 457 1170 537 lnfibffls
1196 453 1276 521 ὠ

158 568 280 634 habebo
294 568 475 656 apposuisse
488 593 563 657 quae
577 568 617 633 de
631 567 825 656 singularum
841 564 978 654 partium
989 560 1076 628 vitiis
1084 556 1275 647 dispuuvit

160 672 374 734 Hermaunus.

203 790 275 856 277.
299 772 461 857 Αἰνιάνων]
487 773 649 836 Homerus
671 770 711 836 ΙΙ.
727 776 763 850 Β,
779 769 853 853 748.
876 768 990 833 horum
1012 765 1080 831 duo
1095 777 1135 830 et
1151 762 1273 851 viginti

158 896 253 938 naves
273 887 428 939 numerat.
472 873 613 938 Permire
624 873 746 938 dictum
761 887 841 937 esset
854 873 967 937 δόδεκα
987 870 1095 935 στάλαι
1118 873 1207 933 ναῖεν
1229 866 1273 931 de

158 974 291 1040 navibus
305 975 482 1053 duodecim,
495 975 581 1062 quod
595 973 717 1039 facilius
730 973 803 1061 quis
824 973 864 1038 de
886 971 1016 1039 totidem
1029 969 1190 1036 clunibus
1202 968 1273 1034 die-

160 1090 227 1140 tum
243 1077 394 1142 erederet.
439 1080 488 1141 At
504 1091 636 1142 metrum
655 1075 841 1142 ostendebat
863 1080 932 1143 νᾶες
950 1072 1156 1139 scribendum
1178 1095 1269 1139 esse:

160 1201 199 1242 ex
214 1202 279 1265 quo
293 1178 495 1266 consequitur
512 1202 564 1244 eas
585 1180 826 1246 δυδεκαστόλους
843 1175 1006 1265 appellari,
1021 1190 1060 1241 ut
1072 1178 1273 1258 μονόστολος

161 1303 254 1345 unum
277 1279 441 1368 siguificat.
485 1281 642 1351 Quoniam
664 1280 751 1368 apud
774 1282 950 1345 Homerum
972 1277 1128 1366 seriptum
1149 1292 1214 1359 est,
1229 1278 1274 1366 τᾷ

160 1383 184 1448 δ’
198 1381 333 1463 Ἐνιῆνες
347 1384 454 1447 ἕποντο
468 1384 689 1464 μενεπτόλεμοί
703 1407 736 1447 τε
751 1383 911 1464 Περαιβοὶ,
926 1379 1016 1446 facile
1028 1379 1145 1468 eoujici
1161 1395 1274 1469 potest

159 1484 247 1551 hunc
260 1501 402 1550 nostrum
418 1485 461 1549 sic
476 1484 642 1573 scripsisse,

419 1586 568 1652 Αἰνιάνων
583 1590 616 1652 δὲ
630 1586 848 1652 δωδεκάστολοι

418 1693 487 1756 νᾶες
500 1689 580 1769 ἦσαν
595 1689 646 1775 [ἔκ
659 1713 692 1754 τε
708 1693 787 1770 Περ·

418 1791 564 1876 ραιβίας,]
581 1793 623 1856 ὧν
637 1793 713 1870 άναξ

419 1892 546 1960 Γουνεὺς
559 1893 646 1976 ἆρχε.
735 1893 890 1956 HERM.

205 1990 278 2057 282.
301 1993 527 2073 Εὔρυτος-τὰς
547 1992 688 2078 Ἐχίδνας
704 1995 802 2059 λιτὸν
816 1993 938 2078 νήσους]
964 1993 1122 2061 Brodaeus
1141 1995 1276 2082 Ἐχίνας

160 2092 357 2158 scribendum
374 2093 462 2160 vidit.
499 2097 623 2161 Coetera
637 2095 775 2161 absurde
788 2110 908 2161 suntet
922 2097 1005 2162 iuter
1022 2120 1056 2162 se
1074 2100 1275 2186 pugnantis.

161 2197 234 2259 Non
251 2198 407 2284 Eurytus,
422 2197 477 2261 sed
492 2197 576 2262 filius
590 2196 719 2286 Euryti,
732 2199 875 2285 nequeis
897 2197 992 2278 solus,
1007 2198 1063 2264 sed
1082 2215 1151 2266 tres
1173 2202 1277 2268 simul

159 2297 210 2363 alii
225 2314 324 2377 erant,
340 2322 420 2386 quos
442 2315 546 2364 noster
562 2299 649 2380 dicit,
658 2298 786 2368 Ἤλιδος
807 2299 993 2384 δυνάστορες.
1039 2303 1214 2372 Humerus
1237 2312 1277 2386 B,

163 2400 238 2464 618.

245 2507 304 2565 τῶν
319 2503 355 2565 αὐ
370 2502 516 2585 τίσσαρες
530 2505 618 2587 άρχοί
633 2504 720 2581 ἕσαν,
736 2502 807 2568 δίκα
821 2502 845 2568 δ’
859 2505 944 2585 άνδρί
958 2503 1076 2591 ἑκάστῳ

246 2608 313 2683 νῆες
328 2605 436 2669 ἕποντο
452 2607 529 2683 tout,
545 2605 653 2672 πολέες
668 2604 692 2669 δ’
709 2605 854 2686 ἔμβαινον
867 2605 992 2671 Ἐπειοί

245 2711 304 2769 τῶν
317 2708 374 2785 μὲν
388 2706 432 2788 ἄρ’
447 2705 637 2791 Ἀμφίμαχος
652 2709 700 2771 καί
715 2708 854 2776 Θάλπιος
867 2709 1053 2791 ἡγησάσθην,

246 2807 306 2872 υἰες
320 2809 336 2869 δ
350 2808 407 2885 μὲν
422 2807 563 2880 Κτεάτου,
581 2812 597 2872 δ
613 2808 637 2872 δ’
654 2808 698 2891 ἄρ’
715 2810 847 2890 Εὐρύτου
859 2810 1064 2893 Ἀκτορίωνος·

246 2913 304 2971 τῶν
316 2906 340 2972 δ’
355 2906 586 2990 Ἀμαρυγκείδης
600 2911 693 2993 ἦρχεν
709 2912 848 2994 κρατερδς
862 2916 986 2995 Διύρης·

246 3013 351 3073 τῶνδὲ
366 3011 513 3092 τετάρτων
527 3011 601 3095 ἦρχε
616 3014 799 3091 Πολύξεινος
814 3016 956 3094 θεοειδὴς,

246 3110 308 3177 νίὐς
320 3109 524 3192 Ἀγασθένεος
539 3114 707 3195 Αὐγηϊάδαο
723 3115 857 3182 άναιττος.

161 3215 346 3300 Sequuntur
359 3213 402 3277 ibi
416 3215 520 3279 statim
535 3240 615 3302 quos
632 3218 745 3303 Meges
758 3217 911 3282 ducebat:

246 3316 275 3380 οἳ
289 3315 313 3380 δ’
331 3319 364 3380 ἐκ
379 3320 554 3401 Δουλιχίοιο
569 3317 719 3400 Ἐχινάων
734 3318 759 3383 θ’
777 3318 883 3401 ἰεράινν

247 3418 358 3499 νήσου,
375 3418 405 3482 αἰ
421 3422 537 3483 ναίουσι
550 3419 644 3501 πέρην
658 3420 733 3488 ἁλὸς
743 3419 873 3489 Ἤλιδος
887 3423 973 3499 άντα,

245 3527 304 3584 τῶν
319 3519 382 3586 αὖθ’
397 3522 560 3602 ἡγεμόνευε
575 3521 690 3603 Μέγης,
706 3523 873 3592 ἀτάλαντος
883 3523 982 3606 Ἀρηϊ,

247 3625 403 3702 Φυλείδης,
419 3622 455 3687 δυ
469 3624 547 3687 τίκτε
563 3623 617 3687 Art
629 3625 719 3705 φίλος
734 3628 843 3690 ἰππάτα
857 3628 984 3694 Φυλεύς.

161 3728 242 3789 Haec
258 3739 361 3788 noster
376 3747 502 3811 quoque
516 3740 548 3787 et
563 3743 716 3811 sequutus
730 3743 777 3791 est
791 3742 822 3792 et
837 3728 947 3792 debuit
960 3726 1056 3813 sequi.
1102 3729 1159 3793 Ac
1173 3730 1273 3797 facile

159 3842 246 3916 patet
260 3827 334 3909 ἦγεν
348 3829 587 3912 (incorruptum
607 3850 673 3891 esse
694 3852 733 3892 ex
756 3831 884 3912 ἡγεμάν.
930 3830 1011 3896 Inde
1033 3829 1183 3896 librarius
1205 3834 1271 3899 ati-

159 3931 241 4017 quis‚
258 3928 345 4016 quod
361 3928 490 3992 verbum
507 3927 637 4009 deesset,
654 3952 861 4018 praegressum
879 3935 997 3998 άνασσε
1013 3932 1150 3998 iteravit
1198 3937 1273 4002 La-

160 4056 256 4097 cunas
271 4054 345 4095 vero
359 4031 451 4095 etiam
474 4044 573 4094 metra
588 4031 737 4118 produnt.
782 4037 848 4098 Eas
869 4058 928 4122 pro
947 4036 1043 4122 hujus
1064 4050 1170 4122 poetoe
1192 4039 1275 4105 stilo

161 4158 222 4204 nou
238 4135 362 4201 difficile
376 4154 423 4199 est
437 4135 477 4197 ad
494 4133 578 4198 huuc
593 4133 723 4200 modum
738 4138 880 4223 explere:

333 4239 464 4320 Εὐρύτου
480 4234 504 4301 δ’
520 4238 637 4301 άνασσε
654 4236 735 4302 τῶνδ’

334 4341 474 4426 [ἔκγονος
489 4339 604 4412 κλυτὸς,

333 4445 389 4509 σὺν
403 4445 499 4526 τρισὶν
514 4443 654 4524 τέταρτος
668 4444 711 4509 ὢν
