2864 4914
202 280 268 361 286
568 283 945 350 ANNOTATIONES

201 451 339 517 comicus
354 455 418 518 Av.
438 472 508 539 130.
526 455 601 537 πρὸς
621 460 674 520 τοῦ
690 455 763 523 Διὸς
784 456 974 535 τούλυμπίου,
994 453 1001 538 Ι
1019 453 1099 518 ὅπως
1115 449 1240 531 παρέσει
1254 476 1305 530 μοι

203 558 251 622 καὶ
277 557 315 621 σὺ
340 557 387 621 καὶ
409 559 447 620 rb
471 559 573 623 παιδία
591 559 598 643 Ι
616 558 790 640 λουσάμενα
816 556 889 645 πρῴ·
913 557 1016 637 μέλλω
1036 558 1094 637 γὰρ
1121 556 1223 616 ἑστιᾶν
1249 552 1304 634 yd-

200 679 282 738 μους·
306 659 354 723 καὶ
367 664 506 740 μηδαμῶς
520 661 621 728 άλλως
641 660 783 740 ποιήσεις·
807 663 835 725 εῖ
852 661 884 723 δὲ
899 659 948 739 μὴ,
969 657 975 743 Ι
993 657 1033 737 μή
1053 680 1104 736 μοι
1125 652 1183 717 τότ’
1201 655 1301 738 ἔλθῃς,

201 759 243 824 ὅτ’
256 760 293 825 δυ
305 763 365 843 ἐγὼ
376 761 492 842 πράττω
505 768 607 829 κακῶς.
638 762 721 826 Olim
735 762 897 849 legebatur
907 760 1042 846 ποιήσῃς,
1056 756 1110 821 sed
1124 755 1304 820 Brunckius

201 886 220 926 e
234 862 422 928 membranis
435 864 569 943 ποιήσεις
590 877 673 930 recte
691 865 839 951 reposuit.
884 867 987 929 Nemo
1002 862 1125 948 ignorat
1139 860 1197 924 hoc
1213 859 1300 923 futu-

200 988 272 1029 rum
295 966 432 1053 pendere
457 967 498 1030 ab
522 969 600 1036 ὅπως
625 968 710 1032 haud
737 991 824 1032 secus
848 990 885 1031 ac
911 965 1047 1047 παρέσει.
1094 965 1134 1027 In
1159 961 1261 1026 verbis
1285 983 1303 1024 e

201 1065 299 1132 Pluto
323 1066 424 1131 allatis
448 1091 510 1132 non
533 1068 649 1154 legitur
673 1068 801 1156 quidem
826 1071 914 1142 ὅπως,
942 1064 1100 1153 sedidem
1127 1062 1303 1149 significant

201 1176 278 1254 χρῆν
299 1196 328 1235 τι
349 1171 453 1253 λέγειν
474 1175 549 1253 ὑμᾶς
567 1172 654 1260 quod
677 1175 756 1240 ὅπως
779 1198 807 1235 τι
825 1171 928 1250 λέξετε
950 1172 1042 1250 ύμεῖς.
1082 1167 1186 1231 Verba
1204 1165 1301 1252 igitur

199 1275 336 1354 μαλακὸν
363 1272 386 1338 δ’
411 1276 556 1339 ἐνδώσετε
581 1266 684 1356 μηδέν’
698 1274 836 1361 pendent
861 1274 902 1337 ab
930 1274 1018 1350 ὅπως,
1042 1271 1128 1357 quod
1151 1270 1183 1333 in
1206 1267 1301 1355 priori

200 1377 343 1440 membro
358 1376 506 1463 implicite
520 1378 708 1442 continetur.
755 1378 871 1440 Nostro
887 1375 955 1440 loeo
971 1373 1137 1460 legendum
1158 1372 1248 1451 λέξῃς
1269 1373 1301 1435 δὲ

199 1478 301 1556 μηδὲν,
315 1476 400 1564 quod
417 1478 551 1564 reposui.
576 1478 694 1543 Similia
706 1494 777 1543 sunt
792 1478 944 1565 θαυμάσῃς
958 1479 1050 1558 μηδὲν
1065 1475 1139 1563 Iph.
1152 1476 1193 1539 T.
1208 1493 1301 1539 1220.

201 1579 347 1660 δακρύσῃς
360 1582 452 1658 μηδὲν
468 1581 545 1645 Τιο.
558 1582 634 1666 458.
650 1581 760 1668 δράσῃς
774 1583 866 1662 μηδὲν
882 1581 978 1644 Herc.
996 1596 1067 1663 215.
1082 1577 1194 1659 πάθητε
1208 1577 1300 1657 μηδὲν

200 1678 276 1744 ibid.
293 1681 387 1761 278.”
409 1683 525 1746 ELM.

245 1784 319 1848 820.
340 1785 446 1871 χώρει]
470 1787 622 1852 Absurde
643 1787 807 1852 scholiasta
829 1786 976 1851 Medeam
1000 1783 1146 1871 seipsam
1165 1780 1299 1868 compel-

200 1883 265 1948 lare
280 1885 438 1974 opinatur.
475 1888 661 1975 Alloquitur
675 1888 828 1953 ancillam.

245 1991 316 2073 823.
334 1990 470 2076 φρονεῖς]
487 1998 608 2073 φρονεῖς
622 1990 649 2075 γ’
666 1991 778 2055 lemma
792 1990 908 2055 scholii.

245 2095 316 2172 824.
337 2092 526 2178 Ἐρεχθεῖδαι
547 2095 843 2183 sanmathianum]
869 2092 982 2179 Scripsi
997 2089 1185 2175 Ἐρεχθεῖδαι
1198 2088 1300 2153 soluta

200 2193 409 2283 diphthongo,
425 2196 512 2281 quod
527 2197 559 2260 io
574 2197 659 2261 chori
674 2196 810 2261 carmine
824 2196 906 2260 licet.
947 2196 1061 2258 Noster
1076 2192 1148 2280 Iph.
1169 2194 1208 2254 A.
1226 2210 1299 2275 225.

199 2297 402 2380 πυρρότριχσς,
418 2299 576 2381 μονόχαλα
598 2297 621 2362 δ’
637 2299 695 2363 ύπδ
711 2301 813 2381 σφυρδ
831 2298 837 2384 Ι
856 2295 1127 2377 ποικιλοδέρμονας,
1143 2294 1188 2361 οῖς
1206 2318 1296 2375 παρει

199 2397 333 2463 πάλλετο
353 2399 359 2485 Ι
379 2399 530 2479 Πηλεΐδας
544 2400 596 2479 ξδν
610 2402 732 2465 ὅπλοισι
746 2399 814 2482 παρ’
830 2401 951 2481 ἄντυγα.
989 2397 1095 2483 Vulgo
1108 2395 1235 2482 quidem
1258 2394 1300 2457 le-

199 2499 286 2586 gitur
308 2505 469 2581 Πηλείδας,
485 2502 537 2566 sed
560 2505 657 2567 altera
675 2504 776 2567 forma
791 2519 889 2565 metro
904 2500 1056 2588 dactylico
1072 2499 1163 2585 longe
1185 2521 1297 2561 conve·

199 2602 333 2667 nientior
362 2620 420 2682 est,
456 2605 627 2691 praesertim
664 2628 735 2668 cum
774 2605 841 2668 hacc
872 2604 965 2667 verba
996 2603 1156 2666 sententiae
1191 2623 1300 2665 caussa

201 2705 349 2791 rhythmo
374 2706 527 2794 dactylico
550 2706 734 2771 conclusisse
757 2706 900 2770 videatur
929 2720 1031 2791 poeta.
1076 2703 1176 2790 Apud
1201 2702 1297 2788 tragi-

199 2831 271 2872 cum
297 2808 393 2871 Rhes.
410 2812 481 2890 906.
498 2823 580 2872 recte
595 2831 702 2871 omues
721 2808 793 2872 edd.
804 2807 930 2872 Ὀλοιτο
946 2811 1002 2888 μὲν
1017 2807 1164 2873 Οἰνεΐδας.
1196 2806 1298 2870 Τυδεῖ·

199 2914 253 2989 δην
275 2910 541 2997 quadrisyllabum
565 2911 596 2973 in
625 2911 727 2974 Scolio
749 2911 875 2996 legitur,
899 2911 991 2996 cujus
1013 2909 1135 2972 initium
1159 2924 1216 2986 est,
1243 2908 1298 2972 Ἐν

198 3014 307 3093 μύρτου
331 3014 416 3076 κλαδὶ
433 3012 466 3075 τδ
489 3015 575 3094 ξίφος
597 3013 729 3094 φορήσω.
775 3015 870 3077 Hanc
892 3012 1124 3100 diphthongum
1143 3011 1173 3074 in
1190 3011 1298 3074 dativo

199 3114 331 3179 solutam
357 3115 440 3179 haud
464 3138 534 3178 raro
552 3116 701 3179 exhibent
724 3116 902 3179 Atticorum
926 3130 1086 3201 poetarum
1108 3113 1194 3195 μέλη.
1242 3115 1298 3176 So-

197 3215 324 3303 phocles
339 3216 440 3297 κύμαπ’
457 3220 491 3281 έν
506 3218 583 3299 εὐρέϊ
598 3220 696 3303 πόντῳ
712 3218 792 3282 dixit
808 3217 925 3281 Traeh.
945 3237 1014 3297 114.
1048 3217 1195 3281 Cratinus
1209 3215 1295 3302 apud

199 3319 456 3406 Hephaestionem
480 3343 511 3406 p.
531 3339 583 3401 47.
610 3321 701 3402 σιγάν
721 3347 774 3384 νυν
800 3321 878 3387 ἅπας
903 3320 955 3402 ἔχε
981 3319 1079 3401 σιγάν.
1100 3319 1106 3404 Ι
1125 3319 1174 3382 καὶ
1199 3318 1296 3381 πάντα

198 3423 293 3504 λόγου
309 3420 387 3505 τάχα
408 3424 522 3486 πεύσει.
543 3424 547 3508 Ι
566 3425 635 3503 ἡμῖν
653 3422 676 3487 δ’
692 3422 793 3502 Ἰθάκη
815 3425 918 3503 πατρίς
940 3424 1013 3495 ἐστι,
1034 3421 1040 3507 Ι
1059 3420 1191 3501 πλέομεν
1206 3419 1229 3485 δ’
1247 3419 1294 3499 ἅμ’

196 3520 341 3587 Ὀδυσσέϊ
355 3526 434 3610 θείῳ.
458 3525 573 3588 ELM.
613 3524 761 3602 Καδμεῖος
775 3524 895 3588 restitui
913 3524 1011 3610 Soplr.
1027 3525 1107 3586 Ant.
1124 3542 1215 3606 1115.

241 3627 420 3711 825-834.
432 3629 522 3690 καὶ-
541 3626 546 3713 Ι
567 3630 687 3708 ἱερᾶς-
706 3627 711 3714 Ι
731 3628 868 3708 άποφ.-
887 3626 893 3711 Ι
913 3635 1051 3690 κλειν.-
1070 3625 1074 3712 Ι
1094 3628 1184 3689 ἆεὶ-
1204 3625 1208 3711 Ι
1227 3628 1295 3705 βαί-

197 3752 349 3795 νοντες-
367 3730 373 3815 Ι
393 3729 520 3793 ἔνθα-
538 3728 543 3814 Ι
564 3727 652 3792 ἐννέα
663 3766 705 3777 -
725 3729 730 3816 Ι
749 3728 929 3812 λέγουσι-
948 3729 953 3815 Ι
972 3732 1084 3807 ξανθὰν
1095 3766 1138 3775 -
1149 3733 1295 3809 φυτεῦσαι

239 3940 315 3998 θεῶν
336 3939 439 4001 παῖδες
461 3934 669 3998 Athenienses
690 3934 899 4020 appellantur,
919 3949 954 3997 ut
970 3935 1108 3998 Athenae
1130 3935 1294 4013 θεόδμητοι.

196 4037 310 4101 ELM.

238 4139 311 4204 826.
327 4138 505 4221 ἀπορθήτου]
525 4137 691 4218 άπορθήτας
706 4137 792 4201 Flor.
809 4160 902 4200 unus.

237 4241 494 4323 άπσφερβόμενοι]
515 4239 685 4303 Scholiasta
699 4238 820 4303 divisim
837 4239 961 4304 videtur
979 4239 1088 4326 legisse
1103 4243 1161 4304 ἄπο
1177 4241 1291 4322 φερβό-

194 4366 310 4527 μεδοέδ.
327 4444 374 4507 ἀεὶ
388 4443 475 4506 AB.
490 4441 606 4529 aliique
620 4465 692 4508 cum
708 4444 799 4510 Lasc.
823 4445 882 4509 αἰεὶ
898 4443 974 4509 Ald.
1019 4459 1021 4463 '
