2864 4914
530 302 595 365 AD
618 299 871 365 ALCESTIN.
1185 298 1250 362 340

195 488 268 557 795.
290 476 387 540 πύλας
412 494 470 560 pro
491 474 583 556 τύχας
604 473 775 560 repositum
795 495 834 536 ex
856 473 929 536 Par.
950 471 1033 535 111).
1071 467 1251 555 Utramque
1320 557 1323 562 Ι

150 574 334 661 scripturam
351 589 501 639 memorat
515 574 686 641 scholiasta.
725 574 818 638 Conf.
835 597 865 637 v.
882 575 956 658 829.

196 678 267 761 809.
284 679 363 760 άγαν
378 679 402 740 έ.
418 677 509 741 A.H.
528 676 613 741 Flor.
635 697 683 741 10.
703 693 750 763 15.
774 679 852 758 άγαν
866 675 894 758 γ’
912 678 937 741 ἐ.
955 672 1061 761 vulgo.

197 780 271 843 811.
295 778 429 864 θυραῖος]
454 778 541 843 Male
559 778 630 843 libri
648 779 776 865 quidam
793 782 916 845 ούκεῖοςι
941 775 1100 865 quomodo
1119 774 1145 838 si
1167 774 1252 838 locu-

153 898 205 945 tus
226 896 305 946 esset
326 880 474 958 famulus,
498 880 653 944 Hercules
678 880 781 944 statim
806 903 870 944 rem
897 895 933 944 ut
954 904 986 944 se
1007 877 1143 943 habebat
1165 876 1254 941 intel-

153 984 286 1048 lexisset.
331 985 427 1047 Nunc
454 998 486 1046 et
513 982 627 1046 ironice
653 998 684 1047 et
714 983 908 1069 aenigmatice
936 982 1076 1069 loquitur
1104 980 1252 1045 famulus.

156 1088 346 1151 MATTH.

198 1192 272 1274 813.
294 1192 407 1273 χαίρων
421 1193 463 1254 ἴθι
484 1212 545 1253 non
568 1204 631 1253 tam
647 1206 693 1254 est
709 1189 788 1254 υαάα
802 1199 832 1254 σθ
846 1190 926 1265 vale,
941 1210 1035 1275 quam
1059 1188 1175 1263 valeas,
1191 1184 1256 1248 noli

156 1292 232 1356 ιιιίλὶ
249 1294 372 1356 diutius
393 1295 595 1378 importunus
609 1303 638 1356 et
653 1294 798 1357 molestus
814 1314 889 1369 αισα,
907 1308 941 1356 ut
956 1293 1068 1356 Phoen.
1085 1309 1156 1373 921.
1173 1287 1254 1351 idem

155 1395 220 1459 fere
234 1396 319 1480 quod
335 1397 438 1457 πολλὰ
451 1395 569 1476 χαίρειν
584 1419 620 1457 σε
637 1397 756 1458 κελεύω.
782 1394 974 1458 ΜΑΤΤΗ.

200 1499 273 1580 815.
289 1496 388 1560 τι-σ’
404 1499 481 1577 ὁρῶν
496 1499 588 1560 Α.Η.
606 1498 692 1561 Fior.
710 1500 754 1561 Α.
775 1517 823 1561 10.
844 1516 891 1582 15.
916 1497 1021 1581 Vulgo
1036 1497 1201 1575 σε-άρῶυ.

201 1601 272 1683 832.
286 1601 368 1663 ἀλλὰ
383 1604 438 1661 σοῦ
452 1598 537 1678 τὸμὴ
553 1598 684 1684 φράσαι]
700 1602 780 1663 Haee
792 1616 949 1663 structura
960 1615 1006 1662 est
1017 1594 1198 1662 admirantis
1210 1592 1259 1658 vel

156 1701 364 1788 indignantis:
389 1700 554 1788 Aristoph.
571 1702 602 1764 N
606 1701 657 1764 ub.
675 1704 748 1765 818.
772 1707 822 1782 τῆς
842 1705 962 1784 μωρίας,
977 1702 1022 1766 Τὸ
1039 1701 1100 1764 Δία
1120 1700 1259 1778 νομίζειν,

156 1805 231 1868 ὄντα
256 1805 451 1883 τηλικουτονί.
476 1803 522 1866 uti
546 1804 672 1890 corrigit
697 1806 900 1869 Hermannus
923 1805 963 1869 ad
985 1808 1099 1876 locum,
1123 1823 1182 1889 pro
1207 1798 1260 1862 τὸν

160 1909 229 1980 Δία,
245 1906 343 1970 citans
363 1909 427 1969 Av.
442 1926 471 1989 5.
495 1907 583 1970 Nub.
602 1908 672 1972 268.
701 1910 784 1972 Rau.
801 1926 875 1990 741.
895 1909 941 1972 Τὸ
963 1910 994 1972 δὲ
1016 1908 1056 1986 μὴ
1078 1904 1206 1983 πατάξαι
1229 1899 1258 1964 σ’

160 2007 365 2091 ἐξελεγχθέντ’
382 2010 527 2090 ἄντικρυς,
543 2007 625 2088 Ὅτι,
648 2015 753 2078 δούλας
775 2011 829 2088 ὢν,
852 2012 982 2092 ἔφασκες
1005 2009 1081 2074 εἶναι
1102 2007 1258 2083 δεσπότην.

161 2108 356 2174 Infinitivum
380 2109 473 2173 istum
497 2109 599 2196 tetigit
616 2110 847 2175 Valckenaerius
865 2111 904 2175 ad
930 2112 1041 2175 Phoen.
1062 2128 1153 2192 1715.
1175 2107 1259 2170 etad

160 2213 295 2277 Theocr.
313 2212 419 2275 Adon.
436 2235 467 2299 p.
483 2213 548 2297 384
565 2214 603 2277 C.
643 2216 694 2277 De
708 2213 846 2299 genitivo
860 2213 1061 2299 indignantis,
1080 2211 1149 2274 vide
1166 2211 1260 2273 Koen.

160 2315 200 2379 ad
218 2315 316 2400 Greg.
336 2315 410 2379 Cor.
435 2336 466 2401 p.
481 2315 534 2398 58.
555 2317 598 2402 (p.
618 2333 687 2399 137.
703 2315 754 2379 ed.
772 2315 898 2397 Schaes.)
940 2314 1102 2380 simillima
1123 2328 1170 2376 est
1187 2335 1259 2377 con-

160 2416 290 2482 structio
313 2417 344 2479 in
371 2416 460 2481 Med.
488 2436 579 2498 1047.
595 2418 677 2481 άλλῑι
699 2421 749 2497 τῆς
773 2419 843 2498 ἔμῆς
864 2418 961 2498 κάκης,
979 2418 1024 2482 Τὸ
1048 2417 1095 2480 καὶ
1118 2415 1263 2497 προέσθαι

161 2520 330 2602 μαλθακοὺς
344 2521 455 2600 λάγους
470 2522 566 2601 φρενί.
591 2519 695 2584 ΜΟΝ
700 2521 742 2584 Κ.

209 2641 279 2708 133.
295 2620 510 2702 προσκειμένου
525 2619 671 2708 Scaliger.
710 2623 892 2710 Legebatur
906 2623 1109 2703 προκειμένου.

207 2726 280 2811 839.
309 2724 528 2806 Ἠλεκτρύονος
558 2722 773 2804 Blomfieldus‚
798 2724 851 2813 qui
881 2724 1102 2808 Ἠλεκτρνάυος
1131 2723 1265 2788 scribere

162 2828 308 2906 debebat,
339 2829 379 2891 de
403 2850 468 2913 quo
491 2825 557 2890 dixi
583 2826 616 2889 iu
646 2828 813 2892 Thesauro
843 2828 1005 2916 Stephani.
1040 2825 1265 2908 Ἥλικτρυῶνος

164 2930 243 2995 libri.

208 3035 283 3113 842.
300 3032 326 3097 θ’
343 3034 438 3096 A.H.
455 3034 528 3097 Par.
546 3036 585 3098 B.
604 3033 690 3098 Flor.
710 3054 758 3099 10.
780 3054 828 3120 15.
853 3035 957 3121 Vulgo
972 3035 1006 3100 δ’.

208 3139 283 3220 845.
306 3134 394 3199 Ordo
409 3149 455 3199 est
474 3138 600 3199 πίνοντα
614 3137 858 3219 προσφαγμάτων
877 3141 1008 3218 πλησίον
1027 3141 1151 3217 τύμβου.
1197 3138 1266 3200 Ex-

165 3238 268 3326 empla
289 3238 417 3325 genitivi
440 3237 596 3324 sequentis
620 3242 714 3304 verba
739 3240 909 3320 transitiva,
930 3240 1099 3304 subaudito
1118 3239 1207 3321 μέρος
1228 3263 1265 3317 τι,

166 3343 261 3408 habes
282 3342 313 3405 in
338 3342 418 3405 Hec.
442 3343 515 3419 614.
537 3341 658 3424 Βάψαά
681 3342 784 3425 ἔνεγκε
804 3347 889 3424 δεῦρο
909 3344 1032 3410 ποντίας
1052 3344 1136 3408 άλάς.
1167 3338 1266 3404 Arist.

166 3448 229 3533 Eq.
249 3447 341 3510 1181.
356 3445 475 3508 τουτουὶ
488 3451 598 3527 φαγεῖν
612 3444 788 3527 Ἐλατῆρος.
812 3445 935 3509 Herod.
950 3465 980 3530 3.
1000 3463 1049 3508 11.
1066 3444 1221 3524 ἐμπίοντες
1235 3444 1268 3505 δὲ

166 3556 218 3614 τοῦ
234 3551 356 3626 αἵματος
370 3547 477 3614 πάντες
491 3550 520 3611 οἱ
535 3549 694 3629 ἐπίκουροι,
711 3551 785 3612 ούτω
800 3548 836 3628 δὴ
851 3549 1037 3628 συνέβαλον.
1083 3547 1188 3624 “Quo
1203 3543 1267 3609 ritu

167 3651 285 3715 inserioe
300 3649 456 3714 defunctis
478 3648 544 3713 dari
567 3651 795 3729 consueverint,
809 3675 848 3716 ex
871 3653 1012 3715 Homero
1027 3648 1145 3735 liquere
1167 3660 1270 3735 potest

168 3753 283 3839 Odyss.
298 3759 335 3817 Λ.
354 3773 370 3818 α
372 3768 404 3838 5
420 3755 535 3834 Βάθρον
550 3752 641 3834 ὄρυξ’,
657 3757 754 3818 ὅσσον
775 3781 809 3818 τε
830 3756 1004 3837 πυγούσιον,
1021 3752 1094 3817 ἔνθα
1116 3752 1163 3815 καὶ
1185 3751 1268 3815 ἔνθα·

166 3855 258 3937 ”Αμφ
282 3857 360 3940 αύτῷ
381 3858 413 3920 δὲ
435 3859 511 3940 χοας
531 3856 642 3940 χέομεν
665 3862 758 3921 πᾶσιν
782 3859 933 3934 νεκύεσσι,
960 3861 1071 3936 Πρῶτα
1091 3851 1269 3936 μελικρήτῳ,

168 3955 327 4037 μετέπειτα
347 3961 379 4022 δὲ
397 3957 462 4038 ἡδέϊ
484 3961 564 4044 οἴνῳ,
578 3959 624 4023 Τὸ
638 3985 672 4040 τρ
674 3959 737 4023 ίτον
752 3956 814 4023 aie
829 3961 922 4022 ύδατι·
947 3955 1033 4021 έπλδ’
1050 3957 1163 4038 άλφιτα
1177 3957 1271 4019 λευκά

170 4059 331 4125 πάλυνον.”
357 4059 448 4124 Stibl.
486 4061 623 4125 Omnino
645 4061 788 4125 consulat
810 4061 907 4125 lector
927 4059 1140 4124 doctissimum
1164 4058 1272 4122 Blom-

171 4161 309 4227 fieldium
325 4163 356 4226 in
373 4162 475 4228 (ἔλσας.
491 4162 531 4227 ad
547 4162 656 4226 AEsch.
675 4165 759 4227 Pers.
776 4165 849 4228 616.
874 4164 1025 4228 MONK.

215 4266 234 4328 8
235 4282 290 4350 52.
307 4267 388 4347 Κόρη
402 4265 543 4329 absolute
556 4288 615 4352 pro
631 4267 700 4347 κάρη
716 4264 881 4347 Δήμητρος,
893 4265 979 4353 quod
991 4280 1038 4329 est
1049 4286 1144 4350 supra
1156 4285 1185 4325 v.
1195 4262 1278 4346 368.

173 4366 298 4432 Heracl.
314 4388 388 4450 409.
405 4371 479 4431 601.
498 4367 593 4431 Herc.
609 4369 647 4432 F.
661 4385 755 4449 1107.
779 4368 1013 4433 conferendum
1032 4369 1128 4431 Herc.
1146 4366 1185 4429 F.
1197 4364 1272 4428 608.

173 4475 278 4556 Χρόνῳ
300 4470 324 4535 δ’
348 4473 484 4536 ἀνελθὼν
507 4473 539 4550 ἐξ
561 4472 692 4552 άνηλίων
711 4477 814 4553 μυχῶν
837 4473 930 4536 Αἴδου
953 4473 1039 4553 κάρης
1063 4470 1196 4549 ἔνερθεν,
1220 4467 1272 4531 mix

700 4594 755 4654 14
