2864 4914
452 310 519 373 AD
543 309 940 375 ANDROMACHAM.
1184 308 1248 371 355

151 478 277 544 Dicitur
304 495 409 545 autem
439 482 552 564 χρυσὸς
577 482 767 569 simpliciter,
792 504 851 569 pro
879 486 993 564 χρυσοῦ
1021 481 1186 563 περιουσία,
1213 495 1248 543 ut

151 581 321 648 Plutarcho
351 583 415 647 Vit.
450 607 481 671 p.
511 586 602 667 1867.
640 585 756 667 χρυσὸν
788 584 836 648 καὶ
868 583 983 666 τρυφὴν
1017 583 1065 647 καὶ
1097 587 1247 664 γυναῖκας.

197 802 266 869 172.
282 790 429 874 ruminor]
448 795 562 854 τοιοῶπο
577 791 650 854 Par.
668 791 711 853 A.
733 795 868 854 τοιοῦτον
883 791 940 869 γὰρ
956 788 1029 850 Ρ111.
1047 788 1083 851 Β.
1102 785 1188 851 Flor.
1205 788 1247 850 A.

154 908 270 975 1015.

199 1007 267 1073 174.
284 991 379 1075 πατήρ
393 995 440 1078 τε]
457 995 552 1077 πατήρ
567 1020 602 1078 γε
618 994 703 1059 Flor.
720 997 762 1058 A.
808 992 998 1057 Particulam
1013 1016 1076 1058 om.
1095 991 1139 1055 H.

198 1097 374 1177 174-176.
402 1097 567 1161 Persarum
590 1120 691 1162 mores
714 1096 781 1161 haec
805 1095 986 1182 respiciunt,
1006 1094 1122 1181 quibus
1142 1109 1249 1157 amant

149 1212 251 1283 poeroe
272 1197 373 1262 Attici
395 1198 532 1264 infirmioe
553 1215 657 1265 notam
684 1201 818 1264 inurere.
851 1198 913 1262 vid.
938 1195 1082 1285 AEschyl.
1111 1198 1248 1261 Eumen.

149 1323 179 1363 v.
197 1301 373 1383 186-190.
397 1303 543 1367 MUSG.

192 1407 262 1468 παῖς
276 1426 308 1466 τε
321 1404 407 1485 μητρὶ
420 1404 573 1491 μίγνυται]
598 1404 785 1469 scholiastes
799 1419 900 1469 recte:
924 1408 1017 1467 ταῦτα
1032 1404 1168 1483 Περσικὰ
1181 1401 1247 1480 ἤθη.

150 1505 201 1566 De
223 1502 271 1566 his
292 1504 374 1568 enirn
396 1505 559 1570 Catullus:
583 1506 749 1572 Nascatur
769 1530 888 1594 magua
908 1528 948 1570 er
967 1506 1048 1569 Gelli
1067 1504 1249 1591 Manisque

149 1607 287 1690 nefando
310 1609 479 1696 Conjagiu
508 1618 539 1673 εί
565 1610 667 1673 discat
694 1611 859 1675 Persicum
891 1610 1120 1696 haruspicium.
1159 1608 1248 1670 Nam

149 1731 265 1794 aragus
280 1731 320 1773 επ
334 1720 434 1774 matre
455 1721 486 1775 et
501 1722 607 1800 gnato
617 1715 786 1800 gignatur
799 1721 929 1800 oportet,
945 1713 985 1776 Si
1007 1732 1084 1774 vera
1105 1718 1152 1773 eat
1165 1711 1247 1772 Per·

148 1834 259 1876 sarum
281 1815 381 1900 impia
403 1813 531 1902 relligio
544 1828 602 1878 etc.
647 1816 707 1879 Est
729 1830 833 1878 autem
858 1811 1042 1899 malignitati
1065 1811 1249 1876 Hermionae

149 1938 336 2002 congruum,
354 1931 400 1994 ut,
415 1916 500 2002 quod
525 1918 633 1981 Persis
654 1931 790 1997 tantum,
813 1916 909 2003 idque
932 1938 993 1979 non
1016 1915 1171 1992 omuibus,
1195 1914 1249 1978 sed

151 2021 266 2107 Magia
288 2018 454 2097 duntaxat,
477 2019 636 2106 comperit,
660 2020 691 2084 id
714 2023 867 2085 Asiaticis
888 2019 1044 2092 omnibus,
1065 2035 1096 2082 et
1117 2017 1249 2105 proinde

154 2122 319 2206 Trijanis,
336 2120 600 2185 indiscriminatim
617 2121 744 2187 tribuat.
781 2123 842 2186 His
857 2122 995 2187 moribus
1013 2124 1129 2187 Turcae
1142 2122 1250 2187 etiam-

150 2245 224 2285 num
241 2222 391 2310 gaudent.
415 2225 556 2288 BARN.

197 2342 266 2410 175.
286 2324 322 2410 r']
340 2325 364 2389 δ’
382 2327 453 2389 Ρ111.
469 2327 513 2389 A.

197 2429 267 2492 180.
290 2426 389 2514 θέλει]
413 2427 498 2492 θέλοι
520 2428 594 2490 Ρ111.
610 2428 697 2492 AB.
713 2427 801 2491 Flor.
819 2448 846 2491 2.
869 2445 919 2513 15.
940 2429 1007 2492 Gu.
1032 2429 1124 2491 Lasc.
1166 2409 1250 2499 θέλέ]

152 2532 223 2594 Par.
240 2532 281 2594 E.
299 2545 330 2593 et
344 2529 474 2595 fortasse
489 2528 573 2593 Flor.
591 2549 621 2593 2.

197 2637 266 2697 181.
290 2634 456 2714 ἐπίφθονόν
475 2658 504 2696 τι
525 2636 625 2716 χρῆμα
649 2638 776 2712 θηλειῶν
802 2634 876 2716 ἔφυ]
901 2632 1009 2710 Ρ10110,
1033 2635 1198 2715 ἐπίφθονόν
1223 2658 1250 2698 τι

149 2741 248 2819 χρῆμα
269 2736 303 2799 τὸ
326 2740 424 2818 χρῆμα
443 2741 502 2799 τῶν
517 2740 644 2814 θηλειῶν
663 2736 730 2818 ἔφυ.
779 2736 942 2800 Simillima
957 2736 1122 2799 verborum
1146 2751 1249 2800 struc-

151 2854 221 2902 tura
236 2839 318 2902 infra
334 2856 405 2920 727.
428 2837 586 2918 ἀνειμένον
607 2863 635 2902 τι
656 2843 755 2921 χρῆμα
776 2845 954 2920 πρεσβυτῶν
969 2839 1037 2920 ἔφυ.
1061 2854 1135 2921 957.
1150 2840 1251 2920 σοφόν

150 2967 178 3005 τι
200 2946 299 3024 χρῆμα
320 2946 372 3004 τοῦ
392 2940 563 3019 διδάξαντος
582 2941 761 3021 βροτοὺς-.
793 2942 904 3005 Phoen.
922 2942 995 3006 206.
1019 2943 1196 3024 φιλόψογον
1217 2944 1251 3004 δὲ

150 3048 248 3127 χρῆμα
263 3048 390 3122 θηλειῶν
405 3042 473 3124 ἔφυ.
499 3040 705 3106 PFLUGK.

193 3150 321 3223 θηλειῶν
335 3145 409 3231 ἔφυ]
434 3146 554 3223 θηλείας
576 3144 689 3225 φρενός
712 3144 858 3208 Stobaeus
873 3165 924 3228 71.
945 3168 977 3231 p.
992 3164 1067 3230 430.
1083 3145 1134 3208 ed.
1151 3147 1250 3211 Gesn.

150 3248 307 3312 memoriae
322 3268 434 3310 errore.

197 3351 266 3432 184.
284 3351 318 3414 ἔν
331 3350 380 3436 τε]
398 3351 431 3412 ἔν
445 3350 478 3411 δὲ
495 3347 640 3411 Stohaeus
653 3362 709 3433 50.
726 3371 759 3435 p.
776 3367 849 3433 355.

198 3474 268 3538 194.
300 3450 500 3539 Phrynichus
528 3473 561 3537 p.
584 3469 658 3536 34¹.
684 3447 733 3513 ed.
758 3450 840 3514 Lob.
868 3450 1022 3515 Λάκαιναν
1043 3454 1099 3532 μὲν
1124 3459 1252 3534 γυναῖκα

151 3559 236 3637 ἐρεῖς,
253 3556 407 3620 Λάκαιναν
422 3555 455 3617 δὲ
475 3552 529 3631 τὴν
547 3553 649 3635 χῶραν
666 3549 729 3626 οὒκ,
745 3555 828 3618 ἀλλὰ
842 3554 1028 3633 Λακωνικὴν,
1045 3558 1072 3618 εί
1093 3556 1142 3619 καὶ
1161 3555 1250 3638 utpi-

149 3659 235 3733 πίδης
261 3659 441 3739 παραλόγως
466 3663 488 3694 “
502 3655 540 3720 ὧς
566 3654 585 3733 ἡ
612 3651 746 3717 Λάκαινα
774 3660 834 3719 τῶν
863 3660 990 3737 Φρυγῶν
1017 3660 1110 3736 μείων
1134 3656 1250 3725 udins-’⁹

151 3766 244 3824 Γαῖαν
269 3761 423 3825 Λάκαιναν
448 3755 618 3842 Euripides
647 3755 719 3843 plus
746 3779 810 3821 uno
829 3756 898 3822 loco
920 3760 1103 3837 nominavit,
1130 3760 1249 3825 Troad.

154 3883 247 3927 1110.
264 3861 339 3926 Hei,
360 3862 451 3943 1489.
473 3875 504 3923 et
526 3881 577 3946 ap.
594 3861 740 3923 Strabon.
757 3859 788 3936 8,
804 3880 836 3945 5.
858 3882 890 3947 p.
911 3881 982 3945 199.
999 3864 1046 3927 Οθ
1069 3866 1127 3945 γάρ
1148 3864 1251 3945 λόγοις

151 3964 287 4027 Λάκαινα
300 3968 461 4046 πυργοῦται
474 3964 563 4029 πόλις
581 3965 639 4025 1011
657 3960 758 4025 Chius
771 3986 823 4050 ap.
841 3966 927 4027 Sext.
943 3989 969 4029 0.
985 3965 1065 4029 rhet.
1085 3985 1112 4030 2.
1129 3989 1160 4052 p.
1178 3983 1249 4050 294

151 4067 305 4130 Λάκαιναν
325 4067 424 4149 χόρην
447 4065 602 4129 Ηο1οάο1.
619 4083 649 4146 7,
667 4082 741 4151 235.
756 4080 787 4129 et
802 4066 981 4154 simpliciter
995 4068 1014 4147 ἡ
1028 4068 1164 4132 Λάκαινα
1180 4069 1247 4132 Xe·

151 4169 246 4256 noph.
264 4168 350 4232 Hell.
366 4188 397 4250 7,
417 4188 444 4244 1,
462 4186 512 4252 29.
527 4167 577 4231 cui
594 4167 712 4230 Alexin
727 4167 816 4232 addit
829 4169 996 4234 Antiattic.
1013 4168 1113 4233 Bekh.
1129 4194 1162 4257 p.
1179 4173 1249 4234 106.

152 4273 351 4338 LOBECK.
397 4271 496 4334 Recte
520 4269 663 4356 praecipit
688 4269 897 4356 Phrynichus,
920 4272 1012 4358 cujus
1033 4271 1151 4358 regulae
1173 4296 1250 4359 quo-

151 4375 245 4438 modo
260 4376 319 4440 sint
333 4371 556 4458 intelligendae,
572 4371 708 4436 breviter
721 4371 854 4437 indicavi
868 4374 908 4438 ad
926 4374 1022 4460 Soph.
1040 4375 1096 4460 Aj.
1114 4397 1144 4457 9.

653 4497 675 4537 λ
690 4493 742 4538 aa
