2864 4914
495 307 563 370 AD
586 304 924 371 HIPPOLYTUM.
1194 304 1259 371 30¹7

159 475 216 554 μὲν
230 474 285 538 οῦν
299 475 403 538 θνεῖλε
423 475 477 539 τὸν
491 477 712 558 ὀνομαζόμενον
725 458 910 560 Κορυνήτην.
921 476 1077 560 χρύμενον
1091 479 1127 564 'll
1148 498 1259 557 προσο-

160 576 341 662 γορευομένῃ
361 578 478 665 κορύνῃ,
496 579 625 647 καὶτοὺς
646 582 806 662 παριόντας
819 580 1041 644 ἀποκτείνοντα.
1073 579 1211 659 δεύτερον
1227 578 1260 641 δὲ

159 677 213 741 τὸν
233 680 266 742 ἐν
291 677 400 764 Ἰσθμῷ
421 687 611 745 κατοικοῦντα
632 684 726 746 Σίνιν·
749 683 834 749 οῦτος
854 685 912 764 γὰρ
932 681 983 745 δύο
1003 684 1088 746 πίτυς
1111 679 1259 759 κάμπτων,

161 781 306 861 καὶπρὸς
335 781 478 864 ἑκατέραν
500 783 555 847 τὸν
580 784 634 847 ἕνα
656 785 807 867 βραχίονα
832 782 1073 864 προσδεσμεύων,
1098 781 1184 862 ἄφνω
1208 783 1261 848 τὰς

160 885 243 949 πίτυς
268 883 361 964 ἠφίει·
390 886 490 966 διόπερ
518 891 576 950 τῶν
602 886 746 966 σωμάτων
772 889 820 949 διὰ
845 885 899 963 τὴν
927 886 1001 964 βίον
1026 881 1262 962 ἆποσπωμίνων,

161 983 324 1064 συνέβαινε
339 985 406 1052 τοὺς
420 987 601 1069 ἆτυχοῦντας
612 991 687 1067 μετὰ
698 987 833 1070 μεγάλης
846 988 983 1068 τιμωρίας
996 985 1149 1068 τελευτᾷν.
1165 982 1260 1048 Ovid.

163 1086 246 1149 Met.
263 1105 293 1168 7.
306 1105 380 1166 440.
399 1089 519 1152 Occidit
534 1089 586 1152 tta
602 1091 705 1165 Sinis,
721 1091 851 1177 magnis
865 1088 946 1152 male
960 1086 1083 1151 viribus
1096 1107 1186 1165 ιιιιις,
1197 1085 1262 1160 Qut

159 1197 283 1274 poterat
297 1210 433 1252 curvare
448 1191 562 1268 trabea,
577 1193 736 1279 elugebat
750 1193 789 1256 ab
804 1191 868 1255 alto
882 1189 934 1254 Ad
950 1199 1069 1254 terram
1088 1189 1150 1252 lota
1170 1209 1262 1274 spur-

161 1310 257 1352 auras
271 1312 404 1376 corpora
416 1293 524 1378 pinus.
571 1291 724 1378 Ejusdem
741 1291 881 1357 meminit
896 1290 1030 1356 Ovidius
1051 1292 1115 1377 Ep.
1134 1292 1214 1354 Her.
1231 1307 1262 1354 α.

164 1409 216 1474 70.
242 1392 294 1457 Ib.
309 1412 384 1477 409.
423 1393 594 1458 Pausanias
608 1395 752 1459 Corinth.
772 1416 800 1459 1.
815 1412 868 1480 37.
886 1393 927 1458 da
940 1392 998 1457 hac
1013 1390 1142 1456 historia
1154 1411 1261 1476 agens,

163 1494 257 1560 refert
272 1495 312 1558 ad
328 1517 416 1559 suam
431 1519 532 1582 usqua
546 1510 668 1561 aetatem
684 1497 887 1584 permansisse
901 1496 990 1560 istam
1006 1494 1127 1582 pinum.
1169 1495 1261 1556 Cete-

163 1620 233 1661 rum
250 1597 414 1685 Euripidis
428 1599 592 1664 scholiasta
605 1599 744 1664 fabulam
759 1599 842 1663 illam
862 1598 1065 1675 notissimam,
1079 1619 1153 1682 quae
1166 1592 1264 1681 vulgo

163 1700 204 1765 de
220 1703 387 1764 Procruste
403 1716 558 1781 narratur,
572 1700 612 1765 ad
637 1701 724 1765 Sinin
746 1701 862 1766 retulit.
908 1699 1036 1764 Pindari
1058 1697 1149 1763 etiam
1174 1696 1262 1760 scho-

164 1803 254 1868 liasta
271 1803 301 1867 in
319 1804 508 1889 Argument.
524 1803 564 1868 ad
590 1804 701 1868 Isthm.
719 1805 806 1868 Sinin
821 1819 853 1868 et
868 1807 1056 1868 Procrusten
1072 1798 1264 1864 confundere

165 1905 299 1970 videtur.
334 1908 411 1972 σίνις
446 1920 550 1969 autem
588 1907 756 1993 appellatio
784 1907 846 1971 fuit
874 1905 973 1971 cuivis
1006 1903 1117 1968 latroni
1146 1902 1262 1967 indita:

167 2008 320 2073 Isthmius
334 2008 432 2094 igitur
446 2007 508 2072 κατ’
525 2009 634 2093 ἐξοχὴν
647 2024 775 2073 vocatur
790 2011 879 2075 Σίνις.
904 2008 1054 2072 ΜΟΝΚ.

210 2112 282 2194 978.
300 2112 433 2194 κτανεῖν]
450 2109 478 2192 γ’
495 2109 584 2175 addit
599 2111 673 2174 Par.
691 2114 735 2177 A.

210 2232 283 2299 979.
302 2217 333 2278 ol
348 2213 505 2294 θαλάσσης
520 2215 676 2298 σύννομοι]
704 2217 775 2278 Ηοο
790 2213 908 2278 dictum
930 2227 966 2275 ut
990 2210 1065 2274 Hel.
1085 2226 1175 2295 1507.
1193 2209 1264 2273 σύν-

168 2343 252 2398 νομοι
275 2316 392 2399 νεφέων
417 2319 534 2398 δρόμου.
559 2331 590 2382 et
615 2324 711 2381 κακῶν
737 2319 868 2396 ξύνοικος
890 2314 989 2401 Soph.
1011 2312 1092 2377 OEd.
1116 2313 1155 2375 C.
1174 2330 1267 2395 1134.

170 2420 362 2484 ΜΑΤΤΗ.
401 2420 435 2483 ἓν
450 2418 591 2507 θαλάσσῃ
606 2422 748 2500 σύννομοι
764 2418 849 2483 Flor.
867 2420 911 2482 A.
927 2437 975 2481 10.

212 2521 419 2607 Σκειρωνίδες]
433 2525 620 2603 σκιρρωνιῦες
632 2521 717 2585 Flor.
729 2541 757 2587 2.
770 2524 861 2586 Lasc.
877 2528 899 2559 “
909 2521 960 2584 De
973 2515 1120 2581 Scirouiis
1134 2513 1270 2600 scopulis

170 2638 302 2710 egerunt
324 2625 526 2688 Burmannus
548 2624 586 2689 ad
604 2623 699 2689 Ovid.
715 2626 796 2688 Met.
809 2644 840 2703 4.
856 2639 931 2707 524.
949 2616 1207 2686 Hemsterhusius
1228 2616 1270 2680 ad

171 2725 305 2791 Lucian.
319 2723 380 2788 vol.
395 2745 422 2789 1.
437 2748 468 2813 p.
478 2741 553 2811 307.
578 2726 713 2791 Scironis
727 2740 832 2790 autem
847 2724 986 2788 fabulam
1000 2720 1144 2786 tractavit
1159 2720 1270 2782 Meur-

170 2829 234 2892 sius
257 2828 353 2892 Thes
377 2851 404 2892 o.
422 2830 452 2892 6.
472 2829 570 2893 citans
589 2829 684 2894 Diod.
708 2829 767 2894 Sic.
790 2850 822 2909 4.
845 2848 898 2913 59.
922 2824 1016 2891 Ovid.
1043 2825 1124 2888 Met.
1148 2839 1178 2904 7.
1193 2840 1269 2905 443.

173 2931 295 3018 Hygin.
320 2929 400 2994 Fab.
422 2932 474 3015 38.
499 2931 643 2996 Strabon.
666 2953 695 3016 9.
720 2931 779 2996 sub
801 2929 868 2994 init.
892 2929 1028 2993 Pausan.
1046 2925 1144 2990 Attic.
1167 2947 1195 2988 ο.
1215 2942 1268 3004 44.

173 3033 334 3097 Plutarch.
358 3033 388 3096 in
413 3034 509 3098 Thes.
532 3057 565 3121 p.
582 3057 604 3116 4
619 3037 658 3099 E.
678 3034 775 3121 hujus
790 3032 884 3097 verba
902 3045 987 3108 sunt,
1003 3031 1138 3110 Σκίρωνα
1158 3028 1192 3091 δὲ
1214 3024 1270 3106 πρὸ

171 3141 223 3216 τῆς
243 3141 414 3218 Μεγαρικῆς
435 3138 538 3201 ἆνεῖλε
558 3139 652 3220 ῥίψας
677 3141 750 3201 κατὰ
772 3143 831 3200 τῶν
854 3140 980 3216 πετρῶν,
1003 3134 1041 3199 ῶς
1061 3133 1118 3211 μὲν
1139 3133 1156 3193 d
1178 3129 1272 3195 πολὺς

172 3242 273 3321 λόγος,
290 3241 476 3326 λῃστεύοντα
489 3241 556 3306 τοὺς
569 3242 737 3322 παριόντας·
761 3241 799 3306 ὧς
814 3241 846 3302 δὲ
861 3238 934 3302 ἔνιοι
948 3235 1102 3317 λέγουσιν,
1118 3235 1203 3313 ύβρει
1223 3231 1271 3293 καὶ

175 3346 270 3427 τρυφῇ
284 3343 477 3422 προτείνοντα
491 3343 531 3406 τὸ
546 3344 619 3407 πόδε
633 3349 695 3409 τοῖς
710 3341 816 3421 ξένοις,
830 3340 876 3405 καί
892 3339 1053 3402 κελεύοντα
1069 3337 1191 3399 νίπτειν
1208 3333 1272 3396 εἶτα

173 3445 349 3518 λακτίζοντα
378 3445 426 3507 καὶ
452 3445 626 3509 ἀπωθοῦντα
654 3445 721 3512 τοῦς
744 3447 899 3510 νίπτοντας
928 3443 970 3508 είς
998 3439 1052 3519 τὴν
1080 3432 1270 3501 θύλασσαν.”

175 3545 324 3608 ΜΟΝΚ.

218 3648 292 3732 983.
310 3650 451 3725 ξύστασις
465 3648 599 3736 φρενῶν]
613 3647 700 3712 Ηυίο
711 3645 859 3712 locutioni
874 3643 1058 3710 simillimam
1071 3641 1165 3707 habet
1178 3638 1275 3705 Euris

174 3747 263 3836 pides
277 3750 307 3813 in
324 3749 442 3815 Alcest.
461 3752 535 3836 813.
550 3754 613 3814 Τοῦ
627 3754 680 3814 νῦν
695 3754 868 3831 σκυθρωποῦ
887 3749 934 3812 καὶ
948 3751 1128 3826 ξυνεστῶτος
1142 3750 1269 3827 φρενῶν.

176 3851 336 3938 Significat
351 3852 369 3931 ἡ
384 3850 527 3930 ξύστασις
542 3851 589 3916 vel
605 3853 639 3915 τὸ
654 3852 832 3932 ξυνεστηκὸς
846 3856 965 3934 φρενῶν
978 3850 1079 3912 animi
1090 3849 1272 3912 cmrtructio
1300 3860 1304 3869 '

175 3974 256 4030 nem,
272 3975 344 4038 quae
359 3953 401 4018 ob
416 3954 552 4018 dolorem
568 3970 600 4019 et
615 3952 769 4018 tristitiam
785 3953 850 4017 fieri
865 3952 1035 4018 dicebatur.
1061 3950 1155 4015 Conf.
1172 3947 1273 4013 Cicer.

177 4057 275 4120 Tusa.
290 4077 320 4137 4.
333 4076 385 4142 31.
403 4057 522 4121 Eodem
537 4059 619 4120 esaim
636 4059 715 4122 vitio
727 4059 895 4145 eateffiaaa‘o
909 4057 1011 4119 animi
1024 4057 1059 4118 in
1074 4054 1201 4128 laetitio,
1212 4074 1273 4139 qao

175 4160 211 4221 in
226 4159 329 4224 dolore
343 4162 521 4224 contractio.
545 4160 694 4224 MONK.

221 4262 294 4345 984.
311 4263 419 4329 καλοὺς
433 4264 505 4326 Par.
524 4263 607 4325 AB.
624 4261 709 4325 Flor.
727 4263 770 4324 A.
787 4280 837 4323 10.
861 4259 967 4346 Vulgo
980 4259 1122 4323 πολλούς.

221 4366 296 4447 986.
311 4365 459 4449 ἄκομψος]
488 4366 560 4428 Non
583 4363 769 4450 interpretor
783 4384 854 4426 cum
880 4363 923 4425 H.
942 4361 1103 4448 Stephano
1116 4358 1273 4446 illepidus,

176 4466 361 4554 iaalagana:
385 4467 438 4532 sad
460 4488 523 4531 nort
544 4467 670 4553 ίοῃιιαα,
692 4465 800 4530 callidi
821 4474 851 4530 et
874 4466 988 4552 argnti
1010 4462 1163 4529 sermonis
1187 4461 1275 4526 haud

700 4589 722 4632 Χ
741 4586 759 4633 2
