2864 4914
561 283 629 345 AD
649 282 878 347 MEDEAM.
1199 285 1264 353 227

161 447 282 514 tertiam
300 450 461 531 Medeam,
474 450 592 518 oblitus
608 453 734 519 AEthrae
746 454 863 519 Pitthei
878 453 961 531 filia,
974 478 1047 540 quae
1058 478 1129 521 cum
1147 455 1263 522 Thesei

160 566 260 616 mater
275 552 384 632 fuerit,
399 569 483 619 certe
497 556 693 642 praetermitti
710 579 771 620 non
788 556 931 622 debebat.
955 559 1070 623 ELM.

205 657 279 739 675.
305 657 411 741 ἄνδρα]
438 658 504 721 Pro
526 660 693 740 ἄνθρωπον.
732 658 828 746 Soph.
847 659 924 724 OEd.
943 661 980 724 C.
995 663 1069 745 566.
1089 662 1154 725 ἐπεὶ
1174 661 1262 741 ἔξοιδ’

158 758 233 838 ἀνὴρ
248 759 301 822 ῶν.
324 761 438 824 ELM.

203 861 390 948 συμβαλεῖν]
407 864 603 950 Intelligere.
638 862 709 949 lph.
727 864 769 927 Τ.
785 882 839 947 55.
856 864 965 945 τσῦναρ
984 862 1008 927 δ’
1023 867 1080 928 ὧδε
1095 864 1263 946 συμβάλλω

161 961 239 1027 τάδε.
278 966 335 1029 Or'.
361 985 455 1051 1393.
482 969 519 1029 τδ
544 969 602 1047 γδρ
625 965 695 1047 πρὶν
721 966 773 1029 οῦκ
800 967 954 1048 εὔγνωστα
979 965 1167 1047 συμβαλοῦσ’
1190 968 1261 1051 ἔχω.

157 1067 274 1131 ELM.

200 1171 273 1250 676.
288 1171 345 1249 μὲν
362 1169 483 1234 codices
497 1185 529 1233 et
546 1170 636 1233 Laoc.
664 1167 688 1232 δ’
705 1168 742 1232 ἂν
758 1169 835 1234 Ald.
852 1193 889 1234 ex
906 1170 1085 1256 conjectura
1106 1195 1261 1257 gramma-

157 1270 221 1349 tici,
246 1295 335 1335 usum
365 1273 528 1360 particulae
549 1274 606 1352 μὲν
628 1272 659 1335 in
679 1272 922 1360 interrogatione
948 1272 1022 1370 satie
1042 1277 1262 1362 pervulgatum

156 1373 342 1460 ignorantia.

200 1479 274 1560 679.
293 1476 397 1542 Schol.
412 1476 524 1541 Ἀσκσῦ
537 1504 575 1557 με
588 1503 595 1541 :
620 1478 756 1561 χρησμὸς
770 1481 786 1541 ά
803 1479 899 1545 δοθεὶς
913 1481 952 1565 τῷ
969 1483 1059 1561 Αἰγεῖ
1071 1481 1156 1547 σῦτός
1169 1483 1261 1545 ἐστιν·

155 1578 268 1643 Ἀσκοῦ
290 1580 343 1645 τὸν
360 1582 530 1663 προύχοντα
549 1585 695 1658 ποδεῶνα,
718 1582 845 1661 φίλτατε
871 1586 964 1659 λαῶν,
986 1580 990 1667 Ι
1008 1582 1049 1661 μὴ
1069 1586 1170 1655 λῦσαι,
1192 1583 1262 1664 πρὶν

156 1682 266 1764 γουνὸν
279 1681 448 1762 Ἀθηναίων
463 1681 636 1762 ἀφικέσθαι.
661 1684 755 1745 ἀσκοῦ
780 1683 834 1746 σῦν
856 1687 908 1762 τῆς
930 1684 1073 1766 γαστρὸς
1087 1687 1165 1749 πόδα
1180 1686 1212 1748 δέ
1227 1685 1261 1749 τὸ

155 1787 269 1866 μόριον,
294 1787 428 1866 παρόσον
450 1786 488 1852 ὣς
510 1786 526 1848 ό
549 1786 664 1848 ποδεὼν
686 1790 738 1849 τοῦ
759 1788 853 1849 ἀσκοῦ
874 1785 1009 1869 προέχει.
1042 1787 1127 1868 λέγει
1143 1787 1197 1851 οῦν
1216 1787 1262 1850 ότι

157 1886 270 1971 ἔχρησέ
283 1913 334 1967 μοι
347 1888 387 1967 μὴ
402 1892 562 1952 συνελθεῖν
578 1889 680 1973 ἑταίρα
693 1889 763 1968 πρὶν
778 1889 918 1969 ἐπιβῆναι
932 1892 983 1968 τῆς
996 1892 1144 1970 πατρίδος.
1174 1893 1260 1952 τοῦτο

157 1993 215 2071 γὰρ
237 1990 406 2063 αἰνίττεται,
429 1990 504 2070 ὅπερ
526 1988 613 2058 αὐτὸς
632 1990 667 2053 ού
686 1992 833 2069 συνίησιν.
866 1990 960 2054 ἀσκὸν
978 1992 1079 2054 τοίνυν
1099 1989 1185 2068 λέγει
1207 1992 1261 2054 τὸν

156 2093 224 2174 περὶ
237 2092 291 2171 τὴν
305 2092 438 2174 γαστέρα
453 2090 546 2157 τόπον
560 2091 751 2176 Ἀρχίλοχος·
774 2096 822 2156 καὶ
836 2098 943 2158 πεσεῖν
955 2093 1084 2174 δρήστῃν
1096 2090 1140 2156 ἐπ’
1154 2093 1260 2169 ἀσκὸν,

156 2196 265 2276 μηρούς
286 2220 319 2258 τε
340 2202 444 2277 μηροῖς
467 2194 596 2276 δρήσιην
618 2194 729 2276 λέγων,
750 2196 815 2258 οῖον
839 2194 990 2275 δράσαντά
1007 2219 1045 2258 τι.
1068 2200 1204 2259 ποδεῶνα
1226 2196 1260 2258 δὲ

157 2299 279 2362 εἰόθασι
293 2297 397 2381 λέγειν
410 2297 445 2361 τά
460 2302 512 2362 τοῦ
528 2297 637 2379 ἀνδρὸς
652 2299 776 2360 αἰδοῖον.
801 2297 865 2360 Ed.
883 2297 960 2361 Ven.
975 2297 1108 2380 χρησμὸς
1121 2297 1260 2363 δοθείς-

157 2401 320 2482 ἀφικέσθαι
335 2402 424 2465 αὐτοῦ
447 2402 500 2465 σῦν
522 2405 572 2479 τῆς
594 2398 856 2482 γαστρὸς-ἑτέρα
877 2399 947 2479 πρὶν
961 2400 1257 2478 ἀποβῆναι-τόπον.

156 2503 422 2587 ἀρχίλοχσς-οἰα.
460 2501 651 2566 Plutarchus
674 2500 800 2567 Theseo
822 2524 854 2588 p.
874 2519 890 2564 2
910 2503 949 2566 C.
970 2500 1131 2565 oraculum
1154 2501 1259 2587 AEgeo

156 2604 314 2669 redditum
331 2605 379 2669 his
394 2605 497 2671 verbis
511 2604 658 2669 exhibet:
681 2603 794 2667 Ἀσκοῦ
815 2605 869 2667 τὸν
891 2607 1061 2687 προύχοντα
1077 2605 1164 2676 πόδα,
1179 2603 1259 2686 μέγα

157 2707 287 2790 φέρτατε
313 2715 405 2785 λαῶν,
427 2707 492 2794 Ιμὴ
518 2711 622 2794 λύσῃς,
653 2709 723 2788 πρὶν
753 2711 844 2787 δῆμον
868 2707 1004 2786 Ἀθηνῶν
1034 2706 1256 2790 εἰσαφικέσθαι.

157 2811 292 2874 Tzetzes
313 2809 353 2874 ad
379 2810 621 2897 Lycophronem
644 2832 673 2872 v.
694 2829 772 2894 494.
799 2809 911 2874 Ἀσκοῦ
933 2809 986 2874 τὸν
1007 2811 1178 2893 προύχοντα
1201 2837 1256 2875 πο-

156 2913 259 2993 δόονα,
276 2914 406 2997 φέρτατε
427 2921 521 2993 λαῶν,
542 2913 547 3000 Ι
566 2915 605 2993 μὴ
627 2915 732 2994 λύσῃς,
755 2914 825 2995 πρίν
848 2916 878 2981 ἐς
900 2914 991 2995 άκρσν
1004 2912 1172 2994 Ἀθηναίων
1186 2915 1255 2995 ἀφί-

157 3043 232 3096 κηαι.
272 3018 420 3081 Ματθίας
436 3019 509 3081 Var.
529 3019 618 3081 Lect.
634 3037 665 3102 3.
685 3037 735 3096 14.
750 3017 814 3081 Τδν
835 3015 992 3100 προύχοντ’
1009 3018 1103 3080 ἀσκοῦ
1123 3015 1256 3095 ποδεῶύ,

157 3117 180 3181 ἀ
202 3121 328 3201 φίλτατε
350 3126 443 3193 λαῶν,
464 3118 469 3206 Ι
487 3120 528 3200 μὴ
550 3124 650 3193 λῦσαι,
672 3121 743 3200 πρὶν
764 3118 875 3200 γουνὸν
895 3117 1062 3198 Ἀθηναίων
1084 3118 1255 3200 ἀφικέσθαι.

157 3222 196 3284 Id
213 3236 270 3298 est,
287 3245 323 3284 eo
339 3223 518 3309 interprete,
534 3223 587 3285 Ne
608 3222 712 3285 σαίνιισ
733 3242 773 3284 σα
795 3229 866 3284 atre
882 3221 993 3306 pedem
1013 3222 1068 3306 qui
1086 3223 1254 3306 prominet,

152 3334 228 3388 ante
247 3324 252 3409 Ι
273 3325 432 3411 Cecropio⁷
453 3327 594 3412 pingam
621 3346 715 3411 ῃιιαυι
737 3325 784 3387 eie
809 3323 931 3386 όσίαἰυσ
956 3324 1123 3408 integros.
1170 3323 1255 3400 Quid

154 3426 282 3514 proprio
298 3449 389 3490 sensu
413 3427 453 3490 sit
475 3429 568 3491 ἀσκοῦ
589 3427 705 3491 ποδεὼν
726 3424 864 3489 declarat
886 3422 1070 3488 Herodotus
1088 3441 1117 3487 2.
1139 3442 1206 3488 121.
1223 3448 1253 3505 4.

153 3531 240 3596 ὅνους
255 3529 565 3610 κατασκευασάμενον,
582 3530 630 3593 καί
645 3528 754 3596 ἀσκοὺς
769 3527 928 3607 πλήσαντα
942 3529 1034 3599 σίνου,
1045 3529 1191 3592 ἐπιθεῖναι
1207 3529 1256 3593 ἐπὶ

153 3637 211 3696 τῶν
226 3633 314 3704 όνων,
330 3632 378 3695 καὶ
393 3632 494 3696 ἔπειτα
510 3633 649 3696 ἐλαύνειν
664 3631 778 3697 αὐτούς·
802 3631 840 3697 ὣς
855 3632 888 3693 δέ
904 3633 978 3694 κατὰ
993 3630 1061 3697 τοὺς
1075 3628 1253 3712 φυλάσσου·

154 3759 206 3801 τας
220 3734 258 3813 ἦν
272 3733 325 3798 τὸν
341 3733 525 3814 κρεμάμενον
540 3733 636 3806 νέκυν,
654 3733 865 3798 ἐπίσπασαντα
879 3738 937 3798 τῶν
951 3735 1053 3797 ἀσκῶν
1066 3734 1119 3798 δύο
1133 3731 1151 3812 ἢ
1166 3739 1253 3814 τρεῖς,

153 3841 304 3902 ποδεῶνας
319 3835 410 3899 αὐτὸν
424 3837 509 3900 λύειν
526 3834 720 3915 ἐπαμμένους·
746 3837 785 3902 ὡς
798 3837 829 3900 δέ
845 3835 960 3917 έρρεεὸ
979 3837 1069 3911 οἶνος,
1087 3839 1143 3899 dre.
1183 3838 1255 3913 Quo

153 3937 221 4002 loco
235 3937 336 4001 utitur
352 3939 392 4000 P.
407 3936 593 4024 Leopardus
608 3936 775 4000 Emendat.
794 3956 821 4024 7.
843 3957 890 4023 13.
917 3938 1029 4001 ELM.

196 4042 271 4105 680.
295 4041 374 4120 Πρὶν
396 4040 434 4104 ἂν
456 4043 487 4104 τί
507 4040 626 4126 δράσῃς,
649 4038 668 4118 ἢ
690 4037 745 4102 τίν’
762 4040 841 4117 ἐξίκῃ
861 4041 958 4122 χθόνα
969 4041 992 4123 ;]
1016 4039 1138 4104 Eodem
1161 4039 1255 4102 modo

154 4143 283 4230 Ajacem
301 4143 478 4229 interpellat
493 4143 640 4206 Minerva
654 4140 738 4227 apud
755 4139 939 4225 Sophoclem
956 4140 1013 4225 Aj.
1034 4158 1104 4223 107.
1123 4142 1202 4222 Πρὶν
1217 4140 1255 4205 δν

153 4250 184 4310 τί
195 4247 315 4334 δράσῃς,
331 4245 350 4325 ἢ
365 4250 396 4311 τί
409 4246 549 4328 κερδόνῃς
562 4245 678 4317 πλέον;
704 4244 818 4307 ELM.

198 4350 238 4413 68
240 4368 273 4435 5.
288 4351 392 4435 Τούτῳ
408 4353 477 4413 θεοῦ
491 4348 644 4429 μάντευμα
659 4352 798 4410 κοινῶσαι
813 4344 909 4428 θέλω]
929 4348 1003 4410 Non
1020 4345 1181 4410 Pittheam
1201 4346 1255 4411 sed

154 4452 251 4538 ipsam
277 4451 425 4516 Medeam
448 4450 627 4516 consultum
650 4448 736 4512 venit
758 4448 883 4535 AEgeus
907 4447 993 4535 apud
1022 4446 1255 4534 Neophronem.
1348 4514 1352 4520 ,

671 4570 725 4620 <22
