2864 4914
187 274 252 342 270
548 266 925 339 ANNOTATIONES

185 444 239 511 El.
259 462 350 526 1070.
370 443 438 528 (ubi
453 459 536 509 recte
552 445 730 511 schaeferus
744 450 844 532 σφιν).
890 444 1010 510 Comici
1027 444 1068 509 ab
1083 443 1197 509 horum
1210 463 1284 530 pro·

185 547 347 612 nominum
369 570 428 612 usu
450 549 593 614 consulto
615 572 647 614 se
668 549 853 614 abstinuisse
873 547 1029 625 videntur,
1050 537 1121 611 licet
1141 545 1172 610 in
1193 566 1288 633 prosa

185 650 324 715 oratione
340 650 520 736 frequenter
534 665 707 716 occurrant.
731 652 848 716 ELM.

233 768 325 838 1379.
348 750 471 835 φέρουσ’
491 755 522 820 ές
536 751 638 835 Ἥρας
659 754 781 834 τέμενος
803 755 924 836 ἀκραίας
945 753 1029 838 θεοῦ]
1056 747 1287 832 5οἱιοὶ.Ἥραια

185 853 326 936 πένθιμος
348 855 435 937 έορτλ
449 859 530 937 παρὰ
545 859 721 938 Κορινθίοις.
764 855 891 939 Ἀκραία
909 857 942 919 δὲ
963 858 1074 937 εἱρηται
1094 856 1176 936 παρδ
1194 853 1229 916 τδ
1251 853 1286 916 έν

185 957 347 1038 δκροπόλει
370 959 512 1039 ἱδρῦσθαι.
546 956 619 1038 τέλη
634 961 666 1022 δέ
681 959 766 1040 λέγει
787 961 825 1022 τδ
842 956 988 1039 μυστήρια
1010 958 1058 1021 καί
1077 959 1130 1024 τδς
1150 955 1284 1022 τελετάς.

186 1057 278 1122 Idem
296 1057 338 1123 ad
353 1082 384 1121 v.
402 1079 450 1122 10.
466 1061 512 1123 ὅτι
527 1062 559 1124 δὲ
574 1062 623 1125 καὶ
637 1059 783 1128 ἀθάνατος
796 1061 834 1141 ἦν
848 1062 867 1141 ἡ
882 1059 1009 1139 Μήδεια,
1026 1064 1182 1126 Μουσαῖος
1196 1060 1231 1122 έν
1245 1055 1286 1142 τῷ

184 1160 252 1242 περὶ
267 1158 406 1240 Ἰσθμίων
422 1163 541 1242 ἱστορεῖ,
559 1162 619 1242 δμα
634 1163 682 1227 καὶ
696 1164 763 1245 περὶ
777 1170 836 1228 τῶν
849 1167 899 1242 τῆς
912 1160 1052 1244 Ἀκραίας
1061 1160 1162 1244 Ἤρας
1176 1160 1282 1243 ἑορτὴν

185 1263 318 1329 ἱετιθείς.
342 1261 472 1327 Falsum
487 1277 545 1341 est,
557 1263 642 1351 quod
658 1264 735 1329 dicit
749 1264 982 1351 grammaticus,
993 1262 1118 1347 Ἀκραία
1131 1265 1164 1326 δὲ
1174 1267 1286 1345 εἴρηται

184 1367 266 1446 παρδ
280 1365 313 1428 τὸ
329 1368 364 1430 ἐν
378 1367 539 1447 δκροπόλει
554 1369 697 1449 ἱδρῦσθαι.
744 1368 865 1432 Locum
883 1366 1053 1452 sepulturae
1067 1379 1156 1430 extra
1171 1365 1285 1430 Corin·

185 1466 322 1532 thiorum
346 1469 423 1532 fines
444 1466 537 1532 situm
559 1468 654 1533 fuisse
676 1469 846 1535 ostendunt
868 1469 1010 1557 proxima
1031 1468 1155 1534 Medeoe
1177 1467 1283 1533 verbu.

185 1569 299 1634 Livius
311 1590 365 1656 32.
382 1588 434 1654 23.
450 1571 707 1636 promontorium
725 1581 771 1637 est
784 1573 938 1638 αάνιτιιισ
952 1573 1131 1660 8ἱιγοιιεια,
1145 1572 1286 1637 Ιωιιοτιὶο

184 1696 279 1760 quam
304 1682 416 1738 vocant
440 1676 596 1751 Acroeam‚
621 1677 657 1738 ιἰι
685 1676 784 1740 altum
813 1696 1004 1741 excurrens:
1031 1677 1181 1761 trcy'ectw
1209 1673 1284 1737 ίαιὶι

187 1776 385 1854 corinthum,
400 1785 515 1864 septem
529 1777 631 1840 millia
639 1778 751 1863 firme
761 1799 926 1864 ραοιυυοι.
972 1779 1046 1842 Non
1061 1793 1182 1843 tantum
1198 1790 1285 1864 pate-

184 1879 239 1946 bat
255 1879 399 1945 Creontis
420 1901 562 1966 regnum.
585 1881 701 1944 ELM.
747 1879 798 1944 Sic
819 1879 911 1944 etiatn
936 1879 1050 1945 Strabo
1068 1880 1098 1943 8.
1121 1903 1153 1967 p.
1165 1879 1226 1966 583
1238 1881 1281 1943 A.

185 1986 220 2050 έν
234 1985 267 2047 δὲ
279 1986 321 2068 ’τῷ
335 1983 444 2063 μεταξὺ
458 1986 510 2046 τοῦ
524 1983 657 2066 Λεχαίου
673 1982 720 2046 καὶ
735 1988 850 2064 Παγῦν
864 1983 898 2046 τὸ
913 1987 964 2061 τῆς
982 1980 1123 2065 Ἀκραίας
1143 1989 1286 2063 μαντεῖον

179 2083 281 2168 Ἥρας
301 2088 415 2169 ὑπῆρχε
436 2087 611 2150 τοπολαιόν.
656 2087 704 2148 At
727 2086 863 2149 Pausan.
879 2107 949 2149 cum
974 2083 1136 2150 scholiaste
1157 2084 1233 2150 facit
1254 2103 1284 2150 2.

186 2207 236 2270 24
260 2190 404 2253 ἀνιόντων
425 2190 458 2252 δὲ
481 2190 512 2256 ές
534 2189 588 2267 τὴν
611 2189 774 2270 ιὶκρθπολιν
796 2188 861 2251 ἔστι
882 2189 939 2267 μέν
960 2192 1011 2267 τῆς
1030 2185 1171 2269 Ἀκραίας
1184 2184 1285 2269 Ἥρας

184 2291 219 2355 τδ
249 2292 339 2373 ἱερόν.
369 2305 401 2356 et
430 2290 472 2355 sic
501 2313 619 2370 omnes,
649 2289 704 2378 qui
734 2289 774 2354 de
805 2289 900 2354 rebus
929 2289 1055 2354 Medeae
1083 2289 1283 2376 scripserunt.

184 2394 327 2458 ΜΑΤΤ
330 2395 375 2458 Η.
451 2402 459 2417 ¹

231 2498 324 2582 1380.
347 2499 527 2586 καθυβρίση]
547 2497 597 2562 Sic
612 2519 682 2561 cum
699 2494 778 2559 Ald.
796 2497 890 2560 Rom.
907 2498 950 2559 A.
964 2519 984 2559 a
1000 2518 1079 2560 corr.
1095 2496 1175 2561 Rc.
1221 2487 1284 2560 Sed

185 2600 280 2664 Rom.
298 2602 341 2664 A.
358 2613 431 2663 ante
445 2623 525 2663 οοττ.
544 2601 590 2683 [et
605 2598 691 2663 Flor.
711 2618 760 2662 10.
780 2599 843 2683 15.]
861 2597 957 2662 αῦτῦν
970 2599 1122 2678 πολεμίων
1141 2601 1281 2678 καθυβρί-

184 2729 246 2777 σαι,
263 2725 357 2790 supra
373 2702 488 2788 scripto
500 2702 541 2766 ab
556 2701 664 2766 eadem
680 2723 774 2766 manu
790 2727 836 2784 γρ.
853 2702 901 2765 καὶ
916 2701 1099 2782 καθυβρίσει.
1122 2699 1239 2764 ELM.

230 2806 323 2891 1381.
346 2809 385 2893 γῇ
405 2807 438 2870 δὲ
452 2810 522 2893 τῇδε
544 2808 679 2887 Σισύφου
699 2805 704 2892 Ι
724 2804 838 2885 σεμνὴν
853 2804 958 2886 ἑορτὴν
973 2803 1021 2866 καὶ
1034 2801 1106 2882 τέλη
1120 2801 1281 2885 προσάψο-

183 2906 254 2992 μευ]
287 2906 390 2972 Schol.
413 2910 522 2972 Venet.
548 2923 580 2972 et
604 2907 696 2972 Leid.
726 2907 766 2972 ad
798 2906 837 2971 Il.
861 2913 896 2971 K.
919 2908 971 2991 56.
994 2904 1206 2992 Etymologus
1231 2906 1280 2969 M.

183 3034 215 3098 p.
232 3026 306 3094 750,
321 3029 375 3096 43.
390 3009 487 3077 τέλος.
533 3009 657 3074 Deinde
671 3011 765 3074 Rom.
782 3012 825 3073 A.
841 3033 860 3073 a
874 3031 953 3073 corr.
970 3008 1052 3072 B.C.
1068 3006 1163 3071 schol.
1179 3008 1280 3072 Hom.

183 3111 392 3195 προσάγομεν.
420 3114 448 3176 F
450 3114 505 3177 lor.
520 3115 688 3195 μυστηρίων
702 3137 741 3177 ex
761 3111 863 3199 Hipp.
882 3131 932 3195 25.
950 3111 1062 3192 σεμνὴν
1085 3112 1115 3178 ές
1137 3113 1211 3195 ὄψιν
1234 3113 1283 3175 καὶ

183 3216 256 3296 τέλη
270 3219 446 3299 μυστηρίων.
485 3216 696 3303 Etymologus
709 3213 909 3297 προσάξομεν.
944 3214 1038 3277 Rom.
1055 3216 1099 3277 A.
1113 3227 1186 3277 ante
1200 3237 1280 3279 corr.

184 3322 258 3385 Par.
280 3321 413 3384 A.B.D.
435 3319 645 3403 προσάγομεν.
692 3318 802 3382 Media
822 3318 923 3382 forma
946 3315 1144 3399 προσόψομαι
1163 3318 1204 3382 ab
1223 3317 1282 3382 hac

183 3421 406 3508 significatione
420 3422 519 3485 aliena
534 3436 589 3486 est.
614 3423 730 3485 ELM.

231 3524 321 3607 1384.
338 3524 411 3602 αὐτὴ
426 3526 458 3587 δὲ
473 3530 565 3605 γαῖαν
585 3524 642 3602 εῖμι
664 3523 718 3602 τὴν
738 3520 914 3605 Ἐρεχθέως,
935 3520 940 3610 Ι
960 3524 1049 3603 Αἰγεῖ
1061 3523 1282 3604 συνοικήσουσα

183 3633 223 3713 τῷ
240 3625 420 3711 Πανδίονος]
437 3624 615 3689 Athenoeus
636 3648 668 3711 p.
683 3625 747 3709 585
760 3626 802 3688 D.
820 3626 897 3692 Θοὶς
915 3625 990 3707 πρὸς
1004 3625 1146 3707 γράσωνα
1160 3652 1283 3709 πορευο-

182 3729 256 3807 μένη
280 3725 418 3806 ἐραστὴν,
442 3728 510 3790 ἐπεί
529 3752 572 3792 τις
593 3725 684 3804 αὐτὴν
702 3727 809 3807 ἤρωτα,
833 3730 874 3812 πῇ
893 3728 1058 3807 πορεύεται,
1082 3727 1175 3802 εἶπεν,
1195 3732 1285 3810 Αἱγεῖ

184 3827 403 3907 συνοικήσουσα
418 3831 457 3912 τῷ
474 3829 648 3895 Πανδίονος.
672 3829 786 3892 ELM.

231 3930 321 4014 1387.
337 3928 463 4011 Ἀργοῦς
478 3928 554 4009 κδρα
568 3929 625 3993 σδν
638 3929 777 4016 λειψθνιρ
792 3930 1016 4014 πεπληγμένος]
1038 3931 1141 3996 Schol.
1156 3935 1283 4015 Ἀργοῦς

184 4032 259 4115 κάρα
281 4031 339 4095 σδν
360 4030 517 4114 λειψθυιρι
542 4033 700 4112 ἱστορεῖται
721 4031 831 4097 ’ἱιίσων
852 4033 934 4097 τέλει
955 4035 1077 4121 τοιούτῳ
1099 4036 1280 4118 χρήσασθαι.

185 4137 365 4216 κοιμώμενον
379 4137 436 4216 γὰρ
452 4133 544 4198 αῦτδυ
564 4133 620 4197 ὑπὸ
643 4135 697 4212 τλν
716 4134 815 4218 Ἀργδ
839 4142 1063 4200 κοτασαπεῐσαν
1084 4137 1141 4199 ὑπὸ
1163 4143 1281 4200 πολλοῦ
1384 4181 1390 4194 ·

183 4239 304 4322 χρόνον,
327 4235 416 4318 μέρος
441 4261 469 4299 τι
499 4237 604 4312 ταύτης
633 4234 761 4301 έκπέσον
787 4241 861 4302 κατὰ
885 4243 936 4317 τῆς
966 4242 1099 4319 κεφαλῆς
1128 4243 1280 4319 ἔκρουσεν.

184 4337 309 4422 Ἀργοῦς
331 4339 384 4403 οῦν
409 4336 549 4421 λειψάνιρ
578 4334 673 4417 λέγει,
699 4338 765 4401 ἀντὶ
789 4345 840 4401 τοῦ
867 4339 950 4421 μέρει
978 4343 1036 4405 τινὶ
1065 4345 1114 4421 τῆς
1141 4340 1280 4423 Ἀργοῦς.

181 4438 311 4511 Ἀλλως.
334 4444 363 4507 οἱ
382 4443 439 4522 μέν
460 4439 587 4524 λέγουσι
609 4443 682 4505 κατδ
696 4443 828 4519 Μηδείας
849 4443 946 4525 χόλον
966 4441 984 4523 ἢ
1007 4442 1144 4508 κέλευσιυ
1165 4444 1223 4508 ῦπδ
1246 4448 1281 4530 τῇ
