2864 4914
202 279 268 348 336
567 281 947 348 ANNOTATIONES

201 453 274 538 807.
295 459 460 535 Λιπαραῖοι
483 455 596 534 κόσμον
621 453 771 522 Ἀθάναις.
807 452 902 519 Pind.
931 452 1024 516 Nem.
1046 469 1079 532 4.
1103 468 1154 536 29.
1176 453 1311 533 λιπαρᾶν

199 555 357 636 εὐωνύμων
371 554 420 620 ἆτ’
435 555 577 621 Ἀθανᾶν.
599 557 696 622 etsie
720 556 831 621 Isthm.
850 576 878 620 2.
894 574 946 641 30.
984 552 1074 618 Idem
1096 551 1183 640 apud
1206 552 1306 618 schol·

200 656 365 744 Aristoph.
391 658 531 723 Acheru.
547 661 620 744 637.
641 662 680 723 At
700 659 824 740 λιπαραὶ
846 660 895 723 καὶ
918 656 1093 738 ἰοστέφανοι
1113 654 1250 720 Ἀθᾶναι.
1273 669 1305 719 et

199 758 286 847 apud
309 758 405 825 schol.
422 761 510 826 Nub.
527 780 599 847 299.
621 762 747 842 λιπαραὶ
769 761 816 825 καὶ
838 761 976 840 ἀοίδιμοι,
998 755 1148 824 Ἑλλάδος
1168 758 1306 840 ἔρεισμα,

201 864 317 927 κλειναὶ
330 861 468 927 Ἀθᾶναι.
514 864 623 950 Hujus
638 863 722 927 tituli
737 885 873 927 amorem
888 876 995 948 aperte
1017 859 1099 924 ridet
1113 859 1305 946 Aristopha-

200 985 266 1042 nes,
282 963 423 1029 Acheru.
434 968 506 1050 639.
524 969 562 1030 El
576 965 610 1029 δέ
624 990 669 1032 τις
682 967 763 1045 ὑμῶν
773 966 988 1030 ὑποθωπεύσας
1002 966 1131 1044 λιπαρὰς
1147 959 1306 1027 καλέσειεν

200 1063 341 1146 Ἀθήνας,
359 1068 475 1149 Ηθρετο
491 1071 552 1131 πᾶν
567 1066 605 1130 ἂν
620 1070 668 1131 διὸ
686 1070 738 1134 τὰς
759 1069 897 1148 λιπαράς,
916 1067 1021 1147 ἀφυῶν
1038 1064 1124 1144 τιμὴν
1143 1063 1305 1146 περιάψας.

199 1182 233 1232 et
253 1167 286 1232 in
309 1169 372 1255 Eq.
395 1187 485 1254 1329.
532 1170 613 1233 Hmc
635 1168 713 1246 loca,
728 1190 799 1232 eum
815 1167 883 1231 aliis
897 1166 1087 1254 quibusdam
1103 1166 1211 1231 eodem
1227 1165 1304 1230 faci-

201 1270 338 1363 entibus.
353 1271 580 1348 indicaverunt,
596 1284 713 1358 praeter
729 1269 965 1358 Spauhemium‚
981 1267 1211 1355 Weseelingius
1227 1270 1305 1332 Pro-

201 1373 275 1439 bab.
298 1397 329 1460 p.
351 1393 406 1457 42.
426 1374 655 1463 Wyttenbach.
683 1372 765 1437 Bibl.
791 1372 870 1438 Crit.
892 1393 924 1459 3.
952 1394 978 1438 ι.
1007 1397 1040 1460 p.
1062 1392 1117 1459 50.
1152 1371 1303 1436 MONK.

200 1478 321 1556 ὀλβίαις
335 1501 397 1542 om.
414 1477 500 1542 Flor.
518 1480 560 1540 A.
577 1497 689 1563 10.15.

242 1598 320 1665 457.
335 1579 500 1664 τεράμνον]
520 1578 725 1644 Scribendum
740 1576 890 1659 τερέμνων
904 1601 975 1643 cum
993 1577 1138 1643 Monkio.

242 1684 318 1762 460.
334 1681 357 1746 ὦ
372 1685 449 1764 φίλα
463 1682 626 1767 γυναικῶν]
645 1685 738 1747 Hauc
751 1682 1012 1747 constructionem
1027 1681 1133 1769 attigit
1144 1683 1305 1745 Porsonus

202 1784 298 1850 Prael'.
322 1783 362 1849 ad
387 1785 470 1847 Hec.
494 1807 525 1870 p.
541 1799 594 1869 54.
621 1785 752 1849 afferens
775 1807 814 1849 ex
838 1784 1009 1849 Theocrito
1027 1783 1092 1867 φίλ’
1114 1787 1239 1865 ἀνδρῶν.
1262 1807 1302 1847 ex

201 1885 393 1950 Callimacho
410 1887 556 1973 (Fragm.
575 1888 662 1972 131.)
678 1893 784 1969 πρηεῖο
801 1894 957 1969 γυναικῶν.
980 1911 1018 1951 ex
1035 1887 1201 1973 Aristoph.
1219 1888 1302 1950 Rau.

204 1987 297 2052 1081.
312 1986 336 2051 ὦ
351 1987 467 2072 σχέτλι’
483 1991 609 2072 άνδρῶν.
654 1989 728 2054 Istis
749 1989 877 2077 adjicias
899 1991 1027 2055 Heracl.
1041 1993 1117 2077 567.
1137 1988 1304 2053 ὦτάλαινα

155 2106 157 2110 ’
200 2090 365 2174 παρθένων.
410 2092 495 2170 Quin
518 2092 603 2157 etin
628 2092 758 2181 Hippol.
776 2096 851 2178 849.
874 2090 1025 2179 leguntur
1039 2093 1146 2158 eadem
1164 2093 1259 2157 verba
1279 2090 1303 2155 ὦ

203 2196 281 2277 φίλα
294 2201 449 2276 γυναικῶν.
475 2198 624 2262 ΜΟΝΚ.
665 2197 812 2286 Sophocli
835 2197 952 2262 Trach.
977 2215 1048 2263 222.
1074 2194 1301 2262 restituendum

201 2295 249 2374 ἴδ’,
265 2294 289 2361 ὦ
304 2300 382 2380 φίλα
395 2305 553 2380 γυναικῶν.
578 2298 632 2363 ubi
647 2299 719 2364 libri
734 2301 830 2382 γύναι.

243 2402 317 2480 461.
335 2400 385 2485 σὺ]
404 2402 443 2465 σύ
456 2426 492 2483 γε
508 2401 600 2464 Lasc.
617 2400 695 2465 Ald.
711 2424 782 2466 cum
800 2402 886 2465 Flor.
904 2419 934 2466 2.

243 2505 320 2588 463.
345 2502 477 2567 έπάνοθε
492 2500 596 2588 πέσοι]
615 2504 714 2569 έπάνιυ
728 2501 833 2568 πέσειε
855 2502 941 2568 Flor.
958 2521 986 2569 a.
1002 2503 1093 2566 Lasc.
1111 2500 1188 2567 Ald.
1223 2503 1300 2566 Ver-

200 2629 254 2672 sus
269 2606 300 2669 iu
316 2605 394 2670 Ald.
411 2606 452 2670 sic
467 2606 569 2684 divisi,
584 2609 710 2690 χθὼν-
728 2607 733 2695 Ι
753 2604 870 2672 εἶδέ-
889 2605 895 2694 Ι
913 2607 1031 2686 ἥ-είιρ.

243 2710 319 2790 464.
337 2707 444 2793 ἔμοιγ’]
465 2708 670 2773 Scribeudum
688 2711 755 2791 έμοί
768 2709 791 2772 τ’
806 2732 877 2774 cum
895 2711 1090 2772 Hermanno.

243 2811 318 2892 481.
334 2813 491 2897 Τιρυνθίῳ]
519 2812 645 2876 Dicitur
661 2811 816 2877 Hercules
829 2810 861 2874 in
879 2814 975 2876 Herc.
994 2813 1032 2875 F.
1048 2811 1122 2895 387.
1140 2813 1300 2897 Μυκηναίῳ

199 2919 301 2977 πονῶν
315 2913 458 3000 τυράννῳ.
503 2917 649 3002 Mycenis
663 2915 744 2981 enim
761 2913 903 3001 regnavit
918 2914 1127 3000 Eurystheus.
1171 2914 1301 2977 Monuit

200 3014 371 3080 Elmsleius
399 3016 438 3080 ad
471 3017 597 3081 Heracl.
628 3020 695 3100 164
727 3015 898 3082 Herculem
925 3033 956 3080 et
982 3016 1198 3104 Eurystheum
1230 3039 1301 3101 pro·

200 3118 318 3183 miscue
332 3119 470 3207 Argivos
494 3135 525 3185 et
543 3119 730 3208 Tirynthios
750 3144 770 3184 a
792 3119 916 3206 tragicis
937 3119 1096 3207 appellari.
1137 3118 1209 3182 Vid.
1224 3117 1298 3181 inlr.

200 3245 252 3286 vv.
267 3237 344 3308 507.
359 3239 380 3309 5
404 3226 435 3289 6.
452 3226 523 3309 854.
547 3224 749 3289 Consulenda
763 3236 809 3288 est
824 3222 915 3287 etiam
932 3221 1061 3309 insignis
1075 3221 1213 3309 ejusdem
1227 3237 1301 3284 nota

199 3324 239 3388 ad
259 3325 385 3390 Heracl.
407 3328 476 3390 188.
502 3328 651 3391 ΜΟΝΚ.

243 3428 318 3509 487.
342 3429 479 3493 άπειπεῖν
500 3430 567 3496 τοὺς
588 3431 708 3514 πόνους]
736 3426 897 3515 Significat
919 3430 1068 3506 άπειπεῖν,
1084 3437 1114 3492 to
1135 3448 1299 3504 rotomaco,

202 3543 237 3590 ut
252 3526 333 3591 infra
349 3549 420 3614 753.
438 3530 671 3609 ἀπειπεῖν-τὴν
682 3530 740 3609 σὴν
751 3528 891 3617 πατρῴαν
906 3532 1018 3595 ἑστίαν.
1043 3531 1140 3594 Herc.
1153 3530 1190 3593 F.
1205 3549 1299 3613 1357.

195 3625 259 3693 Ὧν
273 3631 334 3695 οὔτ’
349 3633 476 3695 άπεῖπον
490 3630 586 3696 οὐδέν.
628 3632 775 3697 Eundem
792 3656 916 3697 sensum
933 3633 1078 3719 exprimit
1095 3634 1206 3721 Suppl.
1222 3652 1299 3717 344.

200 3732 264 3796 Οὐκ
279 3733 332 3796 οὖν
348 3735 482 3817 ἆπαυδᾷν
496 3737 622 3799 δυνατόν
639 3738 706 3799 έστί
716 3761 766 3816 μοι
783 3738 901 3802 πόνους.
940 3737 1059 3799 Contra
1074 3738 1211 3802 ἀπειπεῖν
1226 3759 1296 3801 cum

199 3832 306 3897 dativo
328 3849 375 3899 est
396 3835 532 3920 deficere.
557 3837 597 3901 de
620 3861 684 3925 qua
707 3838 811 3925 signif.
833 3839 896 3902 vid.
922 3837 1097 3901 Blomfield.
1123 3840 1163 3901 ad
1189 3840 1298 3905 AEsch.

201 3936 307 4001 Theb.
324 3940 398 4015 840.
422 3939 570 4003 MONK.

242 4041 318 4123 496.
345 4037 483 4123 αἵμασιν]
512 4042 606 4105 Hanc
630 4041 767 4107 fabulam
794 4043 925 4129 attigere
951 4046 989 4122 Q.
1014 4042 1147 4108 Calaber
1170 4044 1199 4107 6.
1227 4061 1299 4129 245.

201 4143 293 4209 Ovid.
312 4144 390 4207 Her.
407 4165 435 4225 9.
453 4146 506 4225 67,
523 4144 573 4229 89.
599 4147 680 4210 Met.
696 4168 726 4228 9.
748 4168 815 4230 194.
834 4147 886 4211 ubi
911 4165 1050 4212 nostrum
1074 4147 1188 4224 locum,
1207 4164 1240 4210 ut
1256 4147 1301 4208 vi-

199 4245 304 4325 detur,
319 4244 451 4331 respicit.
479 4248 564 4321 Quid
572 4250 588 4310 θ
610 4250 691 4334 qaod
710 4250 855 4314 Thracas
869 4274 971 4338 σῳιιοο,
987 4252 1125 4314 hainaco
1139 4253 1300 4337 sanguine

197 4351 348 4437 pinguior,
369 4349 528 4436 Plenaque
548 4352 731 4437 corporibus
754 4355 865 4417 loceris
885 4357 1047 4441 praesepio
1071 4354 1149 4434 vidi,
1170 4356 1301 4440 Visaque

199 4451 306 4538 deject
319 4452 538 4540 dominamqrae
551 4453 696 4539 ipaosque
707 4458 851 4541 ρσιπσιὶθ
874 4457 1025 4521 ΜΟΝΚ.
