2864 4914
538 301 606 367 AD
628 302 881 368 ALCESTIN.
1198 301 1263 367 846

206 476 281 560 960.
297 474 409 557 κνίδιον]
428 473 501 537 Hoc
515 471 668 538 vocabulo
683 472 784 538 utitur
797 472 890 539 etiam
904 471 937 538 in
952 471 1109 538 Androm.
1125 473 1202 560 639.

206 578 281 660 966.
298 576 396 659 εὗρον]
417 574 623 639 Scribendum
638 575 738 657 ηὗρον.

206 677 279 757 968.
304 674 442 761 σανίσιν]
465 678 670 742 conservatas
692 675 734 741 sd
758 677 922 756 Hoemnm,
942 675 1090 743 Thraciae
1110 689 1262 756 montem,

163 778 258 843 tradit
278 776 455 843 scholiastes
470 777 509 842 ad
533 778 659 843 Hecub.
675 801 705 842 r.
724 794 818 864 1257.
854 776 1015 866 Quicquid
1035 777 1133 866 hujus
1153 777 1262 858 fuerit,

162 880 333 970 Euripides
357 879 442 944 haud
469 879 566 946 dubie
588 880 714 969 respicit
738 881 863 966 scripto,
886 904 959 969 quse
981 904 1039 947 sus
1062 896 1094 947 et
1121 879 1263 946 Plutonis

162 998 254 1049 oetnte
264 983 393 1071 Orpheo
408 983 504 1048 tribui
520 982 671 1049 solebant.
704 981 777 1048 Vid.
788 981 829 1048 de
843 984 927 1070 Rep.
937 1002 968 1050 2.
985 1007 1017 1071 ρ.
1025 986 1100 1071 364
1116 983 1262 1049 MUSG.

163 1088 287 1152 Revera
308 1086 462 1175 ejusmodi
483 1085 606 1152 tabulas
631 1085 783 1152 exstitisse
804 1107 843 1151 ex
867 1085 1030 1152 Heraclito
1054 1086 1150 1153 tradit
1172 1086 1262 1152 scho-

162 1189 259 1255 liasta.

205 1310 280 1376 972.
306 1292 484 1379 ἀντιτεμιδν]
508 1292 620 1359 AEsch.
647 1296 763 1381 Agum.
790 1311 839 1377 17.
857 1290 974 1357 Ὕπνου
995 1290 1056 1357 τόδ’
1080 1293 1263 1374 ἀντίμολπον

163 1392 311 1474 ἐντέμνων
326 1397 406 1463 ἄκος.
439 1396 490 1461 Sic
506 1395 648 1483 Choeph.
664 1411 742 1482 537.
753 1393 847 1463 Ἀκος
860 1400 983 1476 τομαῖον
999 1396 1153 1459 ἐλπίσασα
1166 1393 1264 1474 snud-

161 1517 231 1556 των.
268 1494 348 1559 Eur.
369 1495 472 1559 Andr.
494 1515 565 1562 121.
584 1495 676 1563 Ἀκος
697 1501 756 1559 τιῖν
774 1496 928 1560 δυσλθτον
945 1496 1048 1560 πίνον
1072 1501 1184 1574 τεμεῖν.
1208 1494 1262 1560 11δί

162 1595 255 1660 schol.
271 1604 381 1678 τεμεῖν·
404 1597 462 1661 ἀπδ
477 1604 537 1663 τῶν
550 1598 811 1681 ῥιζοτομοθντονῆ
828 1597 995 1679 μετοφορθ.
1012 1603 1113 1679 τεμεῖν
1127 1598 1182 1663 civ
1196 1598 1263 1662 ἀντὶ

161 1704 214 1762 τοῦ
229 1697 377 1781 εὑρέσθαι.
422 1701 474 1765 Ita
488 1699 528 1764 sd
551 1699 646 1764 Pind.
661 1699 758 1787 Pyth.
774 1718 805 1781 4.
821 1718 899 1784 393.
914 1700 976 1764 Σὺν
990 1697 1014 1763 δ’
1031 1699 1123 1785 ἐλαίη
1145 1707 1262 1781 φαρμα-

162 1802 273 1867 καίσασ’
289 1805 431 1885 ἀντίτομα
445 1807 572 1884 στερεάν
585 1804 694 1867 ἀδυνᾶν
709 1807 796 1866 Διῖκε
816 1802 966 1886 χρίεσθαι,
990 1802 1150 1889 Interpres
1172 1802 1263 1867 Groe·

161 1927 228 1984 cus,
242 1907 384 1987 ἀντίτομα
405 1909 437 1971 δέ
457 1905 522 1971 εἶπε
543 1908 581 1969 rh
599 1902 838 1987 ἀλεξιφάρμακα,
855 1907 931 1969 κατδ
944 1906 1119 1986 μετοφοράν
1132 1902 1187 1985 τὴν
1201 1903 1262 1969 ἀπὸ

161 2013 221 2072 τῶν
234 2005 403 2089 ῥιζοτόμινν.
448 2007 511 2072 His
531 2007 633 2071 citatis
656 2005 813 2072 Stnnleius
833 2004 952 2093 adjicit,
968 2014 990 2045 “
1002 2007 1160 2085 ἀντίτομον
1182 2005 1261 2088 φάρ-

160 2135 257 2190 μακαν
278 2123 325 2174 est
346 2108 378 2173 id
400 2109 571 2174 remedium
590 2108 676 2195 quod
696 2125 818 2173 secatur
836 2123 869 2173 et
887 2122 1028 2195 paratur,
1046 2130 1084 2172 oc
1101 2107 1262 2195 praebetur

161 2208 253 2274 alicui
274 2209 423 2275 adversus
447 2210 548 2275 morbi
569 2209 690 2276 dolores
708 2225 741 2275 et
757 2209 837 2274 vim:
862 2209 904 2274 sd
924 2232 1019 2296 quam
1039 2209 1260 2298 etymologiam

161 2313 331 2400 respexisse
352 2311 540 2399 Euripidem
561 2311 593 2377 in
619 2310 780 2377 Alcestidc
804 2327 910 2376 monet
936 2309 1086 2376 AEmilius
1109 2312 1261 2379 Portus.”

162 2414 282 2480 Similia
295 2415 389 2480 habet
404 2414 584 2502 Hesychius
595 2437 623 2478 v.
639 2415 805 2493 ἀντίτομον.
829 2412 900 2478 Vid.
919 2412 1092 2479 Ruhnken.
1103 2413 1145 2479 sd
1161 2417 1259 2490 Hom.

159 2520 281 2607 Hymn.
296 2518 328 2582 in
345 2520 417 2582 Cer.
433 2537 507 2603 229.
530 2516 680 2582 MONK.

204 2622 386 2704 986-990.
403 2617 450 2682 Ηί
465 2640 572 2683 versus
586 2617 629 2682 sic
643 2616 749 2705 potius
762 2616 935 2697 dividendi,
947 2619 1061 2683 κλαίον
1073 2618 1142 2687 τοὺς
1156 2617 1262 2703 φθιμέ-

162 2748 229 2790 νους
243 2724 313 2786 ἀνα.
334 2721 340 2808 Ι
360 2723 408 2786 καὶ
423 2726 499 2786 θεῶν
514 2720 627 2786 σκότιοι
641 2722 783 2804 φθίνουσι
800 2717 807 2808 Ι
825 2725 928 2789 παῖδες
943 2722 977 2785 ἐν
988 2720 1116 2808 θανάτιρ,
1132 2721 1263 2811 puriter-

160 2848 223 2913 que
237 2825 268 2888 in
284 2823 488 2911 antistropha.

203 2929 275 3013 987.
293 2927 404 2992 σκότιοι
418 2925 574 3012 φθίνουσι]
592 2925 628 2991 ld
644 2939 692 2992 est
704 2928 750 2990 αιί
765 2927 882 2990 Orcum
895 2926 1021 2992 οάτυαί.

207 3050 301 3116 1005.
317 3031 425 3114 φῆμαι]
444 3028 648 3095 scribendum
664 3033 761 3112 φᾶμαι
774 3049 847 3092 cum
864 3026 1010 3093 Monlsio.

208 3153 300 3216 1019.
315 3131 392 3217 ἥκω]
408 3133 482 3212 ἧκον
497 3133 543 3195 Η.

206 3250 298 3320 1025.
315 3235 419 3320 πολλῷ
434 3236 468 3299 δέ
481 3231 583 3318 μόχθιρ
597 3232 727 3299 codices.
750 3237 876 3297 πολλῶν
889 3233 923 3296 δέ
936 3229 1058 3316 μθχθιον
1073 3232 1165 3298 Lnsc.
1179 3232 1260 3301 Ald.

206 3357 299 3424 1051.
317 3335 376 3418 δῆτ’
391 3336 551 3420 ἐνοικήσει]
570 3332 673 3414 δήτιν’
690 3334 803 3415 clerica
819 3335 906 3399 Flor.
921 3336 964 3398 A.
980 3353 1031 3399 10.
1047 3350 1097 3420 15.

207 3444 300 3528 1056.
316 3440 482 3523 ἐπεισφριῖ]
509 3436 727 3523 compositum
743 3439 918 3519 ἐπεισφρεῖν
931 3436 963 3501 in
979 3459 1012 3500 re
1026 3435 1118 3502 simili
1132 3436 1263 3506 adhibet

159 3560 264 3611 noster
285 3546 404 3610 Electt.
424 3560 518 3627 1039.
531 3536 621 3605 Ἀλλ’
636 3537 715 3619 ἦλθ,
733 3539 812 3623 ἔχων
832 3565 884 3620 μοι
903 3538 1020 3620 μαινάδ’
1035 3539 1141 3606 έυθεον
1154 3540 1260 3624 κόρην,

157 3647 297 3729 Λέκτροις
317 3645 340 3709 τ’
357 3641 568 3727 ἐπεισέφρησε.
606 3641 725 3709 Confer
742 3641 835 3707 etism
858 3644 956 3709 Herc.
971 3644 1012 3710 F.
1032 3661 1125 3728 1270.
1140 3641 1206 3708 Ἔτ’
1226 3646 1262 3710 ἐν

160 3753 289 3833 γαλαιιτί
308 3747 332 3813 τ’
348 3752 412 3814 ὄντι
433 3746 606 3831 γοργωποὺς
627 3747 712 3829 ὄφεις
731 3742 954 3828 Ἐπεισέφρησε
977 3745 1179 3830 σπαργάνοισι
1199 3752 1262 3816 τοῖς

161 3855 241 3932 ἐμοῖς
254 3851 296 3916 Ἡ
311 3856 363 3915 τοῦ
379 3851 452 3918 Διὸς
465 3848 654 3932 ξιίλλεκτρος.
692 3845 836 3935 Exponit
850 3845 1031 3935 Hesychius
1045 3849 1259 3932 ἐπεισφρήσας·

161 3952 387 4033 ἐπεισενεγκιίν.
413 3964 445 4015 et
468 3947 660 4033 εἰσέφρησεν·
684 3947 855 4032 είσιίγαγεν.
879 3948 1032 4014 ΜΟΝΚ.
1064 3950 1186 4032 ἐκφρεῖν
1210 3972 1259 4015 re·

160 4053 247 4119 stitui
263 4053 377 4118 Phoen.
394 4054 468 4134 264.
485 4075 525 4116 ex
540 4050 712 4118 scholiasta.

208 4158 268 4222 106
268 4173 299 4242 5.
314 4153 478 4244 ᾑρημένον]
493 4151 658 4242 ᾐρτημένον
673 4153 764 4218 Lasc.
794 4154 884 4241 Apte
898 4151 1015 4217 Monk.
1030 4153 1152 4219 confert
1165 4176 1261 4242 supro

160 4285 192 4327 v.
211 4277 303 4346 1057.
338 4257 514 4338 δνασαῦντί
529 4252 694 4335 μαινόσον
707 4257 850 4337 προσθῇς.
895 4254 1050 4343 Ejusdem
1071 4255 1194 4344 generis
1214 4269 1261 4322 ost

159 4364 278 4430 locutio
291 4370 468 4428 currentem
482 4359 628 4438 incitare,
641 4371 671 4422 et
687 4357 754 4423 sirm
778 4359 969 4424 MATTH.
