2864 4914
185 289 250 353 na
472 377 476 387 ⁸
548 289 924 355 annumeronss

227 481 300 548 324.
318 461 355 524 σε
369 481 430 524 om.
448 459 524 524 Ald.
541 475 572 525 et
586 460 705 549 aliquot
720 462 810 526 codd.

229 564 379 649 γονάτων]
399 567 517 648 γούνων
532 565 625 629 Lasc.
640 577 671 630 et
687 567 814 630 Cotton.
853 564 1020 629 Genitivus
1035 563 1170 646 γονάτων
1185 561 1290 650 saepis-

186 666 261 731 sime
275 667 361 754 apud
378 668 511 754 tragicos
532 667 658 753 legitur,
674 667 827 750 γουνάτων
841 667 926 731 haud
949 690 1030 744 raro,
1045 669 1162 749 γούνων
1179 689 1219 729 ne
1241 689 1285 729 se

186 769 247 834 mel
272 769 409 855 quidem.
456 772 570 857 Neque
596 769 731 834 melioris
755 785 839 835 notae
863 769 987 834 videtur
1011 775 1116 852 γοῦνα,
1143 767 1230 854 quod
1256 768 1289 831 in

186 873 317 939 Porsoni
334 872 384 937 ed.
401 873 515 959 legitur
530 873 643 937 Phoen.
659 874 730 938 866.
744 874 775 953 (8
777 873 926 956 59.)-Si
941 879 1035 956 γοῦνα
1050 885 1081 936 et
1096 874 1214 955 γούνων
1229 886 1291 935 tra·

184 976 261 1064 gicis
282 976 314 1040 in
338 998 397 1039 usu
419 975 561 1053 fuissent,
581 975 763 1062 frequenter
787 975 818 1039 in
844 998 950 1040 eorum
975 975 1097 1063 scriptis
1119 986 1289 1048 exstarent,

184 1079 304 1166 quippe
319 1101 394 1165 quae
415 1077 526 1164 pedem
543 1076 731 1164 disyllabum
756 1101 838 1166 saepe
861 1078 1037 1165 praeberent
1060 1077 1112 1142 ubi
1129 1078 1242 1159 γόνατα
1256 1092 1288 1140 et

184 1180 321 1264 γονάτων
345 1180 553 1267 trisyllabum.
598 1182 701 1268 Cujus
726 1180 770 1244 rei
794 1180 920 1245 minime
943 1180 1134 1267 negligentes
1159 1180 1289 1243 fuerunt

186 1284 304 1370 tragici.
329 1284 444 1348 ELM.

227 1405 303 1473 325.
319 1388 435 1469 Λόγους
449 1389 584 1473 ἆναλοῖς]
605 1387 774 1474 Sophocles
788 1388 843 1474 Aj.
859 1407 952 1473 1049.
968 1389 1058 1455 Τίνος
1072 1388 1160 1471 χάριν
1171 1384 1290 1450 τοσόνδ’

184 1489 345 1570 ιἰνήλωσας
366 1493 479 1572 λόγον;
504 1489 734 1578 Aristophanes
757 1492 835 1578 Lys.
857 1492 931 1570 468.
949 1488 995 1553 ’a
1016 1488 1105 1553 πόλλ’
1129 1490 1290 1555 ἀναλύσας

185 1593 250 1674 ἔπη,
264 1596 418 1676 πρόβουλε
433 1597 523 1672 τῆσδε
538 1597 590 1671 τῆς
604 1597 670 1675 γῆς.
694 1594 807 1657 ELM.

227 1715 301 1779 329.
319 1699 406 1763 πόλις
421 1697 458 1759 Β.
474 1695 590 1781 aliique
604 1718 677 1760 cum
694 1697 784 1760 Lasc.
812 1697 892 1760 πολύ
907 1698 949 1758 Α.
966 1711 997 1759 et
1012 1693 1089 1758 Ald.

228 1817 304 1884 330.
327 1804 390 1862 Φεῦ
413 1803 482 1879 φεῦ,
497 1804 618 1879 βροτοῖς
633 1798 738 1880 ἔρωτες
754 1800 793 1866 ὣς
810 1799 901 1862 κακὸν
914 1797 1009 1882 μέγα]
1027 1798 1105 1860 Vide
1119 1796 1204 1860 chori
1224 1818 1290 1859 car·

186 1922 255 1963 men
273 1924 302 1964 v.
318 1902 392 1983 627.
408 1924 493 1986 seqq.
510 1900 569 1963 hoc
583 1915 769 1986 argumento
784 1901 945 1988 scn‘ptum.
970 1900 1085 1964 ELM.

228 2023 302 2088 331.
313 2002 419 2072 Ὅπως
433 2005 482 2083 δν,
497 2004 589 2084 οἶμαι,
605 2006 653 2068 καὶ
667 2010 862 2085 παραστῶσιν
876 2005 976 2086 τύχαι]
1003 2005 1081 2066 Haec
1097 2000 1190 2066 rerba
1207 2016 1291 2064 recte

184 2106 319 2194 explicat
331 2106 520 2184 scholiastes,
532 2130 625 2194 quem
637 2121 813 2192 sequuntur
824 2106 1008 2191 interpretes
1021 2105 1138 2170 Latini.
1164 2105 1290 2169 Bacha-

185 2232 303 2274 nanus:
327 2210 475 2286 Perinde,
490 2211 614 2296 opinor,
629 2232 680 2274 τις
695 2211 744 2274 uti
759 2231 824 2274 reae
838 2211 935 2273 dabit.
971 2207 1145 2272 Particulas
1159 2211 1237 2275 ὅπως
1252 2208 1291 2271 ἂν

184 2312 293 2377 eodem
310 2335 401 2376 sensu
425 2327 557 2399 usurpat
579 2328 682 2376 noster
697 2314 777 2376 Tro.
798 2331 890 2397 1052.
929 2311 1073 2375 Hecuba
1088 2310 1212 2387 dicenti,
1225 2312 1291 2374 Οῦκ

185 2414 247 2480 ἕατ’
264 2415 389 2498 ἐραστὴς
407 2416 490 2481 ὅστις
511 2415 563 2479 οῦκ
586 2416 632 2479 ἀεὶ
646 2422 744 2497 φιλεῖ,
761 2415 927 2502 respondet
943 2413 1121 2491 Menelaus,
1132 2413 1237 2480 Ὅπως
1251 2413 1291 2476 άν

186 2518 260 2604 ἐκβῇ
274 2523 333 2580 τῶν
350 2515 505 2598 ἐρωμένων
520 2518 536 2579 ό
553 2521 630 2583 νοῦς.
656 2517 771 2579 ELM.

227 2638 301 2704 332.
325 2623 395 2693 Ζεῦ,
410 2619 451 2697 μὴ
472 2617 562 2682 λάθοι
583 2644 621 2682 σε
642 2618 725 2684 τῶνδ’
743 2619 776 2686 δς
791 2623 883 2688 αἴτιος
905 2623 1016 2708 κακῶν]
1041 2622 1137 2683 Rom.
1155 2621 1193 2682 C.
1210 2618 1290 2703 λάθῃ

186 2744 281 2807 supra
303 2721 419 2807 scripto
442 2746 480 2784 οι.
526 2720 696 2808 Sophocles
719 2722 799 2787 (Ed.
823 2725 866 2787 Τ.
885 2743 960 2807 903.
985 2722 1054 2788 ἀλλ’
1079 2722 1102 2786 ὦ
1127 2723 1287 2802 κρατύνων,

187 2826 269 2904 εἴπερ
284 2823 345 2904 ὄρθ’
361 2824 486 2900 ἀκούεις,
507 2834 513 2898 Ι
533 2830 591 2888 Ζεῦ
608 2823 691 2888 πάντ’
708 2825 863 2901 ἀνάσσων,
880 2828 919 2907 μὴ
939 2827 1017 2906 λάθῃ
1036 2825 1042 2912 Ι
1062 2828 1097 2889 σὲ
1113 2825 1214 2889 τόντε
1230 2826 1291 2887 σδν

186 2926 336 2990 ἀθάνατον
351 2928 416 2990 αἰὲν
430 2926 536 3009 ἀρχάν.
574 2927 638 2991 Hic
654 2927 724 2992 libri
738 2928 880 2992 nonnulli
894 2930 994 2994 λάθοι.
1033 2930 1217 3013 Utrumque
1233 2926 1288 2991 bo·

185 3051 273 3107 num,
290 3042 326 3091 nt
339 3029 476 3110 γενέσθω
491 3047 522 3094 et
537 3030 666 3112 γένοιτο.
712 3031 897 3119 Optativum
919 3031 1005 3119 apud
1028 3029 1214 3117 Euripidem
1233 3052 1288 3115 ag·

187 3133 285 3196 noscit
301 3131 489 3197 Plutarchus
513 3134 614 3198 Bruto
629 3157 660 3220 p.
680 3136 760 3198 1008
777 3136 814 3198 B.
834 3135 906 3199 item
923 3135 1100 3198 Athenaeus
1122 3157 1152 3218 p.
1173 3136 1232 3218 156
1250 3135 1288 3196 F.

187 3235 251 3299 εἶτα
261 3235 354 3301 πάλιν
369 3238 461 3320 φακοὶ
475 3237 726 3322 προσενέχθησαν
746 3237 809 3318 ὄξει
829 3238 1040 3321 βεβρεγμένοι.
1080 3239 1158 3301 καὶὸ
1175 3236 1291 3316 Διιτρέ-

187 3346 245 3421 φης
260 3339 440 3420 δραξάμενος
456 3342 524 3423 ἔφη·
548 3347 617 3419 Ζεῦ,
633 3342 673 3421 μὴ
689 3341 778 3406 λάθοι
793 3369 829 3406 σε
845 3341 926 3407 τῶνδ’
944 3341 977 3409 δς
992 3344 1083 3407 αἴτιος
1101 3346 1214 3422 φακῶν.
1242 3340 1291 3402 καὶ

186 3442 280 3508 άλλος
304 3441 372 3521 ἑξῆς
398 3446 557 3524 ἀνεβόησε·
582 3447 683 3511 Φακός
709 3471 745 3508 σε
771 3447 883 3525 δαίμων
909 3446 956 3509 καὶ
982 3444 1064 3526 φακὴ
1088 3441 1163 3526 τύχη
1185 3442 1289 3521 λάβοι.

188 3543 275 3607 Hinc
297 3545 462 3632 Euripidis
484 3546 637 3610 senarium
659 3546 765 3624 fuisse,
782 3549 870 3612 κακός
885 3573 920 3611 σε
938 3550 1050 3627 δαίμων
1066 3547 1112 3609 καὶ
1128 3546 1201 3624 κακὴ
1215 3544 1291 3626 τύχη

187 3646 291 3727 λάβοι,
308 3647 424 3735 colligit
440 3651 478 3712 P.
496 3649 682 3736 Leopardus
698 3648 866 3713 Emendat.
878 3650 909 3712 6.
927 3667 974 3713 12.
998 3649 1123 3713 ELM.·

229 3767 305 3834 335.
330 3750 475 3835 ὠσθύσει]
502 3751 624 3831 ὠσθήσῃ
644 3753 682 3815 Β.
705 3766 737 3815 et
761 3753 847 3816 Flor.
872 3770 901 3816 2.
947 3752 1035 3815 Libri
1060 3754 1153 3817 ceteri
1179 3752 1289 3831 ὦθήσῃ.

187 3861 209 3891 “
226 3854 342 3917 Noster
367 3853 440 3917 Hel.
456 3874 531 3938 459.
547 3878 566 3917 a
581 3856 722 3918 Porsono
736 3854 906 3940 allegatus:
930 3853 1080 3937 Ὀχληρδς
1098 3855 1156 3921 ἴσθ’
1174 3856 1226 3934 ὢν,
1243 3857 1291 3918 καὶ

186 3953 252 4038 τάχ’
269 3956 400 4035 ὠσθήσει
421 3958 484 4040 βίᾳ.
523 3958 682 4020 Futurum
706 3957 840 4021 activum
858 3957 964 4036 ὠθήσω
988 3973 1023 4020 ut
1045 3959 1158 4036 δοκήσω
1176 3958 1291 4044 legitur

186 4056 273 4145 apud
297 4057 481 4143 Sophoclem
497 4059 554 4145 Aj.
576 4061 666 4137 1248.
689 4059 875 4146 Euripidem
901 4058 988 4144 Cycl.
1003 4059 1078 4144 588.
1102 4058 1290 4142 Aristopha-

189 4183 259 4224 nem
287 4159 373 4224 Eccl.
396 4180 470 4244 300.
518 4161 580 4224 Sed
606 4162 714 4225 ceteris
742 4163 871 4249 paribus
899 4179 1026 4249 praestat
1050 4163 1118 4226 ὥσω
1146 4176 1180 4223 ut
1204 4163 1289 4239 δόξω.

188 4263 310 4328 Eodem
330 4264 403 4350 jure
426 4262 535 4327 melius
557 4280 602 4329 est
626 4266 781 4351 passivum
799 4268 975 4347 ὠσθύσομαι
996 4290 1090 4355 quam
1110 4263 1289 4344 ὧθήσομαι.”

187 4366 302 4430 ELM.

228 4469 303 4554 336.
324 4468 365 4549 μὴ
380 4472 452 4548 δῆτα
469 4472 559 4535 τοῦτό
572 4471 611 4555 γ’,
628 4474 710 4538 άλλά
725 4473 753 4537 σ’
770 4477 915 4554 αἰτοῦμαι,
932 4475 1043 4560 Κρέον]
1070 4473 1121 4553 Μὴ
1137 4477 1209 4552 δῆτα
1225 4472 1289 4537 for-
