2864 4914
158 279 222 341 452
519 275 898 342 ANNOTATIONES

204 466 275 532 209.
298 449 415 529 Χείρων
436 445 635 532 ἑξεπόνασεν]
658 448 758 512 Hom.
783 445 824 511 ΙΙ.
845 451 883 521 Λ,
903 447 977 532 831.
992 443 1058 511 ‘Oa
1080 441 1275 527 (Ἀχιλλέα)

158 551 276 633 Χείρων
291 547 417 628 ἐδίδαξε,
433 551 616 617 δικαιότατος
630 551 817 630 Κενταύρων.
857 548 904 613 Et
917 546 1073 612 Horatius
1087 544 1206 633 Epod.
1223 565 1235 609 ι
1240 564 1276 631 3.

158 653 286 717 Nobilis
307 660 344 716 ut
360 652 485 740 37222όί
503 653 614 716 cecinit
630 653 812 717 Centaurus
825 650 966 730 alumno,
981 662 1040 715 etc.
1088 649 1201 727 Quem
1224 648 1275 712 ἰο-

158 776 230 818 cum
247 753 385 840 Anglieo
399 751 536 841 quodam
556 753 677 818 cantico
691 752 776 817 haud
799 752 946 818 incelebri
959 764 1144 840 expressum
1168 751 1274 817 babe-

158 879 240 921 mus.
286 857 445 921 Ἐκπονεῖν
459 869 563 920 autem
582 855 624 920 ad
638 855 770 920 verbum
792 856 917 921 elaboro
938 869 1038 935 sonat,
1052 854 1197 941 figurate
1220 856 1275 919 ia·

158 969 247 1024 rtruo
261 970 294 1023 et
307 959 428 1022 erudio.
451 959 594 1023 BARN.
640 957 776 1023 Theocr.
795 978 845 1044 13,
868 979 915 1039 ¹4·
937 955 1132 1046 comparavit
1146 955 1275 1021 Jacob-

160 1061 234 1138 sius,
251 1063 289 1129 ὡς
302 1063 379 1148 αὐτῷ
394 1064 469 1126 norb
484 1061 609 1141 daudati
624 1067 694 1130 ταῖς
707 1061 916 1142 πεποναμένος
930 1065 985 1142 εἰη.

204 1182 241 1230 2ι
251 1185 277 1228 1.
292 1164 370 1228 Duo
385 1185 492 1226 versus
505 1162 537 1225 in
552 1161 631 1227 Ald.
646 1184 783 1249 quorum
797 1163 875 1227 alter
889 1185 909 1226 a
923 1164 1032 1245 δρόμον
1046 1159 1170 1248 incipit.

204 1280 278 1350 215.
303 1266 450 1349 ἑλίσσων]
476 1265 542 1328 Pro
562 1267 768 1346 ἑλισσόμενος.
802 1267 947 1330 Musoeua
968 1262 1055 1350 apud
1077 1260 1186 1329 Clem.
1210 1262 1274 1328 ΑΙ.

160 1390 192 1455 p.
208 1371 266 1452 691
287 1370 332 1432 A.
349 1368 505 1449 ἀνθρώπων
519 1368 610 1450 γενεὴ
625 1369 673 1433 καὶ
687 1374 787 1450 φῦλον
802 1369 930 1432 ἑλίσσει.
954 1365 1099 1432 MUSG.
1151 1365 1274 1454 Eurip.

159 1471 217 1534 Or.
235 1489 328 1554 1294.
343 1469 400 1553 οὐχ
411 1469 499 1551 ἕδρας
512 1471 604 1552 ἅγιόν·
624 1469 630 1557 Ι
649 1468 718 1535 ἀλλ’
735 1473 766 1534 αἰ
786 1473 843 1552 μὲν
856 1467 966 1543 ἐνθάδ’,
982 1470 1014 1532 αἰ
1028 1466 1052 1533 δ’
1068 1465 1163 1533 ἑκεῖσ’
1181 1471 1273 1535 ἑλίσ-

160 1597 240 1636 σετε.

204 1674 276 1739 216.
293 1672 409 1758 ἐβοᾶτ’]
429 1673 631 1738 scribebatur
643 1674 739 1755 βοᾶτ’.

204 1775 277 1841 218.
294 1776 414 1859 ἰδόμαν]
434 1774 636 1840 scribebatur
650 1778 781 1858 εἰδόμαν.

205 1895 277 1961 229.
292 1878 442 1956 στομίοισι
456 1891 611 1942 corrector
626 1876 765 1944 Aldinus
784 1879 901 1967 posuit,
916 1893 953 1943 ut
968 1899 1074 1943 versus
1088 1892 1176 1944 esset
1195 1878 1279 1946 hen·

160 1977 385 2065 decasyllabua.
411 1977 544 2043 Codices
558 1981 701 2061 στομίοις,
713 1980 801 2066 quod
815 1979 1042 2046 restituendum
1054 2002 1133 2059 esse,
1146 1983 1281 2053 πόλους

160 2081 193 2145 in
209 2103 331 2146 versum
348 2079 527 2168 proximum
543 2081 704 2160 translato,
719 2081 938 2149 animadvertit
953 2083 1177 2149 Hermannus.

206 2203 280 2270 223.
296 2183 508 2266 σειροφόρους]
525 2183 727 2250 Scribebatur
741 2186 949 2268 σειροφόρους.

206 2304 278 2365 224.
295 2285 456 2373 καμπαῖσι]
473 2290 601 2365 καμπαῖς
614 2286 701 2351 Flor.
719 2306 745 2352 t.

206 2390 280 2454 226.
295 2385 560 2468 ποικιλοδέρμονας
576 2388 621 2452 Η.
640 2387 829 2475 Stephanus.
851 2387 1138 2472 ποικιλλοδόρμονος
1151 2387 1247 2458 libri.

207 2509 278 2575 229.
295 2489 461 2572 Πηλείδος]
480 2488 632 2568 Πηλεΐδας
646 2487 815 2554 Elmsleius
828 2489 925 2555 nimia
939 2488 1111 2577 diligentia.

207 2594 331 2656 ὅπλοισι
346 2592 386 2655 L.
403 2589 597 2655 Dindorfius.
622 2593 726 2660 ὅπλοις
740 2591 821 2657 iibri.

206 2693 290 2778 παρ’]
309 2692 354 2758 ἐπ’
371 2695 446 2757 Par.
464 2695 508 2757 A.

208 2814 389 2882 231-362.
406 2796 523 2859 Versus
539 2795 594 2858 hos
609 2795 732 2881 spurios
747 2798 814 2883 jam
833 2796 875 2861 ab
890 2798 1077 2860 Hermanno
1090 2819 1159 2861 ease
1183 2814 1280 2866 nota⁴

165 2911 214 2963 tos
228 2894 475 2983 supradiximus
489 2894 530 2959 ad
547 2919 576 2960 v.
593 2899 662 2976 164.

209 3018 282 3084 233.
298 2997 482 3082 γυναικεῖον]
501 2997 703 3063 Scribebatur
717 3003 898 3081 γυναικείαν.
925 3001 1071 3065 Correxit
1085 3002 1280 3071 Boeekbius

165 3102 196 3166 in
212 3101 292 3166 libro
307 3100 347 3165 de
361 3100 468 3165 metris
482 3099 621 3165 Pindari.

210 3225 284 3291 234.
306 3207 442 3286 μείλινον
457 3204 580 3288 ἅδονόν]
609 3203 648 3267 Id
665 3218 711 3267 est
727 3203 755 3281 δ,
770 3204 803 3267 τδ
819 3204 934 3284 πλῆσαι
949 3206 1067 3284 ὄμματα
1089 3205 1153 3290 uta,
1170 3210 1276 3286 μείλι-

167 3335 217 3376 νος
232 3308 323 3372 trava
341 3310 414 3381 ἐστι,
432 3320 467 3370 ut
485 3307 550 3391 jam
574 3305 693 3392 accepit
714 3303 883 3369 Elmsleius
905 3305 944 3370 ad
968 3308 1065 3371 Here.
1081 3306 1144 3372 fur.
1157 3326 1218 3393 59.
1239 3309 1276 3374 in

166 3411 265 3475 diario
279 3409 405 3474 classico
421 3410 495 3472 fasc.
516 3423 563 3492 15.
587 3430 617 3493 p.
636 3422 706 3489 207.
730 3409 868 3491 μείλιχον
889 3407 1021 3495 conjecit
1042 3408 1275 3478 Marklandus.

167 3513 358 3578 MATTH.
404 3510 629 3575 Accusativum
653 3523 736 3573 recte
757 3509 981 3596 interpretatur
998 3510 1188 3577 Elmsieius:
1215 3515 1277 3581 sed

166 3629 349 3703 corruptum
366 3628 412 3677 est
426 3616 572 3691 μείλινον,
586 3611 677 3695 cujus
690 3609 777 3675 nulia
791 3609 868 3674 dum
891 3610 1019 3677 inventa
1032 3630 1080 3677 est
1096 3613 1278 3701 probabilis

166 3716 354 3781 emendatio.

212 3838 283 3903 235.
310 3820 386 3882 Duo
407 3839 515 3880 versus
536 3816 567 3878 in
591 3815 670 3880 Aid.
693 3839 827 3902 quorum
851 3815 937 3902 prior
956 3819 1005 3881 καὶ
1029 3817 1116 3899 κόρας
1135 3820 1195 3898 μὲν
1220 3821 1275 3902 ἦν.

167 3921 341 4009 eodemque
355 3917 450 3983 modo
464 3917 546 3983 inira
561 3942 589 3980 v.
607 3921 681 3999 246.
698 3921 769 4002 256.
787 3919 858 4002 269.
890 3919 984 3996 Quod
999 3935 1137 4007 praestat.

212 4027 283 4109 236.
301 4018 514 4105 Μυρμιδόνων]
538 4020 714 4091 Probabilis
737 4019 911 4084 Hermanni
928 4035 974 4085 est
988 4023 1167 4108 conjectura
1184 4030 1279 4109 Map-

167 4129 269 4206 μιδδν,
283 4147 378 4213 quam
394 4139 507 4188 certam
525 4122 670 4199 dicerem,
687 4122 711 4186 si
727 4122 892 4210 Euripidis
906 4122 940 4187 hi
956 4147 1063 4188 versus
1077 4140 1189 4190 essent.

213 4248 286 4309 240.
302 4229 378 4310 ἰίκρα
392 4226 562 4290 Piersonus
578 4224 677 4288 VeriS.
692 4249 724 4312 p.
738 4227 788 4292 26.
829 4224 919 4289 Libri
935 4226 1037 4308 όκραν.

213 4350 285 4411 242.
308 4328 474 4411 ἰσήρετμοι]
503 4328 575 4391 Ηοο
599 4326 675 4390 nibil
699 4327 785 4390 aliud
809 4327 962 4414 significat
986 4352 1081 4416 quam
1107 4330 1281 4415 ίσόριθμοι,

168 4431 435 4519 quemadmodum
458 4429 540 4492 infra
562 4453 591 4494 v.
608 4431 679 4495 262.
702 4427 795 4495 τοῖσδ’
811 4432 879 4499 ἴσας
895 4429 983 4497 dixit.
1030 4434 1144 4519 Neque
1165 4435 1281 4505 obstat
