<?xml version="1.0" encoding="UTF-8"?>
<!DOCTYPE html PUBLIC "-//W3C//DTD XHTML 1.0 Transitional//EN"
    "http://www.w3.org/TR/xhtml1/DTD/xhtml1-transitional.dtd">
<html xmlns="http://www.w3.org/1999/xhtml" xml:lang="en" lang="en">
 <head>
  <title>
</title>
<meta http-equiv="Content-Type" content="text/html;charset=utf-8" />
  <meta name='ocr-system' content='tesseract 3.04.00' />
  <meta name='ocr-capabilities' content='ocr_page ocr_carea ocr_par ocr_line ocrx_word'/>
</head>
<body>
  <div class='ocr_page' id='page_1' title='image "./tragoediaesuper01eurigoog_0473.png"; bbox 0 0 2864 4914; ppageno 0'>
   <div class='ocr_carea' id='block_1_1' title="bbox 294 295 1221 369">
    <p class='ocr_par' dir='ltr' id='par_1_1' title="bbox 294 295 1221 369">
     <span class='ocr_line' id='line_1_1' title="bbox 294 295 1221 369; baseline -0.002 -4"><span class='ocrx_word' id='word_1_1' title='bbox 294 301 362 366; x_wconf 85' lang='lat' dir='ltr'><strong>AD</strong></span> <span class='ocrx_word' id='word_1_2' title='bbox 386 300 690 368; x_wconf 85' lang='lat' dir='ltr'>IPHIGENIAM</span> <span class='ocrx_word' id='word_1_3' title='bbox 714 300 1048 369; x_wconf 85' lang='lat' dir='ltr'><strong>AULIDENSEM.</strong></span> <span class='ocrx_word' id='word_1_4' title='bbox 1158 295 1221 364; x_wconf 79' lang='lat'><strong>461</strong></span> 
     </span>
    </p>
   </div>
   <div class='ocr_carea' id='block_1_2' title="bbox 125 468 1227 970">
    <p class='ocr_par' dir='ltr' id='par_1_2' title="bbox 125 468 1227 970">
     <span class='ocr_line' id='line_1_2' title="bbox 126 468 1225 560; baseline 0 -27"><span class='ocrx_word' id='word_1_5' title='bbox 126 493 259 557; x_wconf 87' lang='lat' dir='ltr'><strong>sumque</strong></span> <span class='ocrx_word' id='word_1_6' title='bbox 271 471 415 553; x_wconf 87' lang='lat' dir='ltr'><strong>absolvit,</strong></span> <span class='ocrx_word' id='word_1_7' title='bbox 431 471 455 538; x_wconf 76' lang='grc' dir='ltr'>ὦ</span> <span class='ocrx_word' id='word_1_8' title='bbox 469 473 678 554; x_wconf 74' lang='grc' dir='ltr'>Πανελλήνων</span> <span class='ocrx_word' id='word_1_9' title='bbox 691 475 776 554; x_wconf 72' lang='grc' dir='ltr'>ἄναξ,</span> <span class='ocrx_word' id='word_1_10' title='bbox 790 472 824 537; x_wconf 92' lang='lat' dir='ltr'><strong>id</strong></span> <span class='ocrx_word' id='word_1_11' title='bbox 839 472 926 560; x_wconf 92' lang='lat' dir='ltr'><strong>quod</strong></span> <span class='ocrx_word' id='word_1_12' title='bbox 940 471 1118 538; x_wconf 89' lang='lat' dir='ltr'><strong>inauditum</strong></span> <span class='ocrx_word' id='word_1_13' title='bbox 1133 484 1181 536; x_wconf 89' lang='lat' dir='ltr'><strong>est</strong></span> <span class='ocrx_word' id='word_1_14' title='bbox 1190 468 1225 534; x_wconf 89' lang='lat' dir='ltr'><strong>in</strong></span> 
     </span>
     <span class='ocr_line' id='line_1_3' title="bbox 125 572 1227 660; baseline 0 -24"><span class='ocrx_word' id='word_1_15' title='bbox 125 573 277 660; x_wconf 83' lang='lat' dir='ltr'><strong>tragoedia</strong></span> <span class='ocrx_word' id='word_1_16' title='bbox 291 589 444 640; x_wconf 89' lang='lat' dir='ltr'><strong>veterum.</strong></span> <span class='ocrx_word' id='word_1_17' title='bbox 489 576 571 640; x_wconf 91' lang='lat' dir='ltr'><strong>Inde</strong></span> <span class='ocrx_word' id='word_1_18' title='bbox 588 575 673 640; x_wconf 88' lang='lat' dir='ltr'><strong>venit</strong></span> <span class='ocrx_word' id='word_1_19' title='bbox 694 575 842 641; x_wconf 85' lang='lat' dir='ltr'><strong>inusitata</strong></span> <span class='ocrx_word' id='word_1_20' title='bbox 857 574 944 640; x_wconf 84' lang='lat' dir='ltr'><strong>verbi</strong></span> <span class='ocrx_word' id='word_1_21' title='bbox 965 573 1068 639; x_wconf 82' lang='lat' dir='ltr'><strong>forma</strong></span> <span class='ocrx_word' id='word_1_22' title='bbox 1088 572 1227 656; x_wconf 81' lang='grc' dir='ltr'>προτελί-</span> 
     </span>
     <span class='ocr_line' id='line_1_4' title="bbox 125 674 1226 766; baseline 0.002 -28"><span class='ocrx_word' id='word_1_23' title='bbox 125 684 208 751; x_wconf 75' lang='grc' dir='ltr'>ζουσι</span> <span class='ocrx_word' id='word_1_24' title='bbox 221 699 251 739; x_wconf 90' lang='lat' dir='ltr'><strong>v.</strong></span> <span class='ocrx_word' id='word_1_25' title='bbox 266 696 342 763; x_wconf 82' lang='lat'><strong>433,</strong></span> <span class='ocrx_word' id='word_1_26' title='bbox 362 676 437 742; x_wconf 88' lang='lat' dir='ltr'><strong>inde</strong></span> <span class='ocrx_word' id='word_1_27' title='bbox 457 677 562 742; x_wconf 87' lang='lat' dir='ltr'><strong>omnia</strong></span> <span class='ocrx_word' id='word_1_28' title='bbox 582 677 637 743; x_wconf 86' lang='lat' dir='ltr'><strong>illa</strong></span> <span class='ocrx_word' id='word_1_29' title='bbox 653 700 726 766; x_wconf 86' lang='lat' dir='ltr'><strong>quoe</strong></span> <span class='ocrx_word' id='word_1_30' title='bbox 748 701 845 765; x_wconf 86' lang='lat' dir='ltr'><strong>supra</strong></span> <span class='ocrx_word' id='word_1_31' title='bbox 866 677 989 756; x_wconf 78' lang='lat' dir='ltr'><strong>soloecr,</strong></span> <span class='ocrx_word' id='word_1_32' title='bbox 1008 676 1096 755; x_wconf 81' lang='lat' dir='ltr'><strong>falsa,</strong></span> <span class='ocrx_word' id='word_1_33' title='bbox 1117 674 1226 762; x_wconf 84' lang='lat' dir='ltr'><strong>inepta</strong></span> 
     </span>
     <span class='ocr_line' id='line_1_5' title="bbox 125 775 1226 868; baseline 0.002 -27"><span class='ocrx_word' id='word_1_34' title='bbox 125 775 413 843; x_wconf 87' lang='lat' dir='ltr'><strong>demonstravimus.</strong></span> <span class='ocrx_word' id='word_1_35' title='bbox 444 779 660 844; x_wconf 88' lang='lat' dir='ltr'><strong>Auferendam</strong></span> <span class='ocrx_word' id='word_1_36' title='bbox 676 779 783 868; x_wconf 85' lang='lat' dir='ltr'><strong>itaque</strong></span> <span class='ocrx_word' id='word_1_37' title='bbox 797 780 877 845; x_wconf 84' lang='lat' dir='ltr'><strong>hanc</strong></span> <span class='ocrx_word' id='word_1_38' title='bbox 892 802 1041 845; x_wconf 88' lang='lat' dir='ltr'><strong>unacum</strong></span> <span class='ocrx_word' id='word_1_39' title='bbox 1057 779 1102 844; x_wconf 90' lang='lat' dir='ltr'><strong>eis</strong></span> <span class='ocrx_word' id='word_1_40' title='bbox 1115 799 1226 843; x_wconf 84' lang='lat' dir='ltr'><strong>censeo</strong></span> 
     </span>
     <span class='ocr_line' id='line_1_6' title="bbox 126 881 757 970; baseline 0.005 -26"><span class='ocrx_word' id='word_1_41' title='bbox 126 903 199 966; x_wconf 79' lang='lat' dir='ltr'><strong>quae</strong></span> <span class='ocrx_word' id='word_1_42' title='bbox 212 882 253 947; x_wconf 89' lang='lat' dir='ltr'><strong>ad</strong></span> <span class='ocrx_word' id='word_1_43' title='bbox 269 882 351 946; x_wconf 89' lang='lat' dir='ltr'><strong>illam</strong></span> <span class='ocrx_word' id='word_1_44' title='bbox 367 881 535 970; x_wconf 78' lang='lat' dir='ltr'><strong>respondet</strong></span> <span class='ocrx_word' id='word_1_45' title='bbox 549 882 757 970; x_wconf 80' lang='lat' dir='ltr'><strong>Agamemno,</strong></span> 
     </span>
    </p>
   </div>
   <div class='ocr_carea' id='block_1_3' title="bbox 298 1033 982 1222">
    <p class='ocr_par' dir='ltr' id='par_1_3' title="bbox 298 1033 982 1222">
     <span class='ocr_line' id='line_1_7' title="bbox 298 1033 894 1119; baseline 0 -20"><span class='ocrx_word' id='word_1_46' title='bbox 298 1034 429 1116; x_wconf 77' lang='grc' dir='ltr'>ἔπῄνεσ’·</span> <span class='ocrx_word' id='word_1_47' title='bbox 453 1037 535 1100; x_wconf 69' lang='grc' dir='ltr'>ἄλλα</span> <span class='ocrx_word' id='word_1_48' title='bbox 548 1041 652 1119; x_wconf 80' lang='grc' dir='ltr'>στεῖχε</span> <span class='ocrx_word' id='word_1_49' title='bbox 666 1033 808 1116; x_wconf 71' lang='grc' dir='ltr'>δωμάτων</span> <span class='ocrx_word' id='word_1_50' title='bbox 822 1035 894 1099; x_wconf 73' lang='grc' dir='ltr'>ἔσω.</span> 
     </span>
     <span class='ocr_line' id='line_1_8' title="bbox 298 1135 982 1222; baseline 0.001 -21"><span class='ocrx_word' id='word_1_51' title='bbox 298 1140 335 1201; x_wconf 75' lang='grc' dir='ltr'>τὰ</span> <span class='ocrx_word' id='word_1_52' title='bbox 350 1135 374 1202; x_wconf 92' lang='grc' dir='ltr'><strong>δ’</strong></span> <span class='ocrx_word' id='word_1_53' title='bbox 390 1136 459 1202; x_wconf 69' lang='grc' dir='ltr'>ἀλλ’</span> <span class='ocrx_word' id='word_1_54' title='bbox 475 1138 575 1218; x_wconf 76' lang='grc' dir='ltr'>ἰούσης</span> <span class='ocrx_word' id='word_1_55' title='bbox 588 1139 639 1217; x_wconf 80' lang='grc' dir='ltr'>τῆς</span> <span class='ocrx_word' id='word_1_56' title='bbox 652 1137 742 1222; x_wconf 74' lang='grc' dir='ltr'>τύχης</span> <span class='ocrx_word' id='word_1_57' title='bbox 757 1136 843 1202; x_wconf 75' lang='grc' dir='ltr'>ἔσται</span> <span class='ocrx_word' id='word_1_58' title='bbox 858 1137 982 1210; x_wconf 72' lang='grc' dir='ltr'><strong>καλῶς..</strong></span> 
     </span>
    </p>
   </div>
   <div class='ocr_carea' id='block_1_4' title="bbox 127 1284 1233 4553">
    <p class='ocr_par' dir='ltr' id='par_1_4' title="bbox 127 1284 1229 2298">
     <span class='ocr_line' id='line_1_9' title="bbox 127 1284 1226 1378; baseline -0.001 -27"><span class='ocrx_word' id='word_1_59' title='bbox 127 1302 241 1374; x_wconf 87' lang='lat' dir='ltr'><strong>praeter</strong></span> <span class='ocrx_word' id='word_1_60' title='bbox 263 1311 380 1354; x_wconf 91' lang='lat' dir='ltr'><strong>morem</strong></span> <span class='ocrx_word' id='word_1_61' title='bbox 406 1289 458 1355; x_wconf 90' lang='lat' dir='ltr'><strong>ille</strong></span> <span class='ocrx_word' id='word_1_62' title='bbox 477 1313 551 1356; x_wconf 89' lang='lat' dir='ltr'><strong>sane</strong></span> <span class='ocrx_word' id='word_1_63' title='bbox 576 1290 775 1378; x_wconf 78' lang='lat' dir='ltr'>tragicorum,</span> <span class='ocrx_word' id='word_1_64' title='bbox 795 1289 881 1377; x_wconf 87' lang='lat' dir='ltr'><strong>apud</strong></span> <span class='ocrx_word' id='word_1_65' title='bbox 904 1311 984 1377; x_wconf 88' lang='lat' dir='ltr'><strong>quos</strong></span> <span class='ocrx_word' id='word_1_66' title='bbox 1002 1285 1109 1352; x_wconf 91' lang='lat' dir='ltr'><strong>nuncii</strong></span> <span class='ocrx_word' id='word_1_67' title='bbox 1130 1284 1226 1351; x_wconf 90' lang='lat' dir='ltr'><strong>rebus</strong></span> 
     </span>
     <span class='ocr_line' id='line_1_10' title="bbox 127 1390 1229 1479; baseline -0.001 -26"><span class='ocrx_word' id='word_1_68' title='bbox 127 1391 191 1454; x_wconf 88' lang='lat' dir='ltr'><strong>suis</strong></span> <span class='ocrx_word' id='word_1_69' title='bbox 205 1391 354 1477; x_wconf 87' lang='lat' dir='ltr'><strong>expositis</strong></span> <span class='ocrx_word' id='word_1_70' title='bbox 367 1407 478 1479; x_wconf 88' lang='lat' dir='ltr'><strong>sponte</strong></span> <span class='ocrx_word' id='word_1_71' title='bbox 491 1393 577 1458; x_wconf 89' lang='lat' dir='ltr'><strong>abire</strong></span> <span class='ocrx_word' id='word_1_72' title='bbox 591 1391 701 1470; x_wconf 88' lang='lat' dir='ltr'><strong>solent,</strong></span> <span class='ocrx_word' id='word_1_73' title='bbox 716 1413 778 1456; x_wconf 90' lang='lat' dir='ltr'><strong>non</strong></span> <span class='ocrx_word' id='word_1_74' title='bbox 794 1391 878 1479; x_wconf 85' lang='lat' dir='ltr'><strong>abigi</strong></span> <span class='ocrx_word' id='word_1_75' title='bbox 892 1415 911 1456; x_wconf 86' lang='lat' dir='ltr'><strong>e</strong></span> <span class='ocrx_word' id='word_1_76' title='bbox 924 1412 1024 1456; x_wconf 78' lang='lat' dir='ltr'><strong>scena</strong></span> <span class='ocrx_word' id='word_1_77' title='bbox 1069 1390 1229 1453; x_wconf 83' lang='lat' dir='ltr'><strong>Praeteree</strong></span> 
     </span>
     <span class='ocr_line' id='line_1_11' title="bbox 128 1490 1226 1581; baseline -0.002 -25"><span class='ocrx_word' id='word_1_78' title='bbox 128 1491 209 1556; x_wconf 90' lang='lat' dir='ltr'><strong>idem</strong></span> <span class='ocrx_word' id='word_1_79' title='bbox 233 1493 314 1557; x_wconf 86' lang='lat' dir='ltr'><strong>inter</strong></span> <span class='ocrx_word' id='word_1_80' title='bbox 335 1492 392 1558; x_wconf 92' lang='lat' dir='ltr'><strong>hos</strong></span> <span class='ocrx_word' id='word_1_81' title='bbox 415 1516 522 1559; x_wconf 89' lang='lat' dir='ltr'><strong>versus</strong></span> <span class='ocrx_word' id='word_1_82' title='bbox 543 1493 690 1581; x_wconf 88' lang='lat' dir='ltr'><strong>egregius</strong></span> <span class='ocrx_word' id='word_1_83' title='bbox 710 1516 810 1558; x_wconf 85' lang='lat' dir='ltr'><strong>nexus</strong></span> <span class='ocrx_word' id='word_1_84' title='bbox 832 1506 878 1558; x_wconf 88' lang='lat' dir='ltr'><strong>est</strong></span> <span class='ocrx_word' id='word_1_85' title='bbox 897 1515 990 1580; x_wconf 89' lang='lat' dir='ltr'><strong>quem</strong></span> <span class='ocrx_word' id='word_1_86' title='bbox 1014 1505 1172 1579; x_wconf 87' lang='lat' dir='ltr'><strong>postremo</strong></span> <span class='ocrx_word' id='word_1_87' title='bbox 1192 1490 1226 1554; x_wconf 91' lang='lat' dir='ltr'><strong>in</strong></span> 
     </span>
     <span class='ocr_line' id='line_1_12' title="bbox 127 1593 1228 1674; baseline 0 -16"><span class='ocrx_word' id='word_1_88' title='bbox 127 1594 232 1659; x_wconf 90' lang='lat' dir='ltr'><strong>nuncii</strong></span> <span class='ocrx_word' id='word_1_89' title='bbox 248 1596 422 1661; x_wconf 81' lang='lat' dir='ltr'>narratione</span> <span class='ocrx_word' id='word_1_90' title='bbox 436 1597 686 1662; x_wconf 83' lang='lat' dir='ltr'><strong>observavimus:</strong></span> <span class='ocrx_word' id='word_1_91' title='bbox 709 1619 750 1661; x_wconf 90' lang='lat' dir='ltr'><strong>ne</strong></span> <span class='ocrx_word' id='word_1_92' title='bbox 764 1595 864 1661; x_wconf 90' lang='lat' dir='ltr'><strong>dicam</strong></span> <span class='ocrx_word' id='word_1_93' title='bbox 887 1594 965 1660; x_wconf 91' lang='lat' dir='ltr'><strong>illud</strong></span> <span class='ocrx_word' id='word_1_94' title='bbox 985 1596 1086 1673; x_wconf 75' lang='grc' dir='ltr'>ἰούσης</span> <span class='ocrx_word' id='word_1_95' title='bbox 1105 1596 1157 1674; x_wconf 76' lang='grc' dir='ltr'>τῆς</span> <span class='ocrx_word' id='word_1_96' title='bbox 1177 1593 1228 1658; x_wconf 79' lang='grc' dir='ltr'>τύ-</span> 
     </span>
     <span class='ocr_line' id='line_1_13' title="bbox 127 1696 1227 1785; baseline -0.004 -21"><span class='ocrx_word' id='word_1_97' title='bbox 127 1722 183 1779; x_wconf 88' lang='grc' dir='ltr'><strong>χης</strong></span> <span class='ocrx_word' id='word_1_98' title='bbox 203 1696 291 1761; x_wconf 89' lang='lat' dir='ltr'><strong>nihili</strong></span> <span class='ocrx_word' id='word_1_99' title='bbox 307 1721 372 1763; x_wconf 88' lang='lat' dir='ltr'><strong>esse</strong></span> <span class='ocrx_word' id='word_1_100' title='bbox 389 1713 420 1763; x_wconf 88' lang='lat' dir='ltr'><strong>et</strong></span> <span class='ocrx_word' id='word_1_101' title='bbox 435 1699 550 1764; x_wconf 87' lang='lat' dir='ltr'><strong>nemini</strong></span> <span class='ocrx_word' id='word_1_102' title='bbox 565 1714 705 1764; x_wconf 86' lang='lat' dir='ltr'><strong>veterum</strong></span> <span class='ocrx_word' id='word_1_103' title='bbox 728 1699 771 1764; x_wconf 90' lang='lat' dir='ltr'><strong>sic</strong></span> <span class='ocrx_word' id='word_1_104' title='bbox 791 1697 911 1762; x_wconf 90' lang='lat' dir='ltr'><strong>dictum</strong></span> <span class='ocrx_word' id='word_1_105' title='bbox 933 1696 1227 1785; x_wconf 80' lang='lat' dir='ltr'><strong>profanentefor-</strong></span> 
     </span>
     <span class='ocr_line' id='line_1_14' title="bbox 127 1797 1228 1890; baseline 0 -28"><span class='ocrx_word' id='word_1_106' title='bbox 127 1807 217 1863; x_wconf 81' lang='lat' dir='ltr'><strong>tuna.</strong></span> <span class='ocrx_word' id='word_1_107' title='bbox 252 1799 345 1865; x_wconf 86' lang='lat' dir='ltr'><strong>Adeo</strong></span> <span class='ocrx_word' id='word_1_108' title='bbox 360 1799 497 1866; x_wconf 87' lang='lat' dir='ltr'><strong>larvatus</strong></span> <span class='ocrx_word' id='word_1_109' title='bbox 512 1802 682 1890; x_wconf 83' lang='lat' dir='ltr'>Euripides</span> <span class='ocrx_word' id='word_1_110' title='bbox 692 1801 744 1866; x_wconf 91' lang='lat' dir='ltr'><strong>hic</strong></span> <span class='ocrx_word' id='word_1_111' title='bbox 757 1823 797 1866; x_wconf 87' lang='lat' dir='ltr'><strong>ne</strong></span> <span class='ocrx_word' id='word_1_112' title='bbox 811 1823 867 1888; x_wconf 91' lang='lat' dir='ltr'><strong>per</strong></span> <span class='ocrx_word' id='word_1_113' title='bbox 881 1800 962 1865; x_wconf 89' lang='lat' dir='ltr'><strong>duos</strong></span> <span class='ocrx_word' id='word_1_114' title='bbox 975 1797 1102 1887; x_wconf 88' lang='lat' dir='ltr'><strong>quidem</strong></span> <span class='ocrx_word' id='word_1_115' title='bbox 1119 1820 1228 1862; x_wconf 85' lang='lat' dir='ltr'><strong>versus</strong></span> 
     </span>
     <span class='ocr_line' id='line_1_15' title="bbox 128 1901 1225 1992; baseline -0.002 -26"><span class='ocrx_word' id='word_1_116' title='bbox 128 1924 291 1988; x_wconf 85' lang='lat' dir='ltr'><strong>personam</strong></span> <span class='ocrx_word' id='word_1_117' title='bbox 307 1926 402 1989; x_wconf 90' lang='lat' dir='ltr'><strong>quam</strong></span> <span class='ocrx_word' id='word_1_118' title='bbox 417 1903 520 1969; x_wconf 89' lang='lat' dir='ltr'><strong>induit</strong></span> <span class='ocrx_word' id='word_1_119' title='bbox 536 1904 629 1970; x_wconf 89' lang='lat' dir='ltr'><strong>tutari</strong></span> <span class='ocrx_word' id='word_1_120' title='bbox 645 1905 778 1992; x_wconf 82' lang='lat' dir='ltr'><strong>potest.&#39;&#39;</strong></span> <span class='ocrx_word' id='word_1_121' title='bbox 822 1904 972 1968; x_wconf 87' lang='lat' dir='ltr'><strong>Ceterum</strong></span> <span class='ocrx_word' id='word_1_122' title='bbox 987 1901 1040 1966; x_wconf 82' lang='lat' dir='ltr'><strong>rix</strong></span> <span class='ocrx_word' id='word_1_123' title='bbox 1054 1923 1137 1988; x_wconf 90' lang='lat' dir='ltr'><strong>opus</strong></span> <span class='ocrx_word' id='word_1_124' title='bbox 1158 1922 1225 1964; x_wconf 92' lang='lat' dir='ltr'><strong>mo·</strong></span> 
     </span>
     <span class='ocr_line' id='line_1_16' title="bbox 128 2004 1224 2095; baseline 0 -26"><span class='ocrx_word' id='word_1_125' title='bbox 128 2006 195 2069; x_wconf 90' lang='lat' dir='ltr'><strong>neri</strong></span> <span class='ocrx_word' id='word_1_126' title='bbox 212 2007 315 2071; x_wconf 90' lang='lat' dir='ltr'><strong>nuntii</strong></span> <span class='ocrx_word' id='word_1_127' title='bbox 336 2007 394 2072; x_wconf 92' lang='lat' dir='ltr'><strong>hos</strong></span> <span class='ocrx_word' id='word_1_128' title='bbox 409 2031 515 2073; x_wconf 88' lang='lat' dir='ltr'><strong>versus</strong></span> <span class='ocrx_word' id='word_1_129' title='bbox 528 2007 570 2073; x_wconf 89' lang='lat' dir='ltr'><strong>ab</strong></span> <span class='ocrx_word' id='word_1_130' title='bbox 584 2008 710 2073; x_wconf 87' lang='lat' dir='ltr'><strong>homine</strong></span> <span class='ocrx_word' id='word_1_131' title='bbox 723 2008 853 2095; x_wconf 89' lang='lat' dir='ltr'><strong>scriptos</strong></span> <span class='ocrx_word' id='word_1_132' title='bbox 867 2030 932 2071; x_wconf 88' lang='lat' dir='ltr'><strong>esse</strong></span> <span class='ocrx_word' id='word_1_133' title='bbox 946 2005 1002 2094; x_wconf 89' lang='lat' dir='ltr'><strong>qui</strong></span> <span class='ocrx_word' id='word_1_134' title='bbox 1015 2004 1123 2070; x_wconf 89' lang='lat' dir='ltr'><strong>multis</strong></span> <span class='ocrx_word' id='word_1_135' title='bbox 1136 2027 1224 2069; x_wconf 87' lang='lat' dir='ltr'><strong>secu·</strong></span> 
     </span>
     <span class='ocr_line' id='line_1_17' title="bbox 128 2106 1227 2198; baseline 0.001 -28"><span class='ocrx_word' id='word_1_136' title='bbox 128 2106 167 2172; x_wconf 91' lang='lat' dir='ltr'><strong>lis</strong></span> <span class='ocrx_word' id='word_1_137' title='bbox 189 2108 317 2173; x_wconf 89' lang='lat' dir='ltr'><strong>inferior</strong></span> <span class='ocrx_word' id='word_1_138' title='bbox 335 2110 396 2174; x_wconf 82' lang='lat' dir='ltr'><strong>ruit</strong></span> <span class='ocrx_word' id='word_1_139' title='bbox 415 2110 469 2175; x_wconf 91' lang='lat' dir='ltr'><strong>illo</strong></span> <span class='ocrx_word' id='word_1_140' title='bbox 489 2110 545 2197; x_wconf 91' lang='lat' dir='ltr'><strong>qui</strong></span> <span class='ocrx_word' id='word_1_141' title='bbox 568 2110 734 2198; x_wconf 83' lang='lat' dir='ltr'><strong>prologum</strong></span> <span class='ocrx_word' id='word_1_142' title='bbox 758 2108 935 2196; x_wconf 77' lang='lat' dir='ltr'><strong>composuit</strong></span> <span class='ocrx_word' id='word_1_143' title='bbox 955 2128 1116 2193; x_wconf 74' lang='lat'><em>49-114</em></span> <span class='ocrx_word' id='word_1_144' title='bbox 1136 2129 1227 2194; x_wconf 89' lang='lat' dir='ltr'><strong>paro-</strong></span> 
     </span>
     <span class='ocr_line' id='line_1_18' title="bbox 129 2209 903 2298; baseline 0.003 -25"><span class='ocrx_word' id='word_1_145' title='bbox 129 2210 269 2298; x_wconf 90' lang='lat' dir='ltr'><strong>dumque</strong></span> <span class='ocrx_word' id='word_1_146' title='bbox 283 2211 369 2276; x_wconf 87' lang='lat' dir='ltr'><strong>chori</strong></span> <span class='ocrx_word' id='word_1_147' title='bbox 383 2212 603 2277; x_wconf 84' lang='lat' dir='ltr'><strong>additamentis</strong></span> <span class='ocrx_word' id='word_1_148' title='bbox 617 2212 681 2277; x_wconf 91' lang='lat' dir='ltr'><strong>suis</strong></span> <span class='ocrx_word' id='word_1_149' title='bbox 694 2209 903 2298; x_wconf 83' lang='lat' dir='ltr'><strong>amplificavit.</strong></span> 
     </span>
    </p>

    <p class='ocr_par' dir='ltr' id='par_1_5' title="bbox 129 2308 1228 2706">
     <span class='ocr_line' id='line_1_19' title="bbox 172 2308 1227 2397; baseline -0.003 -21"><span class='ocrx_word' id='word_1_150' title='bbox 172 2314 246 2390; x_wconf 89' lang='lat'>416.</span> <span class='ocrx_word' id='word_1_151' title='bbox 262 2313 415 2395; x_wconf 77' lang='grc' dir='ltr'>ὠνόμαξας</span> <span class='ocrx_word' id='word_1_152' title='bbox 429 2313 558 2379; x_wconf 89' lang='lat' dir='ltr'><strong>codices.</strong></span> <span class='ocrx_word' id='word_1_153' title='bbox 581 2315 738 2395; x_wconf 79' lang='grc' dir='ltr'>ὠνόμασας</span> <span class='ocrx_word' id='word_1_154' title='bbox 750 2311 814 2378; x_wconf 86' lang='grc' dir='ltr'>τότ’</span> <span class='ocrx_word' id='word_1_155' title='bbox 827 2309 904 2376; x_wconf 89' lang='lat' dir='ltr'><strong>Ald.</strong></span> <span class='ocrx_word' id='word_1_156' title='bbox 921 2308 1007 2397; x_wconf 90' lang='lat' dir='ltr'><strong>quod</strong></span> <span class='ocrx_word' id='word_1_157' title='bbox 1022 2332 1041 2373; x_wconf 90' lang='lat' dir='ltr'><strong>a</strong></span> <span class='ocrx_word' id='word_1_158' title='bbox 1055 2322 1227 2374; x_wconf 85' lang='lat' dir='ltr'><strong>correctore</strong></span> 
     </span>
     <span class='ocr_line' id='line_1_20' title="bbox 130 2411 1228 2504; baseline 0.002 -28"><span class='ocrx_word' id='word_1_159' title='bbox 130 2412 251 2478; x_wconf 87' lang='lat' dir='ltr'><strong>Aldino</strong></span> <span class='ocrx_word' id='word_1_160' title='bbox 273 2415 409 2501; x_wconf 91' lang='lat' dir='ltr'><strong>positum</strong></span> <span class='ocrx_word' id='word_1_161' title='bbox 435 2431 491 2496; x_wconf 89' lang='lat' dir='ltr'><strong>est,</strong></span> <span class='ocrx_word' id='word_1_162' title='bbox 514 2439 609 2504; x_wconf 89' lang='lat' dir='ltr'><strong>quem</strong></span> <span class='ocrx_word' id='word_1_163' title='bbox 632 2416 734 2481; x_wconf 81' lang='lat' dir='ltr'><strong>forma</strong></span> <span class='ocrx_word' id='word_1_164' title='bbox 762 2413 917 2496; x_wconf 79' lang='grc' dir='ltr'>ὦνόμαξας</span> <span class='ocrx_word' id='word_1_165' title='bbox 939 2411 1127 2491; x_wconf 86' lang='lat' dir='ltr'><strong>offendisset,</strong></span> <span class='ocrx_word' id='word_1_166' title='bbox 1153 2434 1228 2500; x_wconf 82' lang='lat' dir='ltr'><strong>quse</strong></span> 
     </span>
     <span class='ocr_line' id='line_1_21' title="bbox 130 2513 1226 2607; baseline 0 -29"><span class='ocrx_word' id='word_1_167' title='bbox 130 2514 206 2579; x_wconf 91' lang='lat' dir='ltr'><strong>nihil</strong></span> <span class='ocrx_word' id='word_1_168' title='bbox 223 2515 425 2583; x_wconf 85' lang='lat' dir='ltr'><strong>dubitationis</strong></span> <span class='ocrx_word' id='word_1_169' title='bbox 439 2518 573 2585; x_wconf 89' lang='lat' dir='ltr'><strong>babetin</strong></span> <span class='ocrx_word' id='word_1_170' title='bbox 588 2519 738 2607; x_wconf 87' lang='lat' dir='ltr'><strong>scriptore</strong></span> <span class='ocrx_word' id='word_1_171' title='bbox 751 2516 868 2583; x_wconf 84' lang='lat' dir='ltr'><strong>inlimre</strong></span> <span class='ocrx_word' id='word_1_172' title='bbox 881 2515 994 2582; x_wconf 83' lang='lat' dir='ltr'><strong>aetatis.</strong></span> <span class='ocrx_word' id='word_1_173' title='bbox 1030 2513 1226 2580; x_wconf 87' lang='lat' dir='ltr'><strong>Addendum</strong></span> 
     </span>
     <span class='ocr_line' id='line_1_22' title="bbox 129 2617 1066 2706; baseline 0 -24"><span class='ocrx_word' id='word_1_174' title='bbox 129 2634 234 2683; x_wconf 87' lang='lat' dir='ltr'><strong>autem</strong></span> <span class='ocrx_word' id='word_1_175' title='bbox 249 2619 308 2685; x_wconf 93' lang='lat' dir='ltr'><strong>hoc</strong></span> <span class='ocrx_word' id='word_1_176' title='bbox 322 2635 369 2686; x_wconf 91' lang='lat' dir='ltr'><strong>est</strong></span> <span class='ocrx_word' id='word_1_177' title='bbox 384 2620 465 2686; x_wconf 88' lang='lat' dir='ltr'><strong>vitiis</strong></span> <span class='ocrx_word' id='word_1_178' title='bbox 479 2620 520 2687; x_wconf 90' lang='lat' dir='ltr'><strong>ab</strong></span> <span class='ocrx_word' id='word_1_179' title='bbox 536 2623 575 2687; x_wconf 94' lang='lat' dir='ltr'><strong>L.</strong></span> <span class='ocrx_word' id='word_1_180' title='bbox 589 2620 756 2686; x_wconf 87' lang='lat' dir='ltr'><strong>Dindorlio</strong></span> <span class='ocrx_word' id='word_1_181' title='bbox 769 2643 864 2706; x_wconf 87' lang='lat' dir='ltr'><strong>supra</strong></span> <span class='ocrx_word' id='word_1_182' title='bbox 878 2617 1066 2683; x_wconf 84' lang='lat' dir='ltr'><strong>memoratis·</strong></span> 
     </span>
    </p>

    <p class='ocr_par' dir='ltr' id='par_1_6' title="bbox 130 2715 1229 3113">
     <span class='ocr_line' id='line_1_23' title="bbox 172 2715 1229 2808; baseline -0.003 -24"><span class='ocrx_word' id='word_1_183' title='bbox 172 2740 247 2805; x_wconf 83' lang='lat'>417.</span> <span class='ocrx_word' id='word_1_184' title='bbox 278 2727 333 2803; x_wconf 84' lang='grc' dir='ltr'>σῆς</span> <span class='ocrx_word' id='word_1_185' title='bbox 358 2723 621 2807; x_wconf 68' lang='grc' dir='ltr'>Κλυταιμνήστρας</span> <span class='ocrx_word' id='word_1_186' title='bbox 646 2721 753 2808; x_wconf 80' lang='grc' dir='ltr'>δέμας]</span> <span class='ocrx_word' id='word_1_187' title='bbox 783 2721 848 2786; x_wconf 84' lang='grc' dir='ltr'><strong>Ηία</strong></span> <span class='ocrx_word' id='word_1_188' title='bbox 876 2742 1062 2808; x_wconf 81' lang='lat' dir='ltr'><strong>quoquere</strong></span> <span class='ocrx_word' id='word_1_189' title='bbox 1089 2715 1229 2806; x_wconf 87' lang='lat' dir='ltr'><strong>prodidit</strong></span> 
     </span>
     <span class='ocr_line' id='line_1_24' title="bbox 132 2819 1229 2914; baseline -0.002 -28"><span class='ocrx_word' id='word_1_190' title='bbox 132 2823 242 2888; x_wconf 90' lang='lat' dir='ltr'><strong>horum</strong></span> <span class='ocrx_word' id='word_1_191' title='bbox 267 2848 414 2891; x_wconf 85' lang='lat' dir='ltr'><strong>versuum</strong></span> <span class='ocrx_word' id='word_1_192' title='bbox 440 2827 580 2914; x_wconf 78' lang='lat' dir='ltr'><strong>scriptor,</strong></span> <span class='ocrx_word' id='word_1_193' title='bbox 604 2826 709 2914; x_wconf 90' lang='lat' dir='ltr'><strong>quisi</strong></span> <span class='ocrx_word' id='word_1_194' title='bbox 737 2824 926 2913; x_wconf 82' lang='lat' dir='ltr'><strong>tragicorum</strong></span> <span class='ocrx_word' id='word_1_195' title='bbox 948 2821 1087 2910; x_wconf 82' lang='lat' dir='ltr'><strong>linguam</strong></span> <span class='ocrx_word' id='word_1_196' title='bbox 1117 2819 1229 2885; x_wconf 87' lang='lat' dir='ltr'><strong>melius</strong></span> 
     </span>
     <span class='ocr_line' id='line_1_25' title="bbox 130 2922 1229 3011; baseline 0 -23"><span class='ocrx_word' id='word_1_197' title='bbox 130 2925 285 3010; x_wconf 87' lang='lat' dir='ltr'><strong>cognitam</strong></span> <span class='ocrx_word' id='word_1_198' title='bbox 315 2928 485 3009; x_wconf 81' lang='lat' dir='ltr'><strong>habuisset,</strong></span> <span class='ocrx_word' id='word_1_199' title='bbox 510 2930 550 3010; x_wconf 74' lang='grc' dir='ltr'>σὴ</span> <span class='ocrx_word' id='word_1_200' title='bbox 580 2927 828 3011; x_wconf 60' lang='grc' dir='ltr'>Κλυταιμήστρα</span> <span class='ocrx_word' id='word_1_201' title='bbox 856 2926 952 3009; x_wconf 79' lang='grc' dir='ltr'>δάμαρ</span> <span class='ocrx_word' id='word_1_202' title='bbox 976 2923 1116 3005; x_wconf 81' lang='lat' dir='ltr'><strong>dixisset,</strong></span> <span class='ocrx_word' id='word_1_203' title='bbox 1141 2922 1229 3010; x_wconf 90' lang='lat' dir='ltr'><strong>quod</strong></span> 
     </span>
     <span class='ocr_line' id='line_1_26' title="bbox 130 3027 454 3113; baseline 0.019 -24"><span class='ocrx_word' id='word_1_204' title='bbox 130 3027 262 3113; x_wconf 89' lang='lat' dir='ltr'><strong>conjecit</strong></span> <span class='ocrx_word' id='word_1_205' title='bbox 278 3029 454 3095; x_wconf 86' lang='lat' dir='ltr'><strong>Elmsleius.</strong></span> 
     </span>
    </p>

    <p class='ocr_par' dir='ltr' id='par_1_7' title="bbox 131 3122 1231 3318">
     <span class='ocr_line' id='line_1_27' title="bbox 174 3122 1231 3217; baseline -0.002 -27"><span class='ocrx_word' id='word_1_206' title='bbox 174 3128 249 3208; x_wconf 91' lang='lat'>418.</span> <span class='ocrx_word' id='word_1_207' title='bbox 272 3130 350 3194; x_wconf 83' lang='grc' dir='ltr'>ὥστε</span> <span class='ocrx_word' id='word_1_208' title='bbox 371 3132 527 3213; x_wconf 78' lang='grc' dir='ltr'>τερφθείης</span> <span class='ocrx_word' id='word_1_209' title='bbox 542 3132 623 3217; x_wconf 77' lang='grc' dir='ltr'>ἰδών]</span> <span class='ocrx_word' id='word_1_210' title='bbox 649 3133 756 3195; x_wconf 89' lang='lat' dir='ltr'><strong>Metro</strong></span> <span class='ocrx_word' id='word_1_211' title='bbox 770 3142 895 3195; x_wconf 89' lang='lat' dir='ltr'><strong>coactus</strong></span> <span class='ocrx_word' id='word_1_212' title='bbox 911 3127 1015 3193; x_wconf 89' lang='lat' dir='ltr'><strong>omisit</strong></span> <span class='ocrx_word' id='word_1_213' title='bbox 1036 3127 1075 3192; x_wconf 86' lang='grc' dir='ltr'><strong>δν</strong></span> <span class='ocrx_word' id='word_1_214' title='bbox 1093 3122 1231 3212; x_wconf 89' lang='lat' dir='ltr'><strong>particu-</strong></span> 
     </span>
     <span class='ocr_line' id='line_1_28' title="bbox 131 3227 828 3318; baseline 0.009 -27"><span class='ocrx_word' id='word_1_215' title='bbox 131 3227 212 3292; x_wconf 82' lang='lat' dir='ltr'><strong>lam:</strong></span> <span class='ocrx_word' id='word_1_216' title='bbox 235 3230 276 3294; x_wconf 93' lang='lat' dir='ltr'><strong>de</strong></span> <span class='ocrx_word' id='word_1_217' title='bbox 289 3253 355 3318; x_wconf 94' lang='lat' dir='ltr'><strong>quo</strong></span> <span class='ocrx_word' id='word_1_218' title='bbox 370 3231 444 3296; x_wconf 83' lang='lat' dir='ltr'><strong>vitio</strong></span> <span class='ocrx_word' id='word_1_219' title='bbox 458 3231 577 3297; x_wconf 90' lang='lat' dir='ltr'><strong>dictum</strong></span> <span class='ocrx_word' id='word_1_220' title='bbox 592 3233 693 3298; x_wconf 89' lang='lat' dir='ltr'><strong>estad</strong></span> <span class='ocrx_word' id='word_1_221' title='bbox 708 3255 737 3295; x_wconf 90' lang='lat' dir='ltr'><strong>v.</strong></span> <span class='ocrx_word' id='word_1_222' title='bbox 752 3251 828 3314; x_wconf 86' lang='lat'>414.</span> 
     </span>
    </p>

    <p class='ocr_par' dir='ltr' id='par_1_8' title="bbox 174 3332 1045 3422">
     <span class='ocr_line' id='line_1_29' title="bbox 174 3332 1045 3422; baseline -0.001 -27"><span class='ocrx_word' id='word_1_223' title='bbox 174 3350 249 3412; x_wconf 87' lang='lat'><strong>420.</strong></span> <span class='ocrx_word' id='word_1_224' title='bbox 265 3333 319 3419; x_wconf 82' lang='grc' dir='ltr'><strong>ὡς]</strong></span> <span class='ocrx_word' id='word_1_225' title='bbox 337 3332 557 3399; x_wconf 85' lang='lat' dir='ltr'><strong>Maledictum</strong></span> <span class='ocrx_word' id='word_1_226' title='bbox 572 3357 632 3422; x_wconf 92' lang='lat' dir='ltr'><strong>pro</strong></span> <span class='ocrx_word' id='word_1_227' title='bbox 647 3334 764 3416; x_wconf 75' lang='grc' dir='ltr'>ἕτειδήε</span> <span class='ocrx_word' id='word_1_228' title='bbox 788 3333 852 3399; x_wconf 83' lang='lat' dir='ltr'><strong>vid.</strong></span> <span class='ocrx_word' id='word_1_229' title='bbox 867 3333 907 3398; x_wconf 90' lang='lat' dir='ltr'><strong>ad</strong></span> <span class='ocrx_word' id='word_1_230' title='bbox 923 3356 953 3398; x_wconf 89' lang='lat' dir='ltr'><strong>v.</strong></span> <span class='ocrx_word' id='word_1_231' title='bbox 968 3350 1045 3415; x_wconf 84' lang='lat'>414.</span> 
     </span>
    </p>

    <p class='ocr_par' dir='ltr' id='par_1_9' title="bbox 176 3434 707 3520">
     <span class='ocr_line' id='line_1_30' title="bbox 176 3434 707 3520; baseline 0.006 -21"><span class='ocrx_word' id='word_1_232' title='bbox 176 3452 249 3515; x_wconf 84' lang='lat'>422.</span> <span class='ocrx_word' id='word_1_233' title='bbox 266 3434 290 3499; x_wconf 85' lang='grc' dir='ltr'>τ’</span> <span class='ocrx_word' id='word_1_234' title='bbox 308 3434 525 3501; x_wconf 86' lang='lat' dir='ltr'><strong>Marklandus.</strong></span> <span class='ocrx_word' id='word_1_235' title='bbox 564 3436 653 3502; x_wconf 90' lang='lat' dir='ltr'><strong>Libri</strong></span> <span class='ocrx_word' id='word_1_236' title='bbox 668 3436 707 3520; x_wconf 81' lang='grc' dir='ltr'><strong>γ’.</strong></span> 
     </span>
    </p>

    <p class='ocr_par' dir='ltr' id='par_1_10' title="bbox 174 3537 584 3622">
     <span class='ocr_line' id='line_1_31' title="bbox 174 3537 584 3622; baseline 0.01 -21"><span class='ocrx_word' id='word_1_237' title='bbox 174 3552 249 3622; x_wconf 80' lang='grc'><strong>425.</strong></span> <span class='ocrx_word' id='word_1_238' title='bbox 264 3539 313 3622; x_wconf 70' lang='grc' dir='ltr'><strong>δὲ]</strong></span> <span class='ocrx_word' id='word_1_239' title='bbox 330 3541 389 3620; x_wconf 80' lang='grc' dir='ltr'><strong>γδρ</strong></span> <span class='ocrx_word' id='word_1_240' title='bbox 403 3537 490 3602; x_wconf 83' lang='lat' dir='ltr'><strong>Flor.</strong></span> <span class='ocrx_word' id='word_1_241' title='bbox 509 3559 535 3602; x_wconf 87' lang='grc' dir='ltr'><strong>Ι.</strong></span> <span class='ocrx_word' id='word_1_242' title='bbox 552 3557 584 3605; x_wconf 88' lang='grc'><strong>2.</strong></span> 
     </span>
    </p>

    <p class='ocr_par' dir='ltr' id='par_1_11' title="bbox 174 3641 827 3723">
     <span class='ocr_line' id='line_1_32' title="bbox 174 3641 827 3723; baseline 0.005 -20"><span class='ocrx_word' id='word_1_243' title='bbox 174 3642 250 3718; x_wconf 89' lang='grc'><strong>426.</strong></span> <span class='ocrx_word' id='word_1_244' title='bbox 266 3644 346 3720; x_wconf 76' lang='grc' dir='ltr'>διῇξε</span> <span class='ocrx_word' id='word_1_245' title='bbox 361 3642 451 3704; x_wconf 82' lang='lat' dir='ltr'><strong>AEm.</strong></span> <span class='ocrx_word' id='word_1_246' title='bbox 468 3641 595 3706; x_wconf 86' lang='lat' dir='ltr'><strong>Portus.</strong></span> <span class='ocrx_word' id='word_1_247' title='bbox 633 3641 722 3707; x_wconf 88' lang='lat' dir='ltr'><strong>Libri</strong></span> <span class='ocrx_word' id='word_1_248' title='bbox 739 3646 827 3723; x_wconf 75' lang='grc' dir='ltr'>διῆξε.</span> 
     </span>
    </p>

    <p class='ocr_par' dir='ltr' id='par_1_12' title="bbox 133 3741 1232 3929">
     <span class='ocr_line' id='line_1_33' title="bbox 177 3741 1232 3831; baseline 0.004 -27"><span class='ocrx_word' id='word_1_249' title='bbox 177 3741 321 3830; x_wconf 82' lang='lat' dir='ltr'><strong>Vulgatae</strong></span> <span class='ocrx_word' id='word_1_250' title='bbox 335 3742 595 3830; x_wconf 87' lang='lat' dir='ltr'><strong>interpunctionis</strong></span> <span class='ocrx_word' id='word_1_251' title='bbox 609 3743 717 3809; x_wconf 86' lang='lat' dir='ltr'><strong>vitium</strong></span> <span class='ocrx_word' id='word_1_252' title='bbox 733 3744 868 3809; x_wconf 86' lang='lat' dir='ltr'><strong>correxit</strong></span> <span class='ocrx_word' id='word_1_253' title='bbox 883 3745 923 3808; x_wconf 88' lang='lat' dir='ltr'><strong>L.</strong></span> <span class='ocrx_word' id='word_1_254' title='bbox 933 3743 1128 3823; x_wconf 87' lang='lat' dir='ltr'><strong>Diodorfius,</strong></span> <span class='ocrx_word' id='word_1_255' title='bbox 1140 3743 1232 3831; x_wconf 86' lang='lat' dir='ltr'><strong>cujus</strong></span> 
     </span>
     <span class='ocr_line' id='line_1_34' title="bbox 133 3842 639 3929; baseline 0.016 -26"><span class='ocrx_word' id='word_1_256' title='bbox 133 3842 205 3907; x_wconf 88' lang='lat' dir='ltr'><strong>vide</strong></span> <span class='ocrx_word' id='word_1_257' title='bbox 219 3845 449 3910; x_wconf 86' lang='lat' dir='ltr'><strong>annotationem</strong></span> <span class='ocrx_word' id='word_1_258' title='bbox 464 3845 505 3910; x_wconf 81' lang='lat' dir='ltr'><strong>ad</strong></span> <span class='ocrx_word' id='word_1_259' title='bbox 522 3869 551 3912; x_wconf 87' lang='lat' dir='ltr'><strong>v.</strong></span> <span class='ocrx_word' id='word_1_260' title='bbox 565 3867 639 3929; x_wconf 85' lang='lat'>414.</span> 
     </span>
    </p>

    <p class='ocr_par' dir='ltr' id='par_1_13' title="bbox 133 3948 1231 4137">
     <span class='ocr_line' id='line_1_35' title="bbox 175 3948 1231 4033; baseline 0.003 -23"><span class='ocrx_word' id='word_1_261' title='bbox 175 3965 249 4030; x_wconf 84' lang='lat'>430.</span> <span class='ocrx_word' id='word_1_262' title='bbox 271 3948 453 4033; x_wconf 77' lang='grc' dir='ltr'>πράσσεται]</span> <span class='ocrx_word' id='word_1_263' title='bbox 477 3948 631 4031; x_wconf 75' lang='grc' dir='ltr'>πράσσετε</span> <span class='ocrx_word' id='word_1_264' title='bbox 653 3948 739 4015; x_wconf 86' lang='lat' dir='ltr'><strong>Flor.</strong></span> <span class='ocrx_word' id='word_1_265' title='bbox 761 3969 789 4015; x_wconf 91' lang='grc'><strong>1.</strong></span> <span class='ocrx_word' id='word_1_266' title='bbox 828 3949 868 4013; x_wconf 92' lang='lat' dir='ltr'><strong>In</strong></span> <span class='ocrx_word' id='word_1_267' title='bbox 892 3950 966 4014; x_wconf 82' lang='lat' dir='ltr'><strong>Par.</strong></span> <span class='ocrx_word' id='word_1_268' title='bbox 991 3949 1074 4014; x_wconf 72' lang='lat' dir='ltr'><strong>EC.</strong></span> <span class='ocrx_word' id='word_1_269' title='bbox 1096 3949 1183 4014; x_wconf 88' lang='lat' dir='ltr'><strong>Flor.</strong></span> <span class='ocrx_word' id='word_1_270' title='bbox 1198 3967 1231 4015; x_wconf 88' lang='grc'><strong>2.</strong></span> 
     </span>
     <span class='ocr_line' id='line_1_36' title="bbox 133 4048 475 4137; baseline 0.018 -28"><span class='ocrx_word' id='word_1_271' title='bbox 133 4069 230 4133; x_wconf 90' lang='lat' dir='ltr'><strong>supra</strong></span> <span class='ocrx_word' id='word_1_272' title='bbox 243 4048 434 4137; x_wconf 87' lang='lat' dir='ltr'><strong>adscriptum</strong></span> <span class='ocrx_word' id='word_1_273' title='bbox 451 4076 475 4115; x_wconf 91' lang='grc' dir='ltr'><strong>ε.</strong></span> 
     </span>
    </p>

    <p class='ocr_par' dir='ltr' id='par_1_14' title="bbox 133 4149 1233 4553">
     <span class='ocr_line' id='line_1_37' title="bbox 176 4149 1232 4240; baseline 0.003 -26"><span class='ocrx_word' id='word_1_274' title='bbox 176 4167 250 4235; x_wconf 83' lang='lat'><strong>433.</strong></span> <span class='ocrx_word' id='word_1_275' title='bbox 279 4153 501 4240; x_wconf 78' lang='grc' dir='ltr'>προτελίζουσι]</span> <span class='ocrx_word' id='word_1_276' title='bbox 528 4153 694 4219; x_wconf 85' lang='lat' dir='ltr'><strong>Veteribus</strong></span> <span class='ocrx_word' id='word_1_277' title='bbox 722 4153 871 4218; x_wconf 85' lang='lat' dir='ltr'><strong>usitatum</strong></span> <span class='ocrx_word' id='word_1_278' title='bbox 901 4169 947 4219; x_wconf 86' lang='lat' dir='ltr'><strong>est</strong></span> <span class='ocrx_word' id='word_1_279' title='bbox 972 4159 1147 4235; x_wconf 75' lang='grc' dir='ltr'>πρατελεῖντ</span> <span class='ocrx_word' id='word_1_280' title='bbox 1177 4149 1232 4217; x_wconf 85' lang='lat' dir='ltr'><strong>sed</strong></span> 
     </span>
     <span class='ocr_line' id='line_1_38' title="bbox 133 4243 1233 4343; baseline 0.005 -29"><span class='ocrx_word' id='word_1_281' title='bbox 133 4251 320 4316; x_wconf 79' lang='lat' dir='ltr'><strong>recentiores</strong></span> <span class='ocrx_word' id='word_1_282' title='bbox 341 4253 437 4318; x_wconf 85' lang='lat' dir='ltr'><strong>verba</strong></span> <span class='ocrx_word' id='word_1_283' title='bbox 456 4275 520 4319; x_wconf 90' lang='lat' dir='ltr'><strong>non</strong></span> <span class='ocrx_word' id='word_1_284' title='bbox 538 4277 641 4343; x_wconf 86' lang='lat' dir='ltr'><strong>pauca</strong></span> <span class='ocrx_word' id='word_1_285' title='bbox 661 4255 693 4319; x_wconf 91' lang='lat' dir='ltr'><strong>in</strong></span> <span class='ocrx_word' id='word_1_286' title='bbox 713 4260 755 4321; x_wconf 63' lang='grc' dir='ltr'><strong><em>ὦ</em></strong></span> <span class='ocrx_word' id='word_1_287' title='bbox 775 4257 924 4321; x_wconf 87' lang='lat' dir='ltr'><strong>exeuntia</strong></span> <span class='ocrx_word' id='word_1_288' title='bbox 943 4255 975 4320; x_wconf 89' lang='lat' dir='ltr'><strong>in</strong></span> <span class='ocrx_word' id='word_1_289' title='bbox 991 4243 1045 4334; x_wconf 57' lang='grc' dir='ltr'><strong>ᾗ»</strong></span> <span class='ocrx_word' id='word_1_290' title='bbox 1067 4253 1233 4319; x_wconf 88' lang='lat' dir='ltr'><strong>terminare</strong></span> 
     </span>
     <span class='ocr_line' id='line_1_39' title="bbox 133 4357 1233 4425; baseline 0.001 -3"><span class='ocrx_word' id='word_1_291' title='bbox 133 4357 240 4422; x_wconf 89' lang='lat' dir='ltr'><strong>solent.</strong></span> <span class='ocrx_word' id='word_1_292' title='bbox 287 4358 384 4423; x_wconf 87' lang='lat' dir='ltr'><strong>Unde</strong></span> <span class='ocrx_word' id='word_1_293' title='bbox 408 4359 526 4424; x_wconf 87' lang='lat' dir='ltr'><strong>factum</strong></span> <span class='ocrx_word' id='word_1_294' title='bbox 554 4374 590 4425; x_wconf 92' lang='lat' dir='ltr'><strong>ut</strong></span> <span class='ocrx_word' id='word_1_295' title='bbox 615 4360 695 4425; x_wconf 88' lang='lat' dir='ltr'><strong>hanc</strong></span> <span class='ocrx_word' id='word_1_296' title='bbox 721 4359 854 4425; x_wconf 83' lang='lat' dir='ltr'><strong>formam</strong></span> <span class='ocrx_word' id='word_1_297' title='bbox 884 4360 1041 4425; x_wconf 86' lang='lat' dir='ltr'><strong>interdum</strong></span> <span class='ocrx_word' id='word_1_298' title='bbox 1071 4359 1233 4424; x_wconf 89' lang='lat' dir='ltr'><strong>intulerint</strong></span> 
     </span>
     <span class='ocr_line' id='line_1_40' title="bbox 133 4459 1233 4553; baseline 0.005 -31"><span class='ocrx_word' id='word_1_299' title='bbox 133 4459 260 4525; x_wconf 88' lang='lat' dir='ltr'><strong>librarii.</strong></span> <span class='ocrx_word' id='word_1_300' title='bbox 306 4461 357 4527; x_wconf 89' lang='lat' dir='ltr'><strong>Sic</strong></span> <span class='ocrx_word' id='word_1_301' title='bbox 378 4484 429 4550; x_wconf 88' lang='lat' dir='ltr'><strong>ap.</strong></span> <span class='ocrx_word' id='word_1_302' title='bbox 453 4461 613 4529; x_wconf 91' lang='lat' dir='ltr'><strong>Pollucem</strong></span> <span class='ocrx_word' id='word_1_303' title='bbox 635 4483 668 4548; x_wconf 85' lang='lat'><strong>3,</strong></span> <span class='ocrx_word' id='word_1_304' title='bbox 684 4463 738 4549; x_wconf 85' lang='lat'><strong>38.</strong></span> <span class='ocrx_word' id='word_1_305' title='bbox 760 4485 820 4553; x_wconf 90' lang='lat' dir='ltr'><strong>pro</strong></span> <span class='ocrx_word' id='word_1_306' title='bbox 840 4468 1053 4546; x_wconf 79' lang='grc' dir='ltr'>πρατελεΐσθσι</span> <span class='ocrx_word' id='word_1_307' title='bbox 1073 4461 1108 4528; x_wconf 90' lang='lat' dir='ltr'><strong>in</strong></span> <span class='ocrx_word' id='word_1_308' title='bbox 1125 4461 1233 4529; x_wconf 83' lang='lat' dir='ltr'><strong>codice</strong></span> 
     </span>
    </p>
   </div>
   <div class='ocr_carea' id='block_1_5' title="bbox 0 0 1445 4914">
    <p class='ocr_par' dir='ltr' id='par_1_15' title="bbox 0 0 1445 4914">
     <span class='ocr_line' id='line_1_41' title="bbox 0 0 1445 4914; baseline 0 0"><span class='ocrx_word' id='word_1_309' title='bbox 0 0 1445 4914; x_wconf 95' lang='lat' dir='ltr'><strong> </strong></span> 
     </span>
    </p>
   </div>
  </div>
 </body>
</html>
