2864 4914
518 296 586 359 AD
609 296 850 360 ORESTEM.
1177 293 1242 358 107

139 461 263 529 Polluc.
280 484 331 545 10,
348 483 418 550 152.
447 468 567 542 Σάκιον,
584 469 619 531 ἔν
633 469 739 550 οἵσπερ
754 469 911 550 τάργύριον
925 466 1102 546 ταμιεύεται.
1140 464 1244 552 Cujus

137 565 197 632 loci
223 567 406 632 sententium
432 591 495 633 non
520 570 713 657 perspexisse
736 569 862 635 videtur
887 567 1077 647 Brunckius,
1093 590 1167 655 quae
1193 579 1244 632 est

137 668 224 734 haec:
249 672 369 736 Soccus
382 691 423 735 en
436 693 543 735 eorum
553 694 683 758 genere,
698 674 734 737 in
748 673 870 760 ριιὶὸιιο.
888 671 993 736 POR.

182 793 256 857 921.
279 775 409 860 dungo:
440 772 563 852 ξυνετὸς
584 777 617 838 δὲ
637 780 748 858 χωρεῖν
769 777 818 855 ὀμ.
843 779 904 841 τοῖς
924 771 1038 856 λόγοις,
1060 774 1116 860 qui
1139 771 1244 836 verbis

136 885 317 940 consertum
329 899 400 940 cum
415 876 490 941 atio
504 878 573 955 εοιί,
589 877 697 953 θέλων,
712 900 809 965 quum
830 878 918 942 οιιὶιι
951 897 1023 940 num
1038 874 1175 958 ὀλιγάκις
1189 897 1243 939 ur-

137 975 209 1042 bem
225 977 329 1043 intret
346 979 539 1045 MATTH.

182 1099 259 1166 923.
273 1080 307 1149 bs
320 1080 413 1146 codd.
429 1081 588 1147 tredecim.
611 1083 645 1150 ὅς
658 1083 687 1165 γ’
702 1081 781 1146 Ald.

182 1200 256 1268 929.
281 1184 409 1268 εὐνίδας]
429 1183 553 1248 Eodem
568 1200 698 1248 accentu
714 1185 828 1252 εὔνιδος
842 1183 950 1273 Iphig.
966 1185 1011 1250 A.
1026 1199 1102 1269 397.
1117 1196 1149 1248 ct
1165 1184 1242 1249 εὐνί·

139 1290 192 1354 δας
205 1285 247 1350 ib.
261 1287 336 1369 807.
372 1286 435 1350 Sed
451 1288 528 1355 εὓνις
542 1287 732 1375 barytonum
748 1309 813 1351 esse
825 1286 955 1352 tradunt
969 1285 1128 1351 Arcadius
1141 1309 1173 1373 p.
1189 1305 1243 1372 32,

141 1402 192 1470 ¹7·
208 1390 366 1477 etEnm·
384 1390 435 1453 M·
450 1411 483 1475 u·
500 1410 553 1475 97.
568 1410 620 1473 ιι·
635 1408 698 1475 393
726 1388 778 1475 38·

183 1510 257 1578 933.
282 1491 378 1557 πάλαι
400 1494 570 1575 Πελασγοὶ,
595 1490 743 1556 Δαναΐδαι
765 1493 798 1555 δὲ
824 1492 976 1575 δεύτερον]
1005 1491 1146 1568 Inficete,
1168 1489 1246 1555 meis

138 1609 223 1659 certe
237 1594 389 1674 sensibus,
403 1593 455 1660 hic
476 1595 622 1660 inseritur
636 1618 754 1659 versus.
771 1595 949 1659 MUSGR.
995 1596 1095 1659 Recte
1115 1595 1242 1681 Musgr.

138 1696 225 1762 bunc
240 1720 364 1762 versum
386 1697 481 1777 delet,
502 1721 596 1785 quem
619 1722 638 1762 a
662 1697 866 1785 grammatico
885 1697 991 1784 aliquo
1012 1696 1155 1761 additum
1178 1720 1245 1763 csse

139 1799 319 1865 credibilius
340 1800 417 1864 mibi
439 1800 564 1865 videtur
585 1823 679 1887 quam
702 1799 789 1887 quod
813 1802 939 1887 Musgr.
963 1799 1096 1887 conjecit
1117 1823 1159 1865 ex
1184 1799 1246 1865 ulia

139 1903 248 1968 fabula
263 1904 428 1992 Eutipidis
440 1904 633 1991 adsctiptum
655 1927 733 1968 esse.
779 1903 942 1968 Confictus
961 1902 1043 1967 euim
1058 1901 1185 1968 videtur
1205 1926 1243 1968 ex

139 2029 171 2070 v.
187 2009 409 2092 1246—1250.
433 2009 466 2071 bi
488 2030 526 2070 ex
549 2019 700 2093 quattuor
717 2005 877 2070 codicibus
891 2005 1066 2070 recentibus
1080 2005 1242 2072 additum:

139 2109 292 2175 omittunt
302 2109 394 2174 ceten'
409 2132 481 2174 cum
503 2107 576 2174 Ald.
591 2123 623 2173 et
638 2106 808 2174 Eustcthio
819 2131 851 2194 p.
863 2127 940 2192 357,
952 2128 1004 2194 31.
1017 2108 1099 2173 etad
1111 2108 1244 2196 Dionys

141 2211 264 2299 Perieg.
280 2232 354 2298 347.
401 2214 440 2278 Iu
463 2212 604 2299 quinque
624 2211 784 2276 codicibus
799 2212 916 2275 Δαναοὶ
931 2212 1069 2292 δεύτερον
1084 2210 1245 2299 scriptum.

141 2314 241 2379 Recte
255 2314 370 2380 babere
384 2329 486 2402 potest
502 2315 649 2379 Δαναΐδαι
664 2317 802 2396 δεύτερον
815 2314 841 2378 si
860 2313 911 2378 hic
925 2336 1033 2377 versus
1053 2337 1072 2378 a
1091 2337 1246 2401 gramma·

141 2416 204 2482 tico
218 2417 352 2506 scriptus
364 2435 412 2482 est
430 2418 486 2505 qui
501 2440 567 2481 suae
586 2415 686 2481 aetutis
705 2416 961 2482 consuetudinem
984 2433 1111 2481 secutus
1127 2416 1246 2481 vocales

141 2548 163 2586 α
176 2535 208 2586 et
223 2548 233 2586 ι
247 2521 396 2609 ancipites
410 2520 542 2585 admisit.

185 2644 260 2708 940.
277 2627 493 2710 κατακτενεῖτε]
512 2629 719 2688 κατακτανεῖτε
734 2624 772 2687 Β.
788 2622 904 2709 aliique
918 2622 1017 2687 multi.
1053 2624 1152 2687 Recte
1167 2624 1246 2687 Por-

142 2749 238 2791 sonus
268 2727 371 2791 “Sed
395 2727 426 2790 in
451 2726 566 2791 talibus
589 2725 683 2790 rebus
708 2725 850 2812 analogia
875 2724 1035 2789 codicibus
1059 2739 1106 2789 est
1130 2724 1243 2812 potior.

142 2831 274 2916 Semper
295 2829 393 2916 igitur
413 2829 558 2894 futurum
578 2851 634 2915 per
654 2828 823 2893 escnbam.
869 2830 926 2906 Et,
944 2851 982 2892 ne
997 2827 1068 2915 quis
1083 2841 1245 2892 moveatur

141 2931 225 2996 infru
245 2931 352 3020 legens
366 2947 457 3018 1594.
480 2937 607 3005 κτανεῖν,
624 2930 698 2996 sciat
719 2930 868 2996 aoristum
890 2946 973 2996 recte
988 2930 1135 3018 postponi
1149 2930 1245 2995 verbo

141 3036 281 3116 μέλλειν,
299 3050 335 3101 ut
357 3057 452 3122 supra
469 3035 540 3100 286.
561 3033 652 3099 Med.
667 3054 741 3120 394.
760 3037 860 3120 (397.)
879 3035 1025 3122 AEscbyl.
1042 3036 1149 3099 Prom.
1166 3036 1243 3120 629.

142 3137 265 3203 Eubul.
283 3137 430 3202 Athenoei
447 3156 475 3199 1.
489 3160 562 3224 pag.
577 3157 631 3223 34.
648 3138 710 3202 D?

185 3259 259 3328 942.
282 3242 396 3305 ἆνεῖται
418 3239 451 3303 b.
466 3238 488 3304 Ι.
508 3238 616 3305 eudem
632 3239 751 3304 ratione
765 3239 912 3326 positum,
928 3261 993 3325 qua
1006 3237 1138 3302 aoristus
1153 3236 1244 3302 Med.

142 3344 197 3428 78.
213 3341 402 3424 ἀπωλόμεσθ’
418 3341 475 3425 ἄρ’,
491 3345 518 3407 εἰ
539 3342 631 3407 κακὸν
645 3344 858 3424 προσοίσομεν.
882 3339 931 3404 vel
948 3340 1016 3404 Cic.
1033 3340 1123 3403 Verr.
1140 3359 1174 3424 3,
1190 3343 1244 3416 62,

145 3467 218 3528 142.
231 3447 298 3510 πλςι·
311 3447 360 3511 ito
371 3466 421 3510 res
431 3446 602 3531 manifesto
611 3446 673 3509 erit
682 3445 791 3519 οὶὶαια,
800 3455 837 3510 ιιι
848 3444 1032 3531 responden
1044 3443 1246 3532 nibilposu't,

143 3552 288 3616 vicimus.
310 3572 376 3637 quo
390 3549 592 3635 significatur,
603 3562 749 3613 eventum
765 3548 910 3612 futurum
926 3560 989 3611 tam
1005 3562 1137 3626 certum,
1148 3569 1245 3633 quum

143 3652 169 3718 si
184 3652 311 3739 resjam
325 3653 428 3718 locum
444 3652 613 3717 habuisset.
630 3653 822 3716 MATTH.

187 3758 260 3843 946.
284 3757 482 3838 πετρούμενος
494 3755 593 3819 codex
610 3756 711 3818 Taur.
726 3731 925 3836 πετρούμενος
940 3754 986 3815 H.
1002 3767 1033 3816 et
1048 3754 1136 3837 Aug.
1153 3774 1246 3816 unus.

143 3858 329 3946 Legebntur
351 3857 575 3940 πετρουμένους,
602 3856 689 3944 quod
716 3857 755 3921 ad
782 3855 905 3944 judices
932 3853 1129 3920 referendum
1153 3855 1246 3931 fouet,

143 3983 207 4026 nou
222 3961 262 4026 ad
279 3962 421 4027 Orestem
436 3960 568 4048 ejusque
583 3982 730 4024 sororem.

188 4067 261 4148 948.
286 4063 448 4147 φάσγανον
462 4063 540 4128 Ald.
560 4062 613 4127 sed
635 4063 708 4127 sutis
723 4083 837 4148 magno
852 4080 981 4123 numero
997 4057 1097 4122 MSS.
1114 4056 1246 4140 φάσγαν’

141 4165 303 4252 ἢβρόχον.
350 4168 467 4232 Contra
483 4188 556 4230 mox
572 4181 662 4251 1035.
678 4164 788 4252 jungit
800 4160 933 4246 βρόχους
954 4176 985 4226 et
1007 4162 1102 4245 ξίφος,
1120 4159 1248 4226 mutetis

142 4269 293 4336 numeris.
309 4270 415 4335 POR.

187 4372 262 4457 960.
279 4370 368 4435 Huic
382 4368 485 4434 versui
501 4368 532 4434 αἲ
547 4369 578 4435 αἲ
591 4370 755 4458 proebxum
771 4368 802 4433 in
818 4367 897 4433 Ald.
913 4365 1000 4454 quod
1016 4365 1107 4431 codd.
1124 4378 1245 4430 tuntum

141 4496 206 4540 non
220 4496 330 4540 omnes
344 4486 505 4540 omlttunt.
