2864 4914
191 284 258 348 301
557 281 934 349 ANNOTATIONES

237 454 313 538 871.
330 455 464 543 σφήλης]
483 454 605 542 σφάλῃς
620 458 694 521 Par.
711 457 754 520 A.

235 556 358 643 δόμους]
374 560 465 638 δόμον
481 559 526 622 Η.

235 661 309 743 872.
325 662 370 745 δὲ]
388 662 447 742 γὰρ
462 658 540 725 Α111.

235 763 309 844 πρὸς
321 759 380 846 γάρ
396 763 488 848 τινος]
506 763 535 827 Α
549 764 695 851 quodum,
711 763 795 828 vela
809 764 945 852 ηιισάοαι
958 772 1063 851 purte,
1079 786 1175 850 quam
1197 766 1297 830 nomi·

117 910 127 923 -
191 889 266 931 nare
281 864 424 930 consulto
438 865 623 952 refugimus.
649 868 800 932 MONK.

236 971 310 1054 873.
326 969 430 1055 κακοῦ]
450 968 655 1033 Scribendum
669 972 760 1034 κακόν
774 993 812 1034 εκ
825 971 898 1034 Par.
911 971 955 1034 A.
969 968 1053 1035 Flor.
1066 971 1109 1033 A.
1124 991 1174 1035 10.
1188 989 1237 1055 15.
1249 973 1294 1036 H.

236 1076 310 1155 877.
325 1076 367 1136 πᾶ
382 1072 457 1136 Par.
474 1072 517 1135 A.
534 1071 621 1137 8101.
640 1091 689 1138 10.
720 1072 825 1160 Vulgo
839 1078 906 1138 ποῦ.

238 1176 312 1261 879.
336 1175 401 1239 οἶον
424 1175 489 1239 οἶον
515 1174 595 1240 εἶδον
622 1176 656 1240 ἐν
679 1183 810 1259 γραφαῖς
838 1180 998 1259 (γραφαῖσι
1024 1175 1109 1240 8101.
1133 1197 1163 1241 2.
1188 1177 1296 1260 Lusc.)

191 1278 299 1365 μέλος]
324 1277 388 1342 Ηίο
405 1301 512 1342 versus
534 1277 577 1342 sic
599 1278 774 1343 metiendus
792 1278 917 1344 videtur
940 1293 976 1343 ut
991 1301 1030 1342 ex
1050 1279 1298 1366 penthemimere

193 1381 351 1447 trochaiuo
366 1395 397 1444 et
412 1379 546 1467 tripodia
560 1379 692 1446 iambica
706 1381 895 1469 compositus
908 1380 1072 1448 habeatur.

237 1487 312 1551 880.
328 1483 450 1564 τλάμων
466 1482 552 1548 8101.
569 1486 611 1548 Α.
634 1483 754 1565 τλήμων
769 1484 846 1550 Α111.
869 1491 984 1567 τλᾶμον
999 1486 1085 1552 8101.
1104 1506 1153 1551 10.
1183 1491 1297 1568 τλῆμον

194 1590 281 1655 8101.
300 1607 328 1655 2.
350 1607 400 1672 15.
415 1587 507 1651 Lasc.

237 1688 311 1777 883.
327 1688 407 1753 Ald.
423 1688 536 1768 καθέξω
552 1689 780 1772 δνσεκπέρατον,
796 1691 888 1756 ὀλοὸν
902 1691 993 1756 όλοδν
1012 1691 1017 1779 Ι
1038 1694 1139 1757 κακόν.
1164 1690 1294 1765 ὦπόλις,

193 1796 292 1868 πόλις,
307 1792 388 1858 Ἱππ.
416 1793 469 1856 Ex
483 1791 533 1856 his
547 1793 640 1857 ὀλοόν
654 1792 746 1857 semel
763 1806 884 1857 tantum
900 1792 1016 1858 habent
1032 1794 1119 1860 8101.
1135 1798 1179 1861 Α.
1199 1814 1229 1862 2.
1245 1816 1296 1860 10.

194 1899 269 1965 Par.
293 1898 339 1961 A.
368 1897 476 1961 Havn.
507 1897 601 1960 Lasc.
639 1897 727 1962 πόλις
756 1893 848 1959 semei
879 1895 966 1960 8101.
994 1898 1038 1962 A.
1069 1918 1119 1962 10.
1150 1901 1225 1964 Par.
1251 1901 1295 1962 A.

195 2001 387 2066 MATTH.
434 1997 498 2062 Hic
513 2020 621 2062 versus
636 1996 678 2063 sic
693 1998 907 2063 emendandus
919 1998 1045 2065 videtur
1060 1999 1172 2080 καθέξω
1194 2007 1297 2066 δυσεκ-

195 2102 326 2185 πέρατον
347 2101 442 2166 ὀλοὸν
464 2101 564 2176 κακδν,
590 2103 623 2166 ἰὼ
642 2101 744 2170 τάλας.
791 2100 939 2167 Similiter
958 2103 1051 2171 τάλας
1070 2103 1101 2167 in
1124 2105 1213 2169 πόλις
1231 2123 1298 2167 001-

194 2217 327 2294 ruptum
343 2206 417 2288 817.
440 2201 679 2286 δυσεκπέραντον
693 2204 738 2268 Η.
755 2203 843 2269 8101.
860 2207 904 2268 A.
920 2225 969 2270 10.

239 2309 313 2395 892.
330 2308 427 2392 οδθις]
446 2306 592 2371 Posthac.

240 2409 312 2496 894.
328 2409 522 2494 πεπλήξεται]
541 2407 729 2490 πληγήσεται
745 2406 830 2473 8101.
849 2428 898 2474 ιο.

240 2511 438 2596 89711110]
455 2515 509 2592 νῖν
525 2511 573 2574 Η·

240 2613 313 2697 898.
330 2612 421 2676 Idem
438 2634 546 2676 versus
560 2612 642 2677 infra
661 2633 752 2698 1049.
769 2614 822 2679 ubi
837 2613 1005 2694 δντλήσεις.

234 2736 310 2802 903.
331 2713 379 2797 ἐφ’
396 2712 478 2800 ᾧτινι
493 2720 546 2780 νῦν
560 2715 675 2784 στένεις
691 2716 769 2782 Ald.
791 2717 857 2782 rell.
881 2720 934 2781 νῦν
951 2739 1014 2780 0111.
1032 2715 1118 2781 8101.
1135 2719 1177 2780 A.
1194 2736 1223 2781 2.
1247 2736 1294 2781 10.

194 2825 268 2887 Par.
285 2820 417 2884 A.D.E.
435 2817 527 2883 Lasc.
565 2821 603 2884 In
622 2819 707 2884 8101.
729 2840 776 2905 15.
796 2820 843 2903 ἐφ’
860 2809 929 2906 ᾧτῗ
942 2826 996 2885 νῦν
1008 2820 1119 2884 στ.ςίο.
1135 2819 1295 2905 inquibus

193 2951 222 2990 νι
237 2936 283 2987 est
303 2944 380 2986 nm.
402 2945 461 2986 sec.
478 2920 632 3010 ἔφ’ᾤννν
647 2949 695 2987 στ.
711 2925 818 2988 Havn.
844 2925 1035 2987 ΜΑΤΤΗ.
1070 2922 1118 3005 ἐφ’
1139 2921 1162 3009 ᾦ
1184 2926 1295 2987 τὰνῦν

193 3024 310 3093 στένεις
325 3023 402 3089 Chr.
418 3027 489 3089 Pet.
507 3025 579 3110 843.

236 3147 312 3213 907.
332 3127 351 3207 ἣ
374 3128 447 3192 Par.
465 3130 508 3192 A.
525 3128 611 3193 8101.
631 3149 679 3194 10.
695 3130 743 3193 H.
783 3128 889 3217 Vulgo
909 3132 963 3210 εἰς,
979 3129 1188 3194 consentiente
1212 3130 1295 3194 Prie

191 3231 282 3298 cinno
293 3256 327 3319 p.
342 3232 435 3296 1168.
452 3230 501 3296 ed.
517 3233 647 3297 Putsch.

236 3355 309 3421 909.
325 3336 365 3421 τῷ
381 3360 407 3399 π.
423 3335 467 3418 δ]
485 3338 525 3419 τῷ
541 3339 567 3398 δ.
584 3360 610 3399 τ.
627 3334 713 3400 8101.
731 3336 776 3398 A.
791 3355 839 3399 10.

238 3459 312 3522 911.
328 3434 353 3501 δ’
368 3459 430 3501 om.
447 3438 493 3500 H.
517 3438 638 3501 Totum
652 3461 774 3503 versum
791 3437 895 3502 omisit
910 3438 986 3502 Chr.
1000 3440 1083 3513 Pan,
1099 3437 1154 3524 qui
1169 3438 1296 3503 duobus

192 3540 442 3630 praecedentibus
457 3553 489 3604 et
503 3539 628 3604 duobus
643 3541 846 3628 sequentibus
861 3540 971 3605 utitur.

236 3647 310 3728 916.
335 3641 706 3728 ἁμαρτάνοντες-μάτην]
724 3647 773 3709 Ut
787 3643 941 3731 adjectiva
955 3665 1038 3729 saepe
1059 3641 1237 3705 nominibus
1259 3666 1294 3706 ac

192 3746 296 3811 verbis
317 3745 480 3809 adduntur
502 3769 551 3823 ea,
566 3768 640 3832 quae
662 3768 723 3810 non
747 3746 818 3810 novi
837 3745 915 3833 quid
938 3745 1121 3832 significent,
1136 3745 1189 3808 sed
1211 3745 1295 3808 dicta

192 3848 317 3937 planius
328 3847 497 3935 explicent,
514 3847 556 3911 sic
566 3848 715 3913 adverbia
730 3871 801 3913 cum
814 3848 886 3927 ulia,
902 3865 968 3913 tum
983 3847 1080 3929 μάτην
1092 3862 1292 3936 usurpantur.

193 3951 302 4017 AEsch.
317 3949 460 4036 Choeph.
477 3950 549 4036 843.
566 3951 654 4033 λόγοι
668 3951 848 4031 θνήσκοντες
862 3950 957 4032 μάτην
972 3952 991 4014 i.
1009 3975 1037 4016 e.
1053 3951 1232 4030 θνήσκοντες
1247 3952 1295 4014 καὶ

190 4053 320 4136 μάταιοι.
343 4052 384 4116 ib.
399 4054 470 4135 887.
485 4058 606 4134 Κωφοῖς
617 4055 705 4132 δϋτῶ,
719 4056 767 4119 καὶ
782 4057 975 4119 καθεύδουσιν
988 4053 1103 4135 μάτην;
1126 4056 1174 4117 ita
1188 4055 1296 4118 οδάοτ-

191 4161 362 4234 miverunt,
374 4165 411 4220 ut
424 4156 533 4220 nullut
547 4177 655 4220 eorum
669 4180 747 4222 ανον
757 4160 826 4222 sit?
849 4159 931 4222 Eur.
945 4156 1019 4221 Hel.
1036 4154 1162 4222 12206
1178 4159 1296 4239 Πρίαμε

192 4261 240 4325 καὶ
254 4264 292 4342 γῖη
305 4262 421 4344 Τρῳὰς,
438 4260 477 4325 ὣς
500 4259 593 4341 ἔρρεις
613 4258 728 4339 μάτην1
754 4259 844 4324 Med.
864 4277 955 4345 1251.
970 4257 1066 4340 μάτην
1081 4261 1194 4342 μόχθος
1217 4260 1295 4340 έρρει

191 4364 314 4427 παίδων.
354 4360 444 4425 Infra
475 4366 567 4426 1060.
593 4361 688 4443 μάτην
712 4361 840 4447 συγχέαι
862 4365 965 4443 ὅρκους
988 4385 1051 4427 11011
1068 4377 1115 4427 est
1132 4362 1295 4449 jusjuran-

193 4464 270 4530 dum
298 4465 415 4531 frustra
444 4463 560 4530 violare
593 4464 613 4529 i.
635 4488 662 4529 e.
692 4464 746 4545 im,
772 4482 808 4530 ut
834 4465 914 4529 illud
939 4464 1052 4529 violare
1085 4463 1201 4529 nnllam
1232 4465 1296 4535 vim
