2864 4914
508 295 576 357 AD
600 295 850 358 HECUBAM.
1190 296 1232 361 49

129 484 240 548 margo
255 464 301 526 H.
317 470 338 501 ‘⁴
350 462 529 527 Imitatione
544 487 600 528 sua
614 492 650 546 γε
665 467 828 530 confirmat
843 464 1010 529 Cleanthes
1026 465 1111 552 apud
1133 462 1230 551 Epic-

131 579 231 630 tetum
251 565 382 630 Euchir.
399 582 450 649 77.
469 565 566 649 Ἀγον
589 569 623 632 δέ
643 565 723 648 μ’,ὦ
745 574 816 646 Ζεῦ,
833 571 881 634 καὶ
896 572 935 634 σθ
954 571 984 651 γ’
1006 566 1231 649 ἡπεπρωμένη,

124 666 222 732 'Oroi
246 668 312 733 ποθ’
338 672 408 750 ὑμῖν
434 671 493 750 εἰμὶ
521 671 758 752 διατεταγμένος·
781 670 839 739 Ὡς
861 674 977 755 ἕψομαί
1004 670 1031 754 γ’
1057 672 1172 737 ἄοκνος·
1196 666 1233 747 ἢν

130 772 164 833 δὲ
178 770 218 851 μὴ
233 771 323 850 θέλω,
340 771 439 838 Κακὸς
453 773 625 853 γενόμενος,
642 775 728 839 οὐδὲν
742 775 841 855 ἧσσον
857 773 995 858 έψομαι.”
1019 775 1123 839 ΡΟΒ.

173 890 249 960 350.
263 876 395 961 πρῶτον]
413 877 571 952 Primum,
588 881 662 942 κατὰ
676 878 710 941 τὸ
724 880 848 959 ἀξίωμα,
860 893 899 942 ιιι
915 892 1020 942 monet
1035 876 1206 942 scholiasta.

174 993 248 1063 355.
271 979 429 1062 παρθένοις
442 979 533 1044 codd.
550 980 707 1044 tredecim.
743 981 902 1064 παρθένοις
924 979 948 1043 τ’
966 981 1003 1043 Β.
1021 979 1136 1066 aliique
1158 1001 1234 1042 non-

129 1080 219 1146 nulli.
242 1082 418 1163 παρθένοισι
433 1081 518 1146 Flor.
536 1105 627 1148 unus.
651 1083 829 1165 παρθένοισί
840 1081 865 1144 τ’
881 1082 959 1148 Ald.

175 1185 251 1269 356.
267 1189 364 1248 θεοῖσι
379 1185 423 1248 Η.
438 1199 469 1249 et
484 1185 617 1249 sedecim
636 1184 687 1249 alii
702 1185 794 1250 codd.
840 1186 936 1250 Pauci
952 1207 1025 1250 cum
1041 1184 1118 1249 Ald.
1136 1188 1233 1271 θεῇσι,

132 1284 219 1371 quod
235 1284 419 1372 significaret
435 1286 648 1374 pulcritudine
662 1286 722 1351 diis
737 1311 842 1375 parem
858 1313 924 1354 esse
941 1288 1145 1376 Polyxenam.

176 1402 251 1471 370.
268 1390 333 1474 τον]
358 1415 401 1457 τις
416 1389 524 1453 eodem
541 1388 634 1452 modo
651 1389 821 1455 collocatur
842 1391 873 1455 in
895 1391 1037 1479 AEschyl.
1056 1392 1163 1455 Prom.
1181 1408 1234 1455 οι.

128 1488 185 1554 ‘In'
198 1493 265 1555 οὔτε
277 1492 391 1572 φωνὴν,
407 1495 475 1557 οὕτε
484 1518 536 1556 τον
546 1493 665 1574 μορφὴν
675 1500 794 1575 βροτῶν
801 1493 907 1577 Ὀψει.
933 1494 1029 1581 Soph.
1041 1491 1192 1557 Trachin.
1201 1510 1234 1576 3.

133 1592 195 1658 οὔτ’
213 1597 239 1658 el
253 1596 394 1678 χρηστὸς,
409 1595 468 1661 οὔτ’
485 1599 514 1660 εἴ
526 1622 566 1682 τῳ
582 1599 678 1664 κακός.
704 1599 808 1662 POR.

177 1715 253 1782 372.
268 1701 374 1784 μῆτερ]
391 1705 483 1782 μᾶτερ
498 1699 574 1764 Ald.
614 1701 798 1764 Correctum
814 1723 852 1763 ex
868 1698 959 1764 oodd.

177 1821 253 1886 373.
276 1802 412 1883 λέγουσα
432 1807 505 1885 μηδὲ
527 1804 641 1887 δρῶσα]
672 1803 713 1867 Id
736 1818 782 1867 est
805 1805 845 1884 μὴ
869 1802 1005 1885 λέγουσα
1030 1804 1103 1883 μηδὶ
1126 1808 1235 1885 δρῶσα.

134 1904 208 1984 μήτε
231 1906 382 1970 Brunckii
397 1921 428 1971 et
445 1906 576 1973 Porsoni
590 1905 662 1970 edd.
679 1907 809 1971 fortasse
827 1931 865 1971 ex
889 1929 953 1970 uno
967 1906 1105 1972 alterove
1118 1907 1236 1985 codice,

135 2029 235 2093 quum
251 2008 372 2073 variare
392 2010 493 2074 MSS.
509 2009 592 2073 dicat
613 2012 780 2074 Porsonus.
826 2013 968 2090 Quocum
991 2011 1237 2097 comparandum

137 2111 244 2174 ἑκόντα
256 2110 321 2192 μήτ’
335 2113 445 2176 όιιοντα
459 2112 545 2199 apud
563 2113 660 2200 Soph.
676 2113 759 2178 Phil.
777 2132 852 2195 771.

179 2212 252 2298 381.
269 2216 365 2294 ὄνομα
378 2214 471 2278 codd.
486 2213 627 2301 plerique
641 2238 756 2280 omnes,
780 2218 910 2297 τοῦνομα
925 2218 965 2280 Β.
979 2232 1009 2280 et
1024 2216 1101 2282 Ald.
1126 2218 1239 2295 οὕνομα

138 2330 270 2403 uterque
284 2316 383 2381 oodex
400 2317 516 2382 Stobaei
533 2317 639 2381 Floril.
658 2319 709 2395 88,
726 2322 756 2383 6.

180 2419 254 2502 389.
271 2418 305 2481 οὐ
321 2418 349 2480 α’
366 2421 534 2482 Porsonus.
558 2422 592 2484 οὔ
608 2419 636 2483 σ’
653 2421 729 2484 Ald.

180 2540 255 2606 392.
278 2521 367 2606 πῶμ’]
394 2521 461 2602 πόμ’
486 2524 584 2586 MSS.
603 2537 635 2585 et
657 2522 728 2586 edd.
750 2523 804 2587 sed
824 2522 891 2587 haec
910 2523 1010 2587 forma
1034 2523 1150 2587 Atticis
1173 2539 1239 2588 erat

136 2624 304 2712 incognita.
350 2626 443 2704 Quod
465 2625 523 2688 hoc
546 2648 610 2688 uno
629 2640 815 2712 argumento
830 2625 903 2689 satis
924 2626 1087 2712 probatur.
1133 2625 1239 2690 Multa

138 2744 213 2792 nunt
234 2728 313 2807 looa,
328 2729 360 2793 in
376 2730 492 2816 quihus
514 2743 647 2792 metrum
671 2735 758 2809 πῶμα
771 2727 911 2814 flagitet;
936 2727 1070 2805 nullum,
1090 2727 1143 2791 uhi
1159 2730 1240 2807 πόμα

138 2833 287 2919 postulet,
303 2856 414 2919 pauca,
430 2833 484 2897 uhi
499 2832 654 2896 admittat.
679 2832 780 2895 POR.
870 2885 872 2888 .

183 2935 259 3020 398.
282 2937 372 2999 ὁποῖα
395 2934 499 3001 κισσὸς
513 2934 600 3014 δρυὸς
619 2935 712 3022 ὅπως]
741 2937 872 2998 Secum
896 2932 1022 3011 hedera,
1045 2931 1238 3020 Polyxenam

138 3057 210 3099 cum
226 3058 345 3121 quercu
360 3050 531 3122 comparat.
578 3035 723 3122 Speciosa
738 3037 837 3122 magis
851 3060 946 3124 quam
963 3060 1037 3102 vera
1051 3050 1097 3100 est
1120 3035 1240 3099 Reiskii

138 3140 319 3225 conjectura
347 3141 444 3221 όμοια.
490 3139 657 3226 Duplicem
680 3140 941 3226 comparationem
969 3139 1108 3204 similiter
1131 3153 1166 3202 ut
1190 3136 1240 3200 hic

135 3240 298 3328 duplicata
317 3241 470 3331 particula
492 3243 644 3330 expressit
668 3243 777 3329 Eurip.
803 3245 864 3306 Tr.
886 3258 954 3324 147.
979 3241 1075 3322 μάτηρ
1098 3239 1123 3303 δ’
1140 3237 1178 3305 ὥς
1198 3265 1241 3305 τις

136 3352 259 3413 πτανοῖς
274 3350 411 3429 κλαγγὰν
425 3349 541 3428 ὄρνισιν
555 3348 634 3413 ὅπως
649 3345 758 3427 ἐξάρξω
773 3343 826 3426 ’γὼ
840 3349 961 3423 μολπᾶν
976 3345 1011 3408 οὐ
1025 3347 1080 3407 τὰν
1094 3340 1197 3407 αὐτόν.

183 3468 257 3534 399.
281 3448 344 3528 οθκ,
359 3451 397 3530 ἤν
410 3451 461 3534 γι]
479 3451 514 3514 οὐ
528 3449 587 3529 μήν
600 3475 637 3532 γε
652 3448 729 3513 Ald.
768 3451 952 3512 Correctum
968 3471 1006 3512 ex
1024 3446 1115 3511 codd.
1140 3445 1239 3532 pluri·

138 3572 210 3614 mre.

183 3675 257 3738 404
273 3659 313 3722 σύ
325 3655 350 3720 τ’
366 3656 456 3722 codd.
473 3653 630 3720 tredecim.
654 3655 693 3719 σὺ
706 3653 730 3719 δ’
747 3653 824 3718 Ald.

183 3762 257 3840 408.
280 3761 301 3824 d
321 3763 421 3826 πείσει
438 3762 540 3847 (πείσῃ
558 3757 665 3841 Ald.)]
692 3756 822 3844 Supple‚
839 3761 900 3822 τοῖς
922 3760 1080 3836 κρατοῦσιν
1095 3758 1121 3819 εἰ
1137 3762 1237 3837 μαχεῖ.

183 3984 257 4044 411.
274 3965 566 4029 πανόστατονοοόθ.
580 3962 729 4051 plerique.
753 3963 928 4026 πανύστατα
937 3960 1012 4025 Ald.
1036 3980 1109 4039 411.
1123 3975 1240 4042 et412.

142 4083 214 4155 poet
229 4070 349 4133 Aloest.
365 4091 396 4132 v.
413 4069 485 4134 206.
501 4067 613 4144 illatos,
629 4066 824 4148 προσόψομαι
846 4063 877 4127 in
898 4066 1087 4145 προσόψεται
1110 4080 1241 4141 mutato,

140 4169 203 4234 illio
217 4170 367 4236 delendos
380 4194 445 4235 esse
459 4171 538 4236 vidit
550 4169 732 4235 Valckenar.

183 4294 259 4359 413.
282 4273 364 4358 δέχει
387 4276 556 4338 Porsonus.
597 4272 767 4336 Librorum
783 4267 999 4355 discrepantiae
1022 4283 1094 4331 sunt
1116 4266 1199 4348 δέχῃ,
1216 4267 1242 4328 δ’

141 4379 216 4462 ἔχει,
233 4378 332 4462 δέχου.

682 4497 704 4539 n
