2864 4914
176 277 220 338 82
537 275 914 341 ANNOTATIONES

177 445 239 509 εἰσί
249 472 257 518 ;
282 445 386 509 POR.
431 445 562 511 Rectius
583 446 650 512 haec
671 446 809 533 explicat
828 446 977 510 Matthiae
998 453 1020 484 ‘⁴
1038 446 1090 509 lta
1104 444 1276 509 orationem

175 546 344 612 instituisse
358 547 484 611 videtur
498 559 602 634 poeta,
617 548 694 612 acsi
712 547 815 613 dicere
829 547 934 626 vellet,
950 554 1011 614 πῶς
1025 548 1064 610 mi
1077 571 1110 610 τε
1126 546 1173 609 καὶ
1189 546 1276 609 κασί-

175 674 283 731 γνητος
305 648 360 716 σὸς
382 649 486 732 έχετες
516 649 569 713 sed
585 672 684 735 quum
701 650 843 714 Orestem
857 649 1055 726 nominasset,
1071 647 1144 714 huic
1158 644 1279 710 nomini

174 750 279 828 etiam,
295 750 375 814 sicut
390 750 536 830 Electrae,
551 751 702 837 probrum
716 750 831 816 addere
843 750 960 829 volens,
971 752 1080 833 μητρὸς
1091 753 1142 814 ὅδε
1156 750 1276 832 φονεύς,
1331 809 1334 814 .

175 852 308 939 inceptoe
322 853 560 917 constructionis
574 853 748 934 immemor,
762 854 804 919 ad
818 858 878 920 hoc
889 854 1035 919 ultimum
1051 852 1192 916 retulisse
1206 873 1276 914 ver-

175 954 252 1019 bum
268 969 300 1019 et
315 955 470 1041 scripsisse
485 953 570 1037 έφυ.”

219 1072 270 1143 79.
294 1059 372 1124 ὅπως
394 1059 565 1121 Porsonus.
588 1057 667 1124 ὅπως
688 1057 712 1122 δ’
734 1056 816 1125 libri.
862 1056 933 1121 Vid.
955 1057 996 1121 ad
1021 1055 1118 1143 Soph.
1139 1052 1221 1119 OEd.
1237 1054 1274 1116 C.

177 1172 250 1244 273·
887 1152 901 1176 ⁰

221 1260 270 1340 84
287 1260 409 1348 οὕνεκα]
427 1259 526 1325 εἵνεκα
540 1261 585 1322 Η.
780 1329 789 1342 .

220 1361 269 1425 86.
286 1362 316 1445 ἡ]
337 1361 367 1425 εἶ
378 1360 456 1425 Ald.
503 1363 686 1425 Correctum
702 1385 741 1425 ex
756 1360 874 1448 aliquot
891 1360 982 1450 codd.

220 1462 272 1545 87.
296 1464 361 1527 Pro
382 1464 488 1542 ἥκετον
511 1463 566 1527 dat
590 1465 670 1544 ἥκεις
695 1463 883 1528 Eustathius
904 1486 937 1549 p.
957 1463 1100 1543 146,12.
1124 1461 1198 1543 809,
1221 1478 1275 1545 37.

178 1565 339 1648 1856,14.
362 1565 394 1628 in
421 1578 579 1651 postremo
601 1563 670 1630 loco
691 1564 820 1643 addens,
843 1567 916 1648 ὅπερ
938 1566 1063 1632 ἀστείως
1083 1565 1102 1643 ἡ
1123 1561 1276 1644 Ἠλέκτρα

175 1667 239 1729 ἐκεῖ
249 1666 317 1747 περὶ
330 1663 457 1745 Ἑλένης
471 1668 555 1747 φησί.
583 1668 665 1730 Sane
678 1667 800 1731 numeri
815 1667 942 1731 suavius
956 1665 997 1730 ad
1012 1688 1104 1730 aures
1116 1663 1275 1740 accidunt,

173 1780 206 1830 et
224 1781 383 1831 structura
403 1782 470 1831 tum
490 1768 577 1853 apud
593 1769 722 1833 Graecos
736 1783 804 1833 tum
822 1768 908 1855 apud
924 1768 1056 1833 Latinos
1079 1767 1192 1831 usitata
1213 1777 1273 1828 est.

173 1868 290 1931 Noster
312 1867 399 1954 apud
422 1868 604 1933 AEschinem
630 1894 656 1934 c.
682 1869 843 1934 Timarch.
867 1892 902 1956 p.
923 1889 994 1955 154,
1017 1890 1065 1933 11.
1088 1868 1137 1932 ed.
1161 1864 1271 1931 Reisk.

175 1971 265 2051 Κάγὼ
279 1973 336 2049 μὲν
350 1972 435 2044 οὕτω,
451 1972 562 2054 χῶστις
577 1973 638 2035 ἔστ’
650 1972 725 2053 ἀνὴρ
739 1971 847 2054 σοφὸς,
859 1973 1022 2054 Λογίζομαι
1036 1968 1172 2048 τάληθές.
1196 1966 1276 2046 Quis

174 2093 237 2135 non
252 2071 392 2135 meminit
407 2072 599 2136 Horatiani?
629 2074 743 2159 quibua
756 2075 824 2160 ipse
839 2076 958 2160 meique
972 2075 1055 2137 Ante
1069 2073 1185 2135 Larem
1197 2092 1276 2157 pro·

172 2176 282 2261 prium
297 2196 412 2239 vescor.
429 2175 533 2239 POR.

218 2295 271 2360 91.
285 2267 415 2358 drelpair'
431 2278 466 2340 ἐν
480 2275 556 2340 Ald.
604 2277 748 2364 Syllabas
766 2277 937 2364 conjunxi;
963 2277 1092 2341 Electra
1112 2274 1194 2338 enirn
1218 2297 1276 2338 sua

175 2379 256 2442 mala
270 2376 359 2463 parvi
373 2376 493 2464 pendit,
510 2400 612 2465 neque
625 2402 663 2442 ea
677 2394 839 2457 memorat,
855 2378 912 2442 nisi
934 2392 1089 2464 quatenus
1108 2399 1148 2441 ex
1170 2376 1277 2439 fratris

175 2479 285 2545 morbo
299 2478 453 2544 oriuntur.
500 2480 624 2544 Deinde
640 2481 745 2545 Graeci
763 2503 825 2544 non
841 2480 962 2556 dicunt,
978 2478 1177 2559 ἀπειρηκέναι,
1194 2480 1277 2543 ἀπει-

174 2589 243 2647 πεῖν
258 2584 292 2646 έν
307 2586 415 2655 κακοῖς,
432 2581 486 2645 sed
501 2581 566 2645 siue
581 2582 810 2669 praepositione,
826 2596 861 2646 ut
876 2584 958 2645 Hec.
976 2582 1050 2666 936.
1067 2581 1174 2670 (942.)
1192 2581 1277 2644 ἀπεῖ-

174 2709 233 2749 πον
247 2686 346 2765 ἄλγει.
389 2682 467 2747 Alia
488 2682 567 2748 ratio
586 2698 632 2747 est
649 2683 708 2747 loci
723 2683 880 2747 Androm.
897 2683 948 2766 87.
966 2683 1071 2747 POR.
1117 2683 1277 2746 Porsonus

175 2786 332 2866 ἀπείρηκεν
352 2791 451 2851 κακοῖς
473 2784 538 2848 sinc
559 2808 652 2849 causa
674 2784 793 2849 idonea.
840 2786 922 2848 Nam
944 2783 1029 2868 quod
1045 2783 1100 2861 ait,
1117 2783 1276 2848 Electram

174 2908 232 2951 sua
247 2885 327 2950 mala
342 2885 430 2973 parvi
444 2885 591 2973 pendere,
608 2909 710 2972 neque
724 2909 760 2950 ea
780 2909 961 2961 memorare,
977 2886 1035 2951 nisi
1057 2901 1213 2972 quatenus
1235 2909 1275 2950 ex

174 2987 279 3052 fratris
301 2991 409 3053 morbo
430 2987 582 3066 oriantur,
597 2988 628 3051 id
653 3012 714 3052 non
737 3012 776 3052 cx
799 2989 843 3052 rei
865 3003 978 3052 natura
999 2988 1142 3067 ductum,
1157 2988 1212 3053 sed
1233 2989 1276 3052 ad

174 3090 420 3156 emendationem
445 3090 723 3156 commendandam
753 3092 963 3178 excogitatum
986 3106 1043 3156 est.
1073 3092 1273 3174 ἀπειρηκέναι,

174 3197 312 3259 ἀπειπεῖν
328 3197 361 3260 έν
376 3200 476 3261 κακοῖς
494 3193 621 3280 quidem
643 3194 718 3259 alibi
740 3216 797 3257 nec
819 3218 878 3281 ego
900 3193 982 3280 legi;
1007 3194 1061 3258 sed
1084 3197 1118 3258 έν
1133 3217 1190 3280 pro
1210 3194 1277 3259 solo

175 3298 281 3362 dativo
296 3296 463 3383 saepissime
478 3295 553 3383 poni
567 3311 676 3360 notum
692 3312 747 3360 est.
793 3297 903 3360 AEsch.
922 3298 1009 3360 Pers.
1027 3313 1099 3381 249.
1115 3297 1154 3364 ὡς
1175 3298 1209 3359 έν
1222 3297 1276 3379 μιᾷ

174 3400 275 3485 πληγῇ
291 3397 492 3481 κατέφθαρται
505 3399 599 3466 πολὺς
613 3401 717 3478 ὄλβος.
750 3398 845 3485 Soph.
862 3398 976 3484 Antig.
993 3417 1084 3482 1229.
1101 3401 1135 3462 ἐν
1148 3403 1190 3484 τῷ
1204 3405 1274 3478 ξυμ·

176 3504 272 3581 φορᾶς
294 3499 473 3581 διεφθάρης
496 3499 517 3560 i.
533 3522 559 3562 e.
583 3502 641 3564 τίνι
662 3506 808 3584 ξυμφορᾷ.
853 3499 905 3564 Cf.
920 3500 1033 3587 Eurip.
1050 3500 1166 3564 Helen.
1181 3519 1277 3568 1222.

175 3601 249 3664 Alc.
265 3621 341 3664 1001
361 3624 406 3686 sq.
421 3612 453 3664 et
467 3623 547 3687 quos
562 3600 686 3665 laudavi
703 3603 846 3666 Gramm.
862 3604 919 3667 Gr.
934 3603 1048 3683 §.401.
1061 3625 1094 3689 p.
1105 3620 1180 3686 543.
1212 3602 1276 3666 Sed

175 3726 215 3768 ne
228 3725 351 3767 necesse
365 3701 492 3788 quidem
508 3715 555 3765 cst
569 3701 632 3766 huc
649 3702 838 3789 confugere:
865 3705 1009 3783 ἀπείρηκα
1029 3702 1112 3765 enim
1133 3702 1277 3767 absolute

174 3804 305 3891 intelligi
328 3818 440 3891 potest,
463 3804 585 3868 viribus
607 3813 636 3868 et
657 3807 764 3868 animo
783 3805 891 3890 defici,
917 3816 952 3867 ut
975 3804 1063 3867 Med.
1078 3806 1152 3889 456.
1173 3804 1275 3892 Hipp.

179 3929 272 3994 1344.
300 3922 332 3972 et
357 3910 390 3971 έν
416 3912 515 3973 κακοῖς
539 3928 598 3992 pro
625 3908 658 3969 έν
681 3912 781 3972 κακοῖς
805 3906 883 3970 οὖσα
904 3905 1012 3992 accipi,
1037 3920 1072 3970 ut
1094 3906 1200 3970 Andr.
1223 3909 1275 3990 87.

175 4012 309 4093 ἀπανδξις
335 4011 368 4072 ἐν
393 4014 499 4075 κακοῖς.
528 4009 721 4072 ΜΑΤΤΗ.
771 4009 871 4072 Recte
896 4022 1000 4072 monet
1023 4008 1172 4074 Matthiae
1197 4009 1277 4073 nihil

175 4115 292 4176 massae
306 4133 371 4174 esse
385 4132 442 4174 cur
456 4109 645 4191 ἀπειρηκέναι
661 4113 695 4174 έν
710 4116 808 4178 κακοῖς
821 4109 882 4173 dici
901 4133 989 4196 posse
1009 4133 1170 4197 negemus.
1215 4112 1275 4176 Ni·

175 4213 343 4279 hilominus
367 4235 439 4274 vera
465 4210 590 4275 videtur
615 4211 744 4275 Porsoni
771 4211 957 4297 conjectura.
1002 4215 1086 4276 Nam
1113 4235 1212 4300 quum
1244 4214 1276 4278 in

175 4314 316 4379 versibus
344 4311 487 4400 proxime
514 4311 770 4377 antecedentibus
797 4311 837 4376 de
866 4313 931 4378 solo
956 4337 1056 4378 sermo
1087 4314 1126 4378 sit
1152 4317 1276 4395 Oreste,

176 4440 268 4484 nemo
293 4414 349 4503 qui
374 4415 441 4479 haec
463 4410 547 4501 legat
570 4413 700 4495 ἀπείρηκ’
725 4437 783 4501 pro
808 4413 910 4502 prima
933 4416 1159 4503 potiusquam
1185 4418 1278 4484 tertia
