2864 4914
532 317 600 383 AD
623 319 892 385 SUPPLICES.
1200 320 1261 384 421

162 487 256 564 lente,
279 486 327 555 uti
351 486 488 567 videtur,
511 489 670 555 Cadmum
690 489 871 576 interrogat,
898 489 961 555 Udi
987 508 1061 554 vero
1078 490 1205 577 periit?
1226 489 1264 554 in

161 590 276 655 domo?
297 612 340 654 αα
355 592 518 678 quibusda
532 593 633 658 lotia?
655 591 745 679 quasi
764 593 849 657 bem
869 590 1003 679 alicujus
1017 602 1097 656 esset
1112 590 1262 655 momenti

163 692 194 755 in
219 715 251 756 re
273 708 336 757 tam
357 692 509 772 luctuosa,
532 705 648 758 ettam
671 693 768 759 atroci
786 693 943 758 facinore!
968 695 1168 781 Responsum
1189 692 1262 780 qui·

162 794 233 857 dem
251 795 354 881 (cujus
368 817 477 859 caussa
491 795 624 882 quaestio
637 795 798 883 proposita
816 795 913 861 fuisse
928 795 1065 879 videtur)
1086 796 1150 861 Uti
1165 797 1264 883 priua

163 896 312 960 Actaeona
325 919 418 962 carrea
432 908 534 962 necte
547 907 634 977 aurit,
649 897 827 986 appositum
846 913 910 962 est:
934 897 989 962 sed
1009 896 1101 962 telem
1118 895 1262 984 quaestio·

163 1020 233 1062 nem
256 1020 401 1084 quoenam
423 1014 534 1078 mater,
560 1001 651 1065 unico
674 999 739 1065 lilio
760 1000 880 1078 orbata,
907 999 1076 1087 proponit?
1101 999 1154 1062 Ita
1174 1018 1260 1078 mox,

162 1123 262 1187 quum
284 1102 312 1166 ei
334 1116 512 1168 narraverat
529 1103 681 1181 Cadmus,
697 1126 729 1167 se
743 1101 806 1181 vix,
821 1117 852 1166 et
866 1101 968 1165 multo
982 1123 1053 1165 cum
1076 1099 1193 1178 labore,
1213 1122 1263 1165 ca·

162 1203 259 1268 daver
274 1204 407 1269 Penthei
421 1204 595 1291 dispersum
610 1228 667 1292 per
678 1228 769 1291 agros
784 1203 962 1291 collegisse3
985 1201 1048 1280 illa,
1065 1224 1175 1289 parum
1196 1224 1262 1265 me-

163 1319 258 1385 terue‚
285 1305 331 1371 uti
357 1329 440 1371 nnnc
465 1306 636 1384 videretur,
662 1319 763 1393 rogat,
789 1307 842 1370 An
867 1316 965 1371 totum
990 1305 1164 1392 reperisset,
1192 1306 1262 1368 auis

162 1409 308 1472 membris
328 1411 527 1496 conjunctum
549 1412 645 1497 apte?
668 1406 792 1493 qualem
808 1407 1010 1495 quaestionem
1030 1406 1180 1471 hodierna
1193 1428 1261 1469 ma·

163 1523 221 1587 ter,
249 1525 285 1574 ut
311 1510 421 1589 diram,
447 1523 478 1575 et
500 1525 653 1575 enatura
677 1510 812 1574 maxime
835 1508 1066 1583 abhorrentem,
1092 1509 1261 1594 refugeret.

163 1613 244 1688 Qua
265 1611 376 1691 refero,
393 1613 433 1677 ab
448 1611 515 1676 aliis
529 1611 669 1677 discendi
691 1610 806 1690 studio,
823 1633 884 1675 non
903 1610 1052 1698 culpandi
1073 1634 1110 1676 ea
1123 1631 1261 1697 quorum

163 1713 312 1777 rationem
328 1736 390 1777 non
406 1713 480 1778 satis
493 1712 666 1800 intelligere
680 1713 798 1777 videor.
822 1713 974 1778 MARK.

208 1830 281 1899 759.
300 1815 472 1898 Ἐλευθερὶς
492 1815 601 1903 πέτρα]
626 1814 817 1879 Plutarchus
835 1813 868 1878 in
884 1814 1022 1893 Theseo,
1037 1837 1068 1902 p.
1090 1834 1137 1896 14
1152 1814 1260 1879 eadem

163 1917 269 1997 refert,
289 1931 320 1982 et
342 1941 400 1982 sno
421 1932 560 2005 tempore
582 1932 788 1983 monstratum
811 1916 906 1981 fuisse
927 1916 1004 1981 dicit
1021 1916 1134 1981 horum
1156 1914 1261 2003 sepul-

165 2032 245 2083 turae
259 2018 361 2083 locum
379 2019 577 2093 Eleutheris;
603 2019 732 2096 ducum,
748 2018 835 2106 apud
849 2018 1017 2082 Eleusina:
1042 2019 1101 2083 hoc
1116 2031 1163 2083 est
1177 2043 1260 2083 κενα-

164 2120 258 2202 πάφια
272 2120 401 2184 ducum.
423 2143 494 2185 nam
513 2144 582 2186 ossa
596 2143 703 2187 eorum
720 2122 827 2206 Argos
849 2120 1100 2207 reportabuntur,
1116 2143 1146 2183 v.
1165 2139 1260 2200 1114.

168 2223 371 2307 1185.1a10.
394 2223 546 2287 MARK.

209 2325 284 2406 760.
299 2323 364 2409 οὓς]
381 2323 413 2390 ὃς
428 2323 514 2389 Flor.
530 2345 557 2390 1.

208 2427 263 2510 πῆ]
280 2432 334 2490 ποῖ
347 2425 431 2490 Flor.
452 2447 478 2491 1.
497 2445 527 2491 a.
549 2430 607 2491 ποῦ
621 2428 826 2492 Hermannus
839 2441 931 2493 recte.

208 2529 288 2607 ἥκεις
304 2528 473 2593 Heathius.
512 2528 603 2592 Libri
618 2530 691 2608 ἥκει.

209 2633 283 2712 761.
308 2632 405 2713 ἐγγύς·
427 2629 523 2698 πέλας
537 2632 595 2712 γὰρ
609 2634 670 2695 πᾶν
684 2630 703 2695 ά
716 2656 745 2695 τι
760 2630 967 2718 σπουδάζεται]
986 2633 1089 2718 Prope
1107 2639 1183 2694 eunt
1200 2629 1260 2693 du-

163 2754 235 2796 cum
250 2733 417 2812 cadavera,
433 2733 470 2797 od
483 2753 555 2820 qnae
569 2741 674 2798 teuton
687 2734 807 2798 labores
822 2735 1012 2821 concepistis.
1037 2733 1190 2797 MARK.

209 2837 282 2919 763.
299 2835 460 2899 Lacunam
476 2833 646 2921 posthunc
661 2857 784 2900 versum
800 2834 949 2900 indicavit
964 2837 1178 2899 Hermannus.

209 2938 281 3017 764.
311 2938 580 3024 φαίης-νεκρούς]
612 2939 755 3018 Diceret,
781 2938 943 3003 Theseum
973 2937 1075 3001 virum
1105 2936 1260 3023 optimum

164 3059 242 3114 esse,
258 3039 287 3101 ai
301 3039 447 3124 fficiam
461 3040 588 3102 curanti
602 3041 770 3103 cadavera.
793 3041 907 3104 ELM.
923 3039 965 3104 ad
980 3037 1095 3104 Bacch.
1113 3056 1204 3123 1341.

211 3140 282 3224 765.
300 3138 387 3205 αὐτὸς
401 3137 558 3203 Reisltius.
599 3139 689 3203 Libri
704 3141 811 3205 αὐτῶν.

210 3242 283 3322 766.
300 3241 468 3325 κάκάλυψε]
489 3243 536 3305 καὶ
550 3239 681 3323 ’κάλυψε
695 3241 772 3306 Ald.

211 3347 285 3427 767.
300 3346 354 3408 οὖν
368 3343 549 3408 Elmsleius.
571 3343 609 3423 ἦν
623 3343 702 3409 libri.

211 3447 377 3530 κᾴσχύνην]
396 3447 560 3529 καῖσχύνην
573 3444 655 3510 libri.

211 3562 285 3630 772.
314 3548 389 3631 ἀρῶ]
417 3547 618 3613 Scribebetur
643 3551 723 3631 αἴρω.
761 3549 888 3613 Futuro
915 3571 997 3637 opus
1024 3570 1090 3613 esse
1112 3546 1265 3611 intellexit

168 3648 346 3729 Elmsleius,
361 3651 411 3715 cui
427 3649 497 3714 ἁλλ’
513 3649 580 3730 εἴμ’,
596 3651 695 3732 ἑπαρῶ
710 3651 907 3716 scribendum
923 3651 1099 3716 videbatur.

209 3754 281 3833 αἴρω
302 3751 393 3839 χεῖρ’]
417 3753 468 3817 De
489 3753 609 3818 actione
630 3775 742 3817 manus
760 3751 793 3817 in
815 3751 902 3818 luctu
925 3751 1048 3817 levandi
1063 3749 1126 3814 vid.
1142 3749 1264 3814 Alcest.

167 3875 198 3915 v.
214 3854 288 3937 768.
304 3853 474 3919 indicatum
497 3877 516 3919 a
539 3853 741 3921 Marklaudo.
781 3854 989 3919 Philostratus
1010 3853 1043 3917 in
1066 3851 1210 3917 Heroicis
1224 3851 1264 3916 de

167 3955 267 4041 Ajace
282 3956 450 4020 Locrensi:
473 3955 587 4025 πάντας
602 3960 645 4033 δὲ,
662 3958 701 4026 ὣς
715 3958 764 4023 ἐπὶ
779 3957 862 4039 ἀνδρὶ
877 3956 991 4043 ἀγαθῷ,
1006 3960 1109 4040 χεῖρας
1123 3952 1264 4038 decedet.

213 4174 283 4242 773.
315 4157 424 4244 ἐκχέω]
456 4159 640 4223 Notandum
673 4159 767 4242 ἐκχέω
795 4156 846 4222 hic
876 4156 977 4223 futuri
1005 4154 1164 4221 indicativi
1188 4177 1264 4219 esse.

169 4261 314 4324 MUSG.
349 4259 554 4324 Scribcndum
571 4262 676 4345 ἐκχεῶ,
692 4282 787 4347 quam
804 4260 935 4325 formam
953 4258 1055 4323 futuri
1069 4257 1184 4321 diserte
1197 4279 1264 4320 me·

167 4378 267 4427 morat
283 4361 512 4427 Choeroboscus
526 4361 557 4426 in
575 4362 675 4428 Belrk.
691 4362 815 4428 Anecd.
830 4362 890 4426 vol.
906 4383 938 4447 3.
953 4385 985 4450 p.
1002 4380 1095 4447 1290.

210 4466 283 4549 776.
307 4480 379 4549 777.
403 4466 535 4532 Homer.
561 4465 600 4531 ll.
624 4491 646 4544 a,
668 4466 744 4545 408.
766 4465 874 4547 ἀνδρὸς
893 4467 926 4528 δὲ
945 4464 1031 4547 ψυχὴ
1049 4461 1142 4528 πάλιν
1163 4463 1266 4530 ἐλθεῖν

669 4586 758 4653 neg
