2864 4914
491 290 560 353 AD
584 288 920 356 HIPPOLYTUM.
1191 292 1256 356 313

158 465 295 541 πολιῆτιν
320 460 411 539 ἀκτὴν
437 462 594 542 Εὐριπίδης
620 463 696 544 φησέ
719 467 957 544 περιφροστικῶς
986 464 1094 549 ἐντῷ,
1120 461 1258 545 ψάμαθοι

157 563 326 642 πολιήτιδας
352 564 450 641 ἀκτῆς,
473 561 565 644 ἤγουν
587 568 694 643 λευκῆς
717 554 791 628 κατὰ
814 566 883 632 τοὺς
904 564 1059 633 παλαιούς·
1089 566 1138 629 καὶ
1160 565 1258 633 έοικεν

158 669 270 732 ἐκεῖνος
292 670 392 746 πρῶτα
416 667 473 744 μέυ
495 668 621 744 πολίτην
641 665 676 748 (l.
700 672 834 751 πολῖτιν)
858 670 953 733 εἰπεῖν
974 667 1028 746 τὴν
1049 671 1171 745 πολιδν,
1194 669 1258 733 εἶτα

156 767 320 849 Ὁμηρικῶς
337 770 519 852 πλεονασμῷ
539 773 591 830 τοῦ
606 766 643 846 η’.
688 770 722 832 Α
736 772 829 834 πολιδ
844 792 906 834 non
922 769 1046 834 videtur
1060 769 1186 834 formari
1201 793 1258 858 po-

158 871 252 936 tuisse
266 873 408 948 πολιῆτις·
436 868 489 932 sed
505 892 570 932 esse
584 869 779 934 foemininum
801 871 842 936 ab
859 871 1028 936 Homerico
1045 871 1196 952 πολιήτης·
1225 885 1257 937 at

158 973 251 1036 maiia
275 971 348 1036 litus
375 971 525 1036 Troezeni
549 972 698 1051 vicinum,
719 989 815 1060 atque
840 974 919 1037 adeo
944 974 1081 1060 (jusdem
1102 976 1258 1063 ragiatis,

158 1075 340 1162 Euripideis
356 1075 531 1139 Troezeniis
545 1075 664 1140 dictum
680 1081 815 1156 πολιῆτις
829 1076 912 1141 όκτό.
928 1076 1097 1141 VALCK.

205 1179 295 1244 1128.
318 1176 342 1241 τ’
358 1192 428 1264 post
447 1180 555 1259 δρυμός
568 1200 631 1242 om.
650 1178 736 1242 Flor.
752 1181 796 1243 A.
820 1181 843 1242 ῶ
866 1178 973 1260 δρυμός
994 1180 1090 1260 ὄρειος
1105 1177 1194 1242 Flor.
1209 1197 1258 1243 10.

162 1300 210 1366 15.
227 1282 319 1344 Lasc.
335 1293 377 1356 et,
392 1280 447 1366 qui
463 1282 554 1362 όριος,
572 1281 616 1343 Η.
632 1278 656 1344 ὦ
671 1281 782 1362 δρυμοὶ,
799 1283 896 1361 ὄρειος
910 1283 957 1343 όθι
973 1281 1046 1344 Par.
1063 1282 1107 1345 A.

204 1402 298 1465 1129.
319 1383 477 1446 ὠκυπόδων
490 1386 566 1461 μετδ
580 1386 669 1462 θῆρας
684 1382 801 1463 ἔναιρεν
817 1380 1030 1445 Blomfieldus.
1076 1381 1259 1468 Legebatur

158 1485 316 1549 ὠκυπόδων
339 1484 437 1564 ἐπέβα
459 1484 585 1566 (ἐπέβας
606 1487 679 1550 Par.
694 1488 739 1549 A.
755 1484 840 1550 Flor.
859 1505 906 1549 ιο.
922 1486 985 1569 15.)
1010 1488 1081 1552 θεᾶς
1099 1489 1182 1568 (θεᾶς
1204 1486 1256 1550 de-

158 1587 232 1653 levit
247 1587 438 1670 Brunokius)
454 1587 530 1667 μέτο
545 1593 636 1669 θῆρας
652 1590 789 1670 ἐναίρων.

205 1708 296 1775 1132.
312 1691 440 1777 Λίμνας]
459 1689 529 1753 Vid.
545 1689 629 1755 adv.
648 1692 720 1754 228.

207 1812 296 1876 1134.
324 1792 475 1874 γυμνόδας
499 1793 617 1877 ίππους]
650 1792 836 1879 Legendum
864 1816 935 1857 cum
961 1792 1091 1857 Reiskio
1111 1792 1260 1875 γυμνόδος

159 1897 257 1958 ίππου.
296 1893 424 1957 “Ordo
437 1908 500 1958 est:
525 1896 576 1958 οὐκ
599 1895 643 1959 ἔτι
665 1894 806 1974 ἐπιβάσει
827 1897 969 1977 συζυγίαν
990 1897 1100 1960 πιόλων
1120 1894 1257 1970 Ἐνετᾶν,

160 1996 293 2078 κατέχων
317 1995 370 2059 τδν
394 1996 470 2077 ἀμφὶ
496 1997 611 2075 Λίμνος
633 1999 742 2080 πρόχου
767 1999 836 2060 ποδὶ
861 1997 1009 2079 γυμυόδος
1037 2000 1136 2062 ἵππον.
1181 1999 1259 2062 Noa

158 2099 296 2184 amplias
316 2099 499 2161 comendes
514 2119 645 2161 carram
667 2100 787 2162 Venetia
808 2100 896 2185 equis
905 2100 1071 2185 junctum,
1087 2099 1167 2185 pede
1187 2102 1259 2186 equi

159 2201 321 2264 eaeroilali
335 2200 477 2263 obtinens
491 2200 685 2263 eremicolam
700 2200 744 2262 ad
754 2199 900 2264 Limnos.
924 2199 1059 2284 κατέχων
1068 2203 1137 2265 ποδὶ
1148 2201 1260 2283 γυμνά·

159 2307 209 2370 δος
222 2304 312 2366 ίππου
327 2300 409 2364 idem
425 2315 482 2377 est,
497 2323 533 2364 ac
548 2300 682 2383 κατέχων
697 2299 846 2381 γυμνόσιν
860 2302 990 2368 ῐπποις.”
1011 2303 1214 2367 BRUNCK.

206 2423 295 2488 1¹39·
312 2405 370 2467 ἆνδ
384 2403 498 2487 χλόαν]
517 2400 563 2466 ἀν’
578 2404 655 2466 ὕλαν
671 2404 742 2466 Par.
759 2403 802 2465 E.
819 2402 907 2467 Flor.
926 2422 955 2468 2.
972 2404 1062 2469 Lasc.

205 2506 464 2589 114ο.νυμφιδίο]
485 2503 574 2568 Libri
591 2526 698 2567 omnes
713 2505 864 2586 νυμφίδια,
879 2504 965 2591 quod
985 2506 1026 2570 ab
1045 2506 1177 2572 librariis
1198 2531 1256 2596 po·

160 2603 253 2668 situm
280 2618 327 2667 est
352 2617 480 2690 propter
502 2602 590 2687 λέχη,
613 2604 699 2690 quod
726 2619 797 2690 post
824 2607 964 2669 ἀπόλωλε
987 2604 1134 2669 insertum
1158 2621 1204 2670 est
1225 2607 1257 2671 in

159 2707 245 2772 libris
267 2707 422 2784 omnibus,
444 2707 570 2771 duobus
591 2707 729 2796 exceptis
744 2707 945 2788 Florentinis,
961 2710 1004 2772 A.
1018 2727 1069 2772 10.
1117 2709 1258 2775 Son'ben·

159 2809 235 2875 dum
252 2813 415 2892 νυμφιδίων
429 2833 501 2875 cum
516 2809 725 2874 Wakefieldo.

206 2935 298 2995 1141.
313 2913 446 2996 λέκτρων
460 2911 588 2994 ἅμιλλα]
607 2912 704 2994 λέκτρ’
721 2912 874 2994 ἀνόμιλλα
888 2911 974 2977 Flor.
990 2932 1020 2978 2.

204 3019 319 3098 antipate
335 3019 408 3080 Par.
424 3018 464 3080 Β.
479 3018 505 3078 F
509 3015 563 3079 lor.
580 3018 625 3079 Α.
640 3034 689 3079 10.
736 3015 841 3102 Vulgo
857 3018 964 3096 κόραις.

207 3139 298 3200 1141.
326 3117 531 3182 Scribendum
558 3117 683 3181 duobus
704 3118 846 3182 versibus
867 3132 903 3182 ut
924 3118 955 3181 in
978 3116 1056 3182 Ald.
1080 3119 1139 3201 έγδ
1161 3122 1194 3185 δὲ
1216 3125 1258 3205 σᾷ

160 3224 303 3306 δυστυχία
321 3220 326 3308 l
346 3219 468 3301 δάκρυσι
482 3223 594 3284 διοίσω.
616 3219 757 3301 δάκρυσιν
772 3218 852 3283 male
866 3219 985 3284 illatum
999 3243 1039 3284 ex
1056 3220 1142 3285 Flor.
1156 3240 1205 3306 15.

207 3343 299 3409 1143.
324 3322 347 3386 ὦ
367 3345 427 3386 om.
452 3321 536 3386 Flor.
562 3341 591 3386 a.
615 3322 662 3404 (in
684 3345 749 3408 quo
771 3345 865 3409 supra
888 3321 1038 3408 scriptum
1061 3345 1103 3388 m.
1126 3327 1203 3408 rec.)
1226 3338 1258 3388 et

163 3429 254 3490 Lasc.

208 3545 300 3613 1145.
322 3532 423 3608 μᾶτερ,
440 3527 537 3594 ἔτεκες
552 3529 692 3591 ἆνόνατα·
715 3525 788 3611 φεῦ]
804 3527 853 3590 Ut
867 3525 1037 3613 probabilis
1052 3526 1141 3592 metri
1156 3526 1258 3592 forma

160 3631 282 3707 evadat,
298 3627 495 3694 scribendum
514 3634 616 3710 μᾶτερ,
632 3629 730 3695 ἔτεκες
749 3628 794 3710 ἄρ’
810 3630 950 3703 ἀνόνατα,
965 3629 1178 3716 interjectione
1200 3634 1259 3711 φεῦ

161 3749 250 3797 extra
265 3754 388 3796 versum
405 3731 514 3817 posita.

204 3836 334 3897 ἆνόυατα
349 3836 421 3897 Par.
438 3835 480 3897 A.
504 3835 654 3897 ἀνόναντα
669 3832 755 3896 Flor.
773 3835 815 3897 A.
860 3832 964 3918 Vulgo
979 3835 1117 3914 ἀνόνητα.

208 3938 298 4016 1146.
314 3937 407 4014 μονίω
423 3937 549 4019 θεοῖσιν]
567 3939 661 4015 μαυίω
676 3934 700 3996 si
716 3932 835 4020 syllaba
850 3934 952 3997 media
973 3934 1065 4021 longa
1079 3952 1136 4015 est,
1152 3961 1260 4003 versus

160 4061 199 4102 ex
225 4035 358 4100 molosso
383 4053 414 4100 et
439 4037 568 4101 bacchio
589 4037 647 4101 erit
669 4035 866 4121 compositus.
914 4036 976 4100 Sed
998 4037 1190 4124 probabilius
1212 4056 1259 4105 est

160 4138 398 4226 ithyphallicum
421 4162 497 4216 esse,
521 4139 640 4226 syllaba
662 4138 764 4202 media
785 4154 927 4225 correpta
950 4138 1038 4203 utin
1063 4138 1170 4205 Rheso
1183 4164 1258 4228 494.

161 4245 242 4306 ἀλλὰ
255 4243 367 4321 μηνίων
386 4240 391 4327 Ι
411 4240 672 4321 στρατηλάταισιν.

208 4362 300 4428 1147.
316 4345 463 4409 Alterum
481 4346 514 4409 ῑδ
529 4367 589 4408 om.
608 4343 801 4408 Flor.1oeet
817 4358 899 4408 recte
913 4343 1052 4407 fortasse.

205 4451 338 4531 συζυγίαι
353 4448 492 4532 Χάριτες]
511 4445 721 4534 Explicantur
735 4445 766 4508 in
782 4445 857 4510 Par.
873 4448 916 4509 A.
933 4447 965 4510 al
984 4448 1225 4529 συζενγνόουσαι,
1241 4449 1259 4512 ό
