2864 4914
300 304 368 367 AD
393 303 700 369 IPHIGENIAM
725 305 1057 370 AULIDENSEM.
1169 307 1234 374 479

136 490 141 499 ·
175 494 252 559 943.
281 479 438 555 θαυμαστὰ
464 475 488 539 δ’
513 478 552 543 ὡς
577 475 670 556 άνάξι’
693 474 891 561 ἠτιμασμένη]
921 478 1018 541 Hanc
1044 476 1232 542 locutionem

131 599 242 663 parum
263 592 367 664 aptam
387 578 460 643 huic
482 577 562 656 loco,
577 602 616 644 ex
632 603 723 644 versu
740 578 904 666 Euripidis
927 580 1094 668 sumpsisse
1108 580 1234 644 videtur

133 678 207 742 Hel.
223 696 298 766 455.
314 679 336 744 ὦ
352 685 470 761 δαῖμον,
487 682 526 749 ὡς
541 680 633 761 ἀνάξι’
649 683 828 763 ἠτιμώμεθα.

175 801 250 867 944.
268 785 381 869 Inepte
397 782 498 847 utitur
512 782 695 871 imperfecto
709 784 747 864 ἥν
762 785 829 865 άρα.

175 900 250 968 945.
267 882 307 970 δ’]
323 883 347 947 τ’
364 884 450 949 Flor.
469 904 498 948 1.
516 903 545 948 ν.
562 885 616 949 sed
634 885 657 950 δ’
674 907 769 972 supra
784 884 900 971 scripto
913 885 945 949 in
962 885 1048 952 Flor.
1068 905 1098 950 2.

175 1004 249 1071 947.
265 988 361 1071 εἴπερ]
379 988 474 1069 ὅσπερ
491 988 563 1051 Par.
579 989 618 1052 C.
643 990 743 1069 ὥσπερ
759 986 844 1051 Flor.
864 1009 890 1050 1.
908 1005 937 1052 2.

174 1090 318 1170 φονεύσει
346 1089 532 1154 Schaeferus.
570 1089 660 1153 Libri
692 1090 821 1172 φονεύει.
860 1091 966 1153 Totus
992 1113 1098 1154 versus
1125 1106 1231 1156 autem

131 1189 281 1254 confictus
303 1204 409 1254 estex
432 1191 535 1255 verbis
557 1190 721 1276 Euripidis
744 1214 774 1254 v.
794 1206 868 1276 937.
890 1191 925 1254 οὗ
948 1188 1168 1272 γὰρ-παρέξω
1187 1193 1232 1277 σᾷ

132 1294 223 1356 πόσει
237 1293 346 1373 τούμὸν
361 1292 459 1375 δέμας·
483 1295 612 1375 τοῦνομα
627 1297 695 1376 γὰρ,
712 1297 739 1359 εἰ
754 1294 801 1357 καὶ
815 1293 855 1372 μὴ
870 1295 994 1374 σίδηρον
1006 1292 1107 1374 ἤρατο,
1124 1293 1233 1373 τούμὸν

132 1395 276 1476 φονεύσει
289 1401 381 1459 παιδα
396 1396 462 1475 σήν.
493 1395 728 1460 Absurdissime
744 1418 817 1459 vero
831 1395 950 1459 dictum
964 1407 1011 1458 est
1025 1398 1107 1476 εἴπερ
1122 1396 1230 1477 φονεύ-

132 1515 182 1554 σει
195 1491 306 1571 τούμὸν
321 1494 415 1572 όνομα
430 1498 474 1580 cip
488 1496 587 1571 πόσει,
602 1497 632 1559 ai
653 1517 765 1559 nonan
785 1516 885 1558 nicam
906 1495 1020 1558 occidet
1040 1496 1230 1571 marinaeo,

132 1592 196 1657 scil.
207 1594 329 1679 filiani.
373 1596 434 1659 Est
449 1595 508 1659 hoc
523 1595 677 1683 ejusmodi
697 1613 732 1662 ut
751 1619 792 1661 ne
813 1598 844 1660 in
865 1597 920 1661 tali
932 1597 1059 1684 quidem
1083 1583 1249 1683 scriptore·

132 1693 309 1774 ferendum,
325 1696 378 1760 sed
395 1702 440 1784 σῷ
461 1699 550 1762 πόσει
571 1699 602 1761 in
626 1705 717 1764 παῖδα
732 1701 789 1779 σὸν
805 1700 990 1764 mutandum
1006 1723 1071 1764 esse
1085 1699 1230 1776 dicerem,

132 1797 191 1862 nisi
206 1815 237 1864 et
251 1799 455 1886 improbabile
470 1818 549 1867 esset
564 1802 668 1867 hocin
684 1802 761 1867 illud
778 1819 913 1867 mutasse
930 1802 1103 1881 librarium,
1119 1816 1150 1866 et
1164 1801 1233 1865 vul-

132 1915 209 1987 gata
231 1901 502 1990 scriptura.facile
527 1927 565 1968 eo
589 1904 738 1993 explicari
763 1920 868 1993 posset
889 1920 927 1970 ut
952 1905 1031 1970 duas
1056 1905 1231 1983 sententias,

132 2002 249 2086 παρέξω
271 2008 401 2086 τοῦνομα
423 2011 466 2093 σῷ
488 2005 578 2072 πόσει
591 2022 623 2071 et
645 2010 783 2089 φονεύσω
803 2013 895 2072 παῖδα
917 2008 974 2087 σήν
997 2009 1028 2071 in
1051 2031 1143 2072 unam
1167 2032 1233 2072 esse

132 2102 377 2189 conglutinatam
393 2105 534 2169 dicamus
555 2107 638 2187 εἴπερ
660 2107 802 2187 φονεύσει
823 2105 932 2185 σοιἰμὸν
951 2107 1046 2184 ὄνομα
1068 2106 1112 2190 cisi
1133 2103 1232 2169 πόσει.

133 2206 208 2269 Non
231 2205 365 2270 multum
385 2206 525 2270 dissimili
546 2206 677 2271 audacia
690 2206 730 2271 ab
745 2207 853 2271 eodem
875 2205 976 2269 aliove
997 2220 1090 2293 poeta
1111 2229 1140 2269 v.
1156 2209 1231 2290 623.

134 2307 252 2373 dictum
269 2323 316 2372 est
331 2311 481 2377 καθεύδεις
493 2315 614 2396 πωλικφ
637 2311 737 2391 δαμεὶς
758 2308 905 2394 όχφ,’ὸοο
919 2323 966 2373 est
981 2310 1130 2375 καθεύδεις
1150 2310 1233 2394 ύπνιρ
1279 2355 1281 2358 >

132 2410 236 2491 δαμεὶς
251 2412 285 2475 ἐν
299 2414 418 2497 πωλικῷ
434 2413 505 2495 όχιρ.

179 2531 252 2599 951.
268 2515 311 2580 eis
325 2514 418 2594 άκραν
431 2512 522 2599 χεῖρ’]
541 2511 672 2578 Dictum
688 2536 746 2600 pro
760 2514 835 2598 άκμρ
848 2512 934 2595 χειρί.

179 2633 198 2699 9
199 2630 253 2698 52.
268 2613 286 2694 ἢ
300 2615 432 2682 Σίπυλος
446 2616 531 2680 ἔσται
544 2613 632 2683 πόλις
645 2617 755 2697 ὅρισμα
768 2613 943 2696 βαρβάρων,
959 2615 1030 2677 ὅθεν
1045 2610 1191 2694 πεφύκασ’
1205 2612 1234 2676 oi

135 2712 335 2798 crparnhdrat
353 2715 454 2801 γένος]
483 2716 611 2804 Sipylus
625 2728 671 2781 est
689 2715 839 2803 oppidum
864 2714 978 2802 Lydiae
1001 2714 1031 2777 in
1056 2713 1233 2800 Magnesia,

135 2816 190 2882 ubi
205 2817 366 2882 habitabat
381 2817 547 2897 Tantalus,
564 2818 676 2883 Nioboe
692 2833 791 2905 pater,
805 2840 903 2904 aquo
917 2816 1041 2880 oriundi
1057 2831 1130 2880 sunt
1147 2819 1233 2903 Aga-

133 2940 279 2984 memnon
295 2936 327 2985 et
342 2919 520 2999 Menelaus,
535 2945 615 3008 quos
629 2921 725 2985 duces
740 2920 845 2986 Graeci
862 2920 1016 2984 exercitus
1038 2917 1162 3005 respicit
1182 2917 1232 2982 bic

136 3023 289 3090 Achillea.
333 3025 449 3088 Sensus
463 3037 585 3088 autem:
609 3022 642 3088 Si
656 3046 716 3109 ego
730 3022 812 3087 hanc
821 3020 957 3108 puellam
973 3020 1005 3084 in
1021 3021 1080 3085 hoc
1095 3020 1234 3107 periculo

135 3123 335 3191 constitutam
356 3125 469 3212 ignave
491 3125 642 3202 deseram,
657 3139 726 3189 tum
750 3123 889 3210 Sipylus,
907 3122 990 3187 unde
1013 3125 1232 3208 Agamemnon

135 3243 224 3292 ortus
245 3242 302 3307 est,
323 3227 453 3314 gloriam
477 3226 636 3315 praeripiat
651 3247 774 3290 omnem
798 3224 935 3301 Phthiae,
951 3247 1024 3310 quoe
1045 3223 1121 3287 mihi
1137 3223 1233 3288 vitam

135 3329 234 3395 dedit.
257 3332 399 3395 BARN.

179 3432 276 3511 πόλις,
290 3434 411 3518 ὅρισμα]
430 3431 566 3513 πόλισμα
581 3432 654 3494 Par.
670 3433 713 3494 A.

180 3552 254 3622 954.
271 3536 366 3602 Φθίας
380 3537 412 3599 δὲ
426 3532 542 3614 τοῦνομ’
560 3531 708 3596 Matthiae
722 3531 818 3596 editio
832 3554 870 3595 ex
890 3530 1068 3618 conjectura
1083 3533 1107 3595 J
1108 3529 1234 3610 acobsii,

137 3661 210 3725 quae
224 3635 404 3703 correctoria
418 3634 529 3700 Aldini
553 3635 706 3720 scriptura
722 3634 831 3699 nititur
852 3636 932 3699 Φθάα
953 3637 986 3699 δὲ
1007 3635 1125 3716 τούμόν.
1172 3633 1233 3699 Sed

136 3739 328 3804 restituenda
341 3738 484 3802 codicum
506 3737 599 3801 lectio
620 3738 700 3800 Φθίο
722 3739 754 3800 δὲ
777 3738 886 3818 τούμόν
906 3736 944 3814 τ’,
960 3737 1030 3813 hoc,
1048 3752 1083 3801 ut
1098 3737 1233 3814 videtur,

138 3865 228 3907 sensu
247 3842 377 3920 dictum,
394 3841 512 3904 Plura
531 3860 667 3927 egoque:
691 3838 748 3901 nisi
770 3839 850 3902 forte
872 3839 960 3920 γένος
981 3861 1017 3903 ex
1043 3838 1236 3926 praecedente

138 3967 227 4008 versu
244 3943 373 4029 intelligi
390 3943 498 4019 voluit,
517 3941 635 4004 Phthia
645 3961 811 4028 genusque
825 3961 936 4003 maim.

183 4064 255 4129 955.
287 4043 441 4126 ἐνάρξεται
471 4040 686 4128 Musgravius,
711 4055 742 4104 et
768 4054 849 4105 recte
877 4039 1017 4103 fortasse.
1055 4039 1145 4103 Libri
1166 4038 1237 4103 θνά-

139 4153 230 4226 ferat.

183 4250 256 4334 958.
279 4248 387 4330 Τυχόν
404 4248 445 4311 ad
468 4245 562 4309 verba
584 4244 617 4312 ὸς
638 4245 728 4308 πόλλ’
748 4245 844 4324 ιἰληθῆ
861 4244 946 4327 λέγει
963 4258 1084 4307 tantum
1108 4258 1237 4327 spectat,

126 4349 199 4418 ‚illis
220 4351 370 4414 πολλὰδὲ
386 4352 482 4432 aaut
498 4347 529 4410 in
553 4345 729 4434 parenthesi
751 4346 869 4432 positis,
885 4360 922 4409 ut
939 4367 1033 4432 supra
1048 4364 1120 4429 945.
1137 4344 1236 4409 Μενέ-

138 4462 214 4522 λεως
236 4451 260 4516 δ’
277 4455 311 4516 ἐν
326 4450 470 4532 ἀνδράσιν
489 4446 687 4536 parenthesin
709 4446 846 4512 faciunt:
872 4447 927 4534 qui
951 4448 1051 4511 multa
1066 4470 1137 4511 vera
1153 4446 1237 4523 dicit,
