2864 4914
159 297 191 361 iv
576 298 846 362 PRAEFATIO.

160 473 403 555 recentiorem,
420 493 500 563 quoe
517 475 625 543 seculi
649 473 770 564 quarti
793 471 921 542 decimi
942 472 1048 542 initia
1068 473 1128 543 vix
1152 472 1263 543 attin-

159 589 234 684 git:
260 610 333 679 qua
356 610 469 679 quum
495 591 570 657 sola
596 597 741 657 utamur
763 587 801 658 in
827 588 947 658 decem
968 587 1099 658 fabulis
1126 597 1263 678 postre-

160 705 240 786 mis,
257 726 329 773 non
347 712 401 772 est
418 702 620 773 mirandum
640 702 825 794 aliquanto
841 704 1012 796 majorem
1031 703 1070 773 in
1082 703 1139 774 his
1152 725 1260 795 quam

159 819 198 889 in
217 818 394 909 prioribus
413 818 565 909 relinqui
584 817 752 888 vitiorum
777 829 944 912 segetem,
965 818 1003 890 in
1028 820 1160 912 quibus
1185 842 1263 889 cor·

159 932 317 1028 rigendis
334 931 402 1001 etsi
420 931 485 1000 viri
505 930 600 1001 docti
617 931 700 1001 inde
723 932 769 1002 ab
787 932 830 1002 G.
845 933 1000 1003 Cantero
1022 942 1059 1002 et
1082 931 1262 1026 Scaligero

159 1072 272 1141 usque
298 1050 342 1118 ad
370 1047 562 1117 novissima
587 1047 665 1118 haec
690 1056 852 1138 tempora
876 1070 949 1117 non
975 1047 1079 1138 pauci
1104 1047 1264 1117 elabora·

159 1174 257 1246 runt,
283 1174 404 1234 tamen
429 1163 537 1232 etiam
567 1163 743 1253 posterior
770 1172 858 1233 aetas
888 1163 1034 1233 habebit
1060 1162 1098 1230 in
1125 1184 1197 1253 quo
1224 1183 1263 1230 se

160 1289 331 1350 exerceat.
383 1279 541 1349 Omnino
566 1279 661 1349 enim
689 1277 877 1369 Euripidis
903 1277 1090 1371 tragoediae
1114 1278 1263 1347 fortuna

159 1418 236 1466 usae
264 1394 384 1464 minus
414 1396 568 1465 secunda
593 1418 700 1486 quam
727 1394 911 1484 Sophoclis
936 1391 1263 1483 Aristophanisque

160 1510 291 1580 fabulae
309 1532 380 1579 non
398 1512 514 1579 solum
532 1513 637 1604 longe
654 1514 773 1600 plures
790 1519 827 1579 et
849 1509 1030 1604 graviores
1056 1530 1164 1598 quam
1185 1507 1263 1576 illo-

160 1647 241 1694 rum
259 1634 417 1714 expertae
434 1633 520 1693 sunt
536 1624 652 1693 omnis
668 1625 809 1717 generis
826 1626 1057 1714 corruptelae,
1074 1624 1135 1694 sed
1153 1622 1263 1692 etiarn

159 1739 359 1810 numerosis
376 1738 613 1809 recentiorum
631 1740 855 1830 quorundam
873 1748 1060 1829 poetarum
1083 1761 1263 1834 gramma·

160 1855 357 1925 ticorumve
374 1853 626 1925 additamentis
643 1863 728 1923 sunt
744 1853 981 1943 interpolatae.
1024 1854 1137 1948 Cujus
1155 1865 1264 1926 teme-

162 1970 281 2041 ritatis
315 1993 398 2061 quae
432 1969 588 2060 plurima
620 1978 658 2038 et
687 1968 1042 2040 manifestissimam
1074 1970 1264 2065 Iphigenia

160 2085 351 2157 Aulidensi
372 2085 600 2175 reperiuntur
624 2086 837 2155 documenta
862 2085 998 2176 aliquid
1024 2085 1263 2156 excusationis

160 2201 294 2270 habent
328 2223 369 2269 eo
403 2201 512 2291 quod
529 2199 772 2290 imperfectam
803 2201 962 2271 fabulam
989 2200 1087 2270 illam
1118 2200 1264 2292 reliquit

160 2314 376 2406 Euripides:
411 2317 472 2385 sed
499 2316 579 2386 aliis
608 2339 751 2407 quoque
775 2317 907 2387 fabulis
932 2317 1081 2386 minime
1106 2318 1264 2407 pepercit

160 2431 455 2522 interpolatorum
492 2431 615 2516 libido,
645 2432 793 2525 adjectis
828 2432 989 2503 versibus
1022 2456 1094 2502 non
1129 2432 1263 2523 paucis,

160 2569 250 2639 quos
280 2556 399 2617 tamen
430 2551 639 2640 plerumque
669 2571 740 2618 non
770 2558 824 2618 est
852 2549 995 2619 difficile
1024 2549 1070 2619 ab
1097 2548 1264 2642 genuinis

161 2663 360 2732 discernere
378 2663 537 2733 versibus
556 2662 754 2754 Euripidis,
772 2664 802 2735 si
821 2664 902 2755 quis
924 2687 995 2734 non
1014 2667 1128 2734 solum
1153 2664 1264 2758 tragi-

162 2800 284 2848 corum
297 2787 456 2847 veterum
474 2778 710 2870 inprimisque
729 2778 917 2871 Euripidis
935 2780 1120 2874 ingenium
1139 2779 1265 2851 dictio-

162 2916 314 2984 nemque
333 2893 420 2962 bene
439 2893 588 2975 noverit,
605 2895 666 2962 sed
684 2895 791 2964 etiam
810 2896 848 2964 in
865 2897 1102 2967 recentiorum
1121 2896 1265 2966 Graeco-

163 3032 243 3078 rum
271 3008 380 3099 poesi,
407 3030 489 3098 quae
518 3008 564 3078 ab
590 3009 774 3078 doctorum
801 3008 1130 3082 Alexandrinorum
1157 3021 1264 3082 aetate

162 3146 276 3214 usque
301 3125 346 3194 ad
372 3123 480 3193 medii
506 3124 576 3193 aevi
598 3134 758 3214 tempora
782 3126 947 3215 pertinet,
967 3128 1017 3199 ita
1038 3130 1087 3199 sit
1103 3138 1264 3198 versatus

164 3250 205 3310 ut
223 3240 261 3308 in
278 3240 406 3309 borum
429 3250 613 3330 poetarum
633 3239 817 3310 sentiendi
842 3241 1053 3336 dicendique
1077 3244 1264 3325 rationem,

164 3379 246 3446 quae
264 3356 388 3425 multis
406 3355 520 3425 modis
541 3356 720 3447 discrepat
741 3356 788 3425 ab
812 3359 993 3448 aequabili,
1016 3369 1110 3429 tersa
1136 3370 1172 3430 et
1197 3363 1265 3429 ele-

164 3471 266 3566 ganti
284 3483 444 3542 veterum
462 3471 667 3543 Atticorum
690 3472 856 3556 dictione,
876 3474 1019 3563 penitus
1044 3496 1081 3544 se
1106 3473 1266 3545 insinua-

166 3587 267 3655 verit.
319 3586 439 3657 Multa
456 3586 663 3679 hujusmodi
681 3587 819 3678 primus
841 3587 1016 3683 sagaciter
1037 3589 1266 3685 investigavit

165 3701 204 3771 in
235 3701 432 3771 Phoenissis
462 3700 732 3785 Valckenarius
764 3707 936 3773 nonnulla
964 3704 1072 3775 etiam
1102 3706 1139 3776 in
1174 3708 1265 3789 aliis,

165 3839 254 3907 quas
272 3826 391 3886 tamen
408 3839 481 3886 non
506 3817 584 3905 pari
610 3838 695 3885 cura
720 3819 988 3907 pertractandas
1013 3819 1082 3889 sibi
1108 3843 1267 3912 sumpse·

165 3941 234 4013 rat,
251 3932 393 4011 fabulis,
417 3929 703 4012 assentientibus,
730 3954 803 4001 uno
828 3935 982 4002 alterove
1007 3937 1083 4004 loco
1108 3947 1267 4028 excepto,

165 4046 392 4139 peritissimis
409 4045 610 4137 quibusque
628 4047 756 4116 barum
780 4070 899 4117 rerum
920 4050 1115 4142 judicibus,
1132 4054 1268 4124 dissen-

167 4161 338 4232 tientibus
355 4160 543 4252 imperitis,
556 4185 646 4253 quos
664 4162 810 4232 dubiam
827 4165 986 4236 codicum
1006 4168 1111 4237 fidem
1128 4169 1267 4240 ratione

166 4278 340 4368 potiorem
367 4276 537 4346 babentes
564 4300 608 4345 ne
631 4277 825 4348 audiendos
848 4280 1004 4370 quidem,
1022 4285 1152 4353 nedum
1173 4284 1268 4354 refo-
