2864 4914
177 251 241 318 216
543 255 920 321 ANNOTATIONES

218 443 401 508 410-420.
426 427 539 490 ἄνω-
557 428 563 514 Ι
581 432 764 511 χωροῦσι-
782 426 788 514 Ι
808 426 855 491 καὶ
870 427 988 491 δίκα-
1006 422 1012 511 Ι
1031 421 1208 505 ἀνδράσι-
1225 420 1232 507 Ι
1251 418 1277 484 δ’

176 528 322 593 οὑκέτι-
341 527 346 615 Ι
365 532 420 593 τὰν
445 527 519 593 δ’-
537 528 542 617 Ι
562 530 774 612 στρέφουσι-
793 527 798 616 Ι
818 528 989 612 έρχεται-
1007 525 1013 614 Ι
1031 527 1235 610 γιννιιικείιρ-
1253 524 1258 611 Ι

176 629 317 695 οὑκέτι-
335 629 341 718 Ι
359 631 549 712 φάμα-ἕξει
562 631 641 696 Ald.
656 631 830 719 eodemque
844 630 938 694 modo
952 629 983 693 in
999 627 1203 713 antistrophe.

217 753 295 814 410.
320 733 511 821 Hesychius,
522 733 605 798 Ἀνω
617 741 766 815 ποταμῶν·
791 736 933 816 παροιμία
955 735 1004 797 ἐπὶ
1021 737 1080 795 νῦν
1096 732 1140 794 ἐπ’
1156 731 1278 794 ἐναντία

177 835 356 917 γενομένων.
389 835 546 920 κέχρηνται
562 839 609 902 καὶ
624 840 778 922 Αἰσχύλος
792 838 841 902 καὶ
856 837 1026 920 Εὐριπίδης.
1062 835 1135 897 Hoc
1150 854 1277 918 prover·

174 936 262 1002 bium
278 938 401 1025 copiose
415 937 611 1004 illustrarunt
627 940 684 1004 viri
699 939 782 1004 docti
797 939 837 1004 ad
854 937 1061 1027 Hesychium.
1085 936 1199 1000 ELM.

217 1039 326 1126 παγαὶ]
342 1042 434 1123 πηγαὶ
448 1040 568 1129 aliquot
582 1042 672 1107 codd.

217 1163 292 1228 415.
309 1145 384 1223 έμλν
399 1167 469 1207 cum
485 1148 594 1224 βιοτὰν
608 1142 872 1232 conjungendum.

217 1247 292 1326 416.
307 1237 477 1328 στρέψουσι
488 1247 666 1312 Elmsleius.
707 1247 889 1334 Legebatur
903 1246 1078 1329 στρέφουσι.

217 1365 292 1427 421.
309 1347 429 1428 λήξουσ’
446 1349 615 1414 Heatbius.
638 1350 763 1431 λήξουσι
777 1352 872 1414 Rom.
891 1350 932 1413 D.
971 1347 1076 1434 Vulgo
1090 1346 1242 1427 >trifolium

216 1468 290 1536 423.
317 1452 476 1539 ὑμνεῦσαι]
504 1455 597 1517 Rom.
620 1455 659 1518 C.
679 1454 718 1516 E.
746 1453 841 1518 schol.
868 1455 1021 1533 ὑμνεῦσαι.
1046 1451 1142 1513 Rom.
1166 1452 1210 1512 A.
1235 1449 1275 1512 B.

173 1553 345 1632 ὑμνέουσαι.
363 1556 457 1620 Rom.
469 1557 511 1619 D.
526 1556 572 1643 [et
584 1557 670 1621 Flor.
686 1555 749 1643 10.]
763 1557 950 1636 ὑμναίουσαι.
965 1555 1057 1640 Mag.
1072 1552 1118 1638 [et
1130 1550 1215 1615 Flor.
1228 1550 1274 1637 2.]

173 1655 308 1735 ὑμνεῦσ’.
354 1659 499 1723 Fortasse
525 1657 692 1746 legendum
715 1663 870 1740 ὑμνοῦσαι.
910 1658 1055 1720 Fortasse
1077 1655 1169 1719 etiam
1192 1670 1276 1717 recte

174 1782 207 1822 se
229 1758 323 1825 habet
347 1761 455 1826 Ionica
476 1762 659 1826 formatum
683 1761 733 1826 hic
756 1776 823 1826 tum
844 1762 945 1848 Hipp.
965 1760 1035 1824 168.
1054 1759 1107 1823 ubi
1123 1758 1219 1845 vulgo
1233 1757 1276 1822 le-

173 1860 260 1948 gitur
271 1861 387 1930 ὰὺτευν.
412 1863 510 1928 Plura
519 1864 661 1952 exempla
670 1864 754 1952 apud
766 1863 952 1951 Euripidem
965 1887 1026 1927 non
1037 1861 1149 1950 reperi.
1172 1861 1274 1949 Apud

174 1963 362 2051 AEsohylum
386 1966 501 2053 legitur
520 1970 720 2051 εἰσοιχνεῦσιν
734 1966 765 2030 in
781 1982 939 2054 anapaesto
954 1968 1058 2030 Prom.
1079 1983 1148 2030 121.
1164 1967 1273 2029 πολεῦ-

173 2092 261 2146 μενοι
275 2067 306 2130 in
322 2069 442 2133 senario
456 2068 529 2133 ibid.
547 2072 621 2151 646.
660 2071 773 2156 Longe
787 2068 968 2133 insolentius
981 2073 1126 2149 μυθεῦσαι
1147 2091 1206 2154 pro
1219 2094 1273 2148 μυ-

174 2170 315 2234 θεύουσαι
336 2187 440 2236 noster
464 2171 535 2259 Ipb.
553 2175 595 2236 A.
613 2174 687 2255 789.
703 2172 797 2236 modo
816 2187 898 2237 recte
920 2196 952 2236 se
973 2172 1087 2236 babeat
1109 2171 1273 2258 scriptura.

174 2270 291 2334 ELM.
326 2275 471 2353 ὑμνεῦσαι
484 2273 575 2338 etiam
593 2274 782 2339 Eustatliius
796 2297 825 2360 p.
837 2276 910 2360 634,
929 2276 977 2338 16.

216 2389 290 2456 425.
307 2373 425 2461 ὤπασε]
446 2375 573 2439 ἔπνευσε
594 2375 713 2462 aliquot
728 2373 821 2438 codd.
836 2390 868 2437 et
885 2374 978 2437 Laso.
1003 2373 1137 2435 Homer.
1152 2369 1213 2435 Od.
1230 2377 1273 2449 Θ,

173 2478 247 2556 498.
264 2476 302 2543 ὣς
316 2477 374 2558 ἄρα
389 2502 433 2541 τοι
447 2479 590 2560 πρόφρων
605 2479 673 2545 θεὸς
688 2479 790 2542 ὤπασε
805 2476 911 2541 θέσπιν
927 2475 1037 2556 ἀοιδήν.

215 2596 291 2660 427.
308 2583 424 2658 Φοῖβος
437 2579 554 2661 ὑγήτωρ
567 2579 700 2667 μελέων]
719 2580 770 2644 Sic
785 2578 974 2644 Eustatbius
990 2601 1020 2664 p.
1037 2598 1087 2657 10,
1103 2577 1152 2640 28.
1177 2578 1273 2640 Rom.

174 2679 212 2742 Β.
236 2679 353 2762 ἀμήτωρ
375 2704 470 2769 supra
492 2683 609 2769 scripto
630 2709 658 2761 η.
682 2684 777 2747 Rom.
794 2686 837 2747 A.
854 2684 893 2747 C.
911 2683 1013 2746 1111.
1037 2682 1131 2745 Lasc.
1147 2677 1272 2760 ἀμήτωρ.

174 2783 254 2860 Quae
269 2781 369 2846 forma
385 2784 579 2869 praeferenda
593 2802 683 2862 esset,
700 2785 724 2849 si
740 2806 812 2849 vere
835 2785 950 2848 Dorica
965 2799 1067 2847 essent
1085 2783 1153 2846 haec
1168 2779 1272 2845 verba.

173 2883 289 2949 Dorice
312 2886 394 2948 enim
418 2884 584 2969 Ἀγησίλας
605 2887 731 2966 dicitur,
753 2887 808 2974 qui
831 2887 939 2952 Attice
963 2885 1163 2969 Ἡγησίλεως.
1210 2884 1272 2948 Sed

172 2987 259 3075 apud
283 2987 417 3075 tragicos
439 2989 626 3072 Δωρίζοντας
648 2991 819 3056 servandus
841 2990 966 3056 videtur
988 2989 1116 3078 spiritus
1137 2987 1193 3075 qui
1212 2990 1273 3052 At-

173 3091 243 3157 ticae
258 3093 368 3156 lormae
383 3093 538 3156 oonvenit.
563 3094 677 3159 ELM.

216 3195 371 3260 Horatius
394 3198 498 3260 Carm.
514 3218 545 3277 4.
561 3200 592 3274 6,
610 3216 662 3280 25.
685 3199 804 3261 Doctor
825 3197 1086 3284 argutaefldicen
1106 3195 1231 3260 Thaliae
1248 3194 1255 3281 Ι

173 3299 296 3377 Ρίιινόε,
319 3302 375 3386 qui
399 3300 532 3365 Xantho
554 3302 638 3364 lauis
661 3301 885 3365 amatorium.
924 3298 987 3364 Alii
1007 3298 1075 3363 libri
1098 3301 1222 3363 Ductor
1242 3311 1273 3361 et

172 3403 319 3488 Argivae.
344 3404 496 3465 Nostrum
512 3402 614 3467 locum
629 3401 760 3467 contulit
773 3401 946 3482 Bentleius,
961 3417 1106 3467 monente
1122 3404 1272 3467 Porsono.

172 3504 290 3567 ELM.

216 3607 290 3685 428.
323 3609 387 3672 ἐπεὶ
412 3607 595 3693 ὰντΙιίχησαν
619 3609 725 3692 ὕμνον]
760 3609 813 3674 Sic
842 3611 935 3673 Rom.
961 3612 1000 3674 C.
1019 3611 1062 3674 D.
1082 3611 1124 3672 E.
1170 3611 1272 3687 Quam

174 3705 357 3793 scripturam
371 3708 468 3796 vulgo
479 3709 647 3797 explicant,
659 3712 725 3775 ἐπεὶ
741 3711 914 3794 ἆντιίχησαν
928 3711 966 3775 ἂν
978 3714 1009 3775 αἱ
1023 3719 1159 3794 γυναῖκες
1170 3716 1272 3791 ὑμνον.

174 3812 268 3874 Rom.
287 3813 328 3873 A.
345 3834 455 3876 acorr.
473 3813 511 3876 B.
528 3814 704 3897 ἀντάχησαν
717 3817 826 3894 ὕμνοις.
850 3817 944 3878 Rom.
962 3816 1006 3877 A.
1027 3830 1099 3878 ante
1120 3838 1198 3879 corr.
1220 3818 1272 3879 ἆυ-

173 3914 293 3996 τάχησοι
307 3916 417 3992 ὕμνοις.
458 3915 547 3978 Idem
564 3916 822 4003 suprascriptum
839 3916 933 3980 habet
947 3920 1048 3997 ὕμνου.
1086 3917 1275 3982 Eustatlrius

175 4041 207 4103 p.
224 4020 299 4100 634,
319 4037 365 4100 13.
382 4017 557 4100 ἀντάχησαν
571 4021 666 4098 ὕμνοι.
711 4022 815 4097 Quam
835 4020 1017 4107 scripturam
1033 4019 1173 4105 agnoscit
1188 4019 1275 4083 scho-

173 4118 294 4182 liastes:
319 4121 348 4182 ol
362 4121 447 4198 ὑμνοι
462 4127 520 4183 τῶν
533 4127 635 4201 μελῶν
650 4121 822 4204 ἀντήχησαν
836 4121 874 4185 ἂν
888 4121 960 4202 πρὸς
976 4122 1042 4188 τοὺς
1057 4123 1174 4203 ἄνδρας,
1191 4123 1274 4186 ἄντε·

175 4221 390 4308 κωμῳδήσαντο
407 4221 525 4307 (malim
545 4222 798 4304 ιἰντεκωμώδησιίν
816 4231 860 4306 τε)
882 4224 930 4288 καὶ
952 4224 1163 4303 ἁντιδιέβαλον
1183 4224 1230 4297 ἂν,
1248 4228 1274 4288 εἰ

175 4322 367 4389 ὑἈπόλλων
382 4325 549 4406 ἐδωρήσατο
571 4330 635 4391 ταῖς
657 4327 772 4407 γυναιξὶ
791 4326 824 4389 τὸ
839 4326 952 4409 λέγειν.
987 4328 1085 4390 Burn.
1102 4325 1274 4409 ἆντιίχησεν

173 4431 276 4510 ὑμνον.
315 4426 418 4492 Schol.
432 4426 519 4491 Ἐπεὶ
533 4426 729 4511 ἆντιίχησεν.)
745 4432 836 4493 ταῦτα
859 4431 907 4493 καὶ
929 4432 969 4497 εἰς
991 4433 1028 4495 τλ
1048 4428 1193 4494 Ἡσιόδου
1215 4431 1272 4493 dte.
