2864 4914
516 303 584 365 ΑΙ)
606 300 858 365 ALCESTIN.
1173 297 1239 365 829

140 468 389 557 intelligendum.
435 472 592 560 Apollinis
620 474 781 536 oraculum
813 473 982 535 Patarense
1010 466 1140 555 intelligi
1170 466 1237 530 ani·

140 572 307 638 madvertit
322 576 501 653 Barnesius,
517 576 571 661 qui
591 575 710 661 Virgilii
726 575 809 639 locos
821 574 897 638 citat
913 574 989 637 AEn.
1002 593 1032 654 4.
1048 592 1100 659 43.
1115 585 1147 635 et
1161 572 1237 656 346.

140 674 316 739 Diodorum
335 678 430 742 Sicul.
447 696 480 763 5,
494 682 548 763 56.
564 693 715 742 memorat
730 679 857 764 Musgr.

187 782 257 842 116.
280 779 482 867 Ἀμμωνίδας]
500 781 551 843 De
566 781 646 845 Jove
662 782 820 843 Ammone
837 778 878 842 ab
893 776 1139 842 Atheniensibus
1152 777 1239 841 culto

139 902 169 944 v.
190 881 325 944 Boeclrh.
343 885 440 969 Corp.
458 883 557 946 Inscr.
573 881 632 945 vol.
649 903 677 946 1.
693 905 726 968 p.
744 900 816 966 252.
834 881 1037 945 PFLUGK.

187 1002 258 1068 135.
283 987 472 1067 αἱμόρραντοι
494 987 606 1070 θυσίαι]
626 988 679 1049 Ex
702 985 761 1048 hoc
779 982 846 1048 loco
861 996 1020 1069 sumptum
1036 997 1082 1047 est
1097 983 1236 1063 αἱματόρ-

138 1111 240 1164 ραντοι
255 1087 362 1161 θυσίαι,
379 1086 465 1173 quod
480 1111 518 1151 ex
535 1087 747 1152 Choerobosoo
763 1085 869 1150 attulit
885 1083 1048 1149 Beklterus
1066 1084 1097 1148 in
1113 1083 1235 1149 Anecd.

139 1209 170 1272 p.
185 1189 276 1270 1308.
1150 1205 1155 1215 ’

187 1310 254 1375 ¹37·
275 1293 407 1376 ὀπαδῶν]
434 1292 526 1370 Quod
549 1315 587 1356 ex
611 1295 655 1356 A.
677 1290 800 1356 enotavi
823 1293 941 1355 ὀπαδῶν
962 1312 1033 1353 cum
1057 1289 1167 1375 spiritu
1190 1312 1237 1353 as-

139 1414 225 1478 pero,
241 1392 322 1456 idem
346 1409 392 1457 est
412 1393 442 1457 in
459 1393 544 1458 Flor.
561 1412 674 1479 10.15.
697 1410 728 1458 et
748 1392 822 1458 alibi
843 1393 1000 1458 interdum
1025 1392 1165 1481 praebent
1187 1415 1238 1456 co-

138 1494 222 1559 dices
235 1509 266 1559 et
280 1496 328 1560 ed.
346 1496 484 1561 Aldina:
509 1498 549 1562 de
563 1521 628 1583 quo
642 1497 715 1562 satis
729 1497 830 1561 habeo
849 1496 908 1560 hoc
928 1495 996 1561 looo
1009 1495 1039 1560 in
1057 1495 1234 1560 universum

139 1597 301 1661 monuisse.

185 1721 255 1781 141.
273 1706 425 1767 θανοῦσαν
440 1703 518 1786 ἔστι]
536 1708 639 1767 θανεῖν
653 1700 752 1780 ἔξεστι
768 1702 796 1765 F
798 1699 853 1765 lor.
870 1702 914 1765 A.
931 1721 1045 1785 10.15.

185 1804 255 1882 148.
288 1804 327 1867 In
355 1804 554 1870 annotatione
578 1804 618 1869 ad
646 1804 730 1869 hunc
751 1826 873 1868 versum
899 1826 957 1891 pro
979 1811 999 1842 “
1016 1803 1104 1883 αὐτῆς
1125 1804 1236 1868 Lasc.”

137 1904 356 1991 corrigendum
372 1917 395 1946 ‘⁶
411 1910 508 1975 αὐτοῖς
524 1908 632 1971 Lasc.”

187 2027 255 2089 149.
280 2009 400 2073 Herod.
416 2029 449 2094 5.
464 2029 517 2094 92.
537 2033 570 2096 p.
586 2029 661 2094 423,
678 2029 732 2093 94.
755 2008 910 2091 πέμψαντι
930 2007 989 2091 γάρ
1010 2010 1040 2072 ol
1063 2009 1118 2090 (sc.
1143 2013 1252 2093 Περι(

138 2106 248 2192 άνδριρ)
271 2111 303 2175 ές
324 2111 522 2190 Θεσπρωτοὺς
548 2109 592 2173 ἐπ’
614 2108 781 2193 Ἀχέροντα
803 2109 938 2189 ποταμὸν
959 2108 1109 2191 ἀγγέλους
1130 2109 1179 2173 ἐπὶ
1196 2109 1234 2174 ’τὸ

139 2211 378 2289 νεκυομαντήϊον,
392 2211 635 2293 παρακαταθήκης
656 2211 724 2293 πέρι
746 2214 880 2290 ξεινικῆς,
903 2212 971 2274 οὔτε
993 2211 1154 2292 σημανέειν
1177 2213 1236 2293 ἔφη

139 2313 157 2390 ή
173 2312 319 2376 Μέλισσα
334 2316 524 2396 ἐπιφανεῖσα,
541 2317 609 2379 οὔτε
624 2314 775 2396 κατερέειν
790 2317 824 2378 έν
838 2316 878 2399 τῷ
893 2312 991 2377 κέεται
1004 2315 1090 2399 χείρω
1105 2316 1124 2394 ἡ
1142 2325 1237 2398 ἰταρα·1

140 2414 296 2495 καταθήκη·
319 2418 423 2497 ῥιγοῦν
436 2442 469 2481 τε
490 2421 558 2501 γὰρ,
581 2418 628 2482 καὶ
651 2417 728 2481 εἶναι
748 2415 854 2500 γυμνή·
879 2422 937 2479 τῶν
958 2415 1017 2498 γάρ
1039 2418 1068 2480 ol
1089 2417 1233 2499 σνγκατέ·

139 2521 221 2598 θαψε
237 2519 359 2598 ἱματίων
374 2520 487 2601 ὄφελος
502 2519 578 2585 εἶναι
593 2521 689 2594 οὐδὲν,
706 2521 742 2584 οὐ
757 2517 1010 2584 κατακαυθέντων.
1027 2519 1129 2583 ΜΟΝ
1133 2521 1176 2583 Κ.

189 2638 256 2703 151.
273 2620 347 2702 γυνή
361 2619 399 2706 τ’]
417 2622 492 2704 γυνή
505 2620 533 2704 γ’
549 2621 626 2686 Ald.

186 2742 254 2806 153.
280 2725 400 2797 Vertas.
424 2726 506 2789 relat
527 2735 610 2790 αιιιιι
630 2725 680 2790 tle
702 2746 822 2789 woman
844 2725 880 2788 be
902 2723 967 2787 mlo
988 2723 1046 2789 las
1064 2727 1236 2815 ιιιτραιιοιί

138 2824 222 2887 laer?
245 2827 395 2890 MONK.

187 2929 255 2991 160.
280 2931 419 3010 κεδρίνων
440 2930 553 3019 δόμων]
571 2932 693 2993 Homer
709 2929 749 2994 Il.
765 2935 807 2992 Ω.
819 2949 892 3015 191.
912 2952 1005 3015 quern
1029 2931 1131 2995 locum
1154 2933 1233 2997 veri·

139 3029 237 3093 simile
252 3047 298 3094 est
313 3031 497 3118 Euripidem
514 3033 555 3096 ob
569 3033 677 3096 oculos
695 3031 856 3095 habuisse:
882 3033 978 3101 Αὐτὸς
1000 3032 1024 3097 δ’
1046 3037 1077 3101 ἐς
1099 3035 1236 3118 θάλαμον

140 3133 326 3212 κατεβήσατο
349 3137 488 3212 κηώεντα,
506 3133 659 3216 Κέδρινον,
680 3136 851 3216 ὑψόροφον,
871 3133 904 3201 δς
925 3136 1041 3216 γλήνεα
1062 3141 1164 3202 πολλὰ
1186 3165 1233 3203 κε-

138 3235 252 3318 χάνδει.
281 3236 456 3322 Wakefield.
483 3236 630 3300 Graevius
656 3237 747 3300 Lect.
772 3235 905 3300 Hesiod.
928 3259 955 3300 a.
978 3257 1009 3321 3.
1035 3238 1110 3325 (Op.
1137 3256 1169 3304 et
1190 3241 1234 3305 D.

140 3339 208 3421 96.)
225 3337 446 3425 interpretatur
460 3339 608 3418 κεδρίνους
623 3340 728 3418 δόμους
742 3338 888 3401 cedrinas
902 3360 1004 3402 arcas.
1021 3341 1173 3405 MONK.

185 3457 256 3522 172.
271 3442 425 3529 μυρσίνης]
438 3442 584 3527 Myrtum
597 3441 627 3505 in
646 3458 838 3506 mortuorum
855 3440 974 3505 inferiis
987 3441 1158 3508 adhibitam
1170 3469 1235 3510 esse

138 3541 229 3606 docet
245 3543 412 3630 Spanhem.
429 3542 467 3606 ad
486 3541 609 3607 Gallim.
625 3566 655 3630 p.
670 3563 746 3628 315.
763 3543 912 3607 MONK.

185 3664 255 3729 173.
271 3645 452 3731 ἄκλαυστος]
469 3647 616 3711 ἄκλαυτος
631 3643 717 3708 Flor.
735 3663 764 3711 2.
783 3646 873 3709 Lusc.

186 3751 254 3828 176.
287 3748 467 3812 Meminerit
496 3748 591 3810 lector
614 3746 748 3811 Didonis
778 3746 936 3810 moriturae
959 3746 1045 3834 apud
1070 3747 1234 3834 Virgilium

140 3851 215 3912 AEn.
237 3871 268 3929 4.
285 3851 357 3929 648.
402 3852 479 3927 Hic,
502 3859 667 3937 postquam
690 3849 809 3911 Iliacus
831 3857 928 3912 uestes
950 3859 1118 3937 notamque
1138 3853 1237 3917 cubile

140 3952 321 4037 Conspexit,
335 3953 480 4039 patellam
505 3954 676 4039 lachrymis
698 3960 728 4015 et
749 3961 848 4015 manle
870 3962 1005 4030 marala,
1028 3955 1236 4043 Iamldailque

137 4063 215 4130 lora,
241 4054 383 4142 diaitqrae
408 4057 580 4119 raouiarima
605 4054 720 4118 uerba:
758 4053 875 4117 Dalm
903 4057 1039 4130 emma,
1062 4056 1137 4119 dum
1152 4059 1236 4141 fiala

138 4158 286 4242 Deaeque
309 4158 507 4220 sinebant-.
552 4158 652 4220 Recte
675 4154 807 4220 contulit
833 4157 949 4220 Portus
974 4158 1161 4245 Sophocleas
1182 4159 1235 4223 de-

137 4258 318 4345 scriptiones
339 4259 474 4323 locastae
497 4258 575 4322 (Ed.
599 4260 644 4322 T.
665 4278 758 4339 1241.
781 4272 812 4321 et
835 4259 994 4345 Dejanirae
1017 4259 1136 4324 Trach.
1160 4281 1233 4344 914.

138 4363 241 4426 MON
247 4364 290 4425 K.

181 4467 229 4529 καὶ
243 4465 342 4549 λέγει]
361 4465 489 4548 κόλεγεν
504 4463 582 4530 Ald.
