2864 4914
465 297 534 359 AD
557 295 953 359 ANDROMACHAM.
1197 297 1261 362 857

205 481 278 548 231.
301 463 377 529 τέκν’
394 466 478 533 δσοις
494 466 525 529 in
550 468 636 531 Flor.
653 486 683 532 2.
704 467 746 530 ab
759 466 819 531 alia
839 490 932 531 manu
956 480 1150 543 annotatum,
1166 480 1198 531 et
1218 466 1261 532 sic

158 564 238 629 liber
254 568 399 631 Puteani.
438 568 528 632 Libri
544 569 654 655 reliqui
669 567 747 633 τέκν’
765 569 828 650 (vel
849 569 953 654 τέκνα)
969 571 1023 636 oie.
1059 568 1152 633 Solus
1166 570 1258 634 Lasc.

159 667 236 733 τέκν’
252 671 341 734 οἶσιν.

205 791 277 857 232.
300 775 376 838 ὅσον
398 801 448 839 σοι
469 777 574 859 ῥᾳδίως
595 775 790 862 παρίσταται]
814 778 975 850 Quantum
996 795 1018 837 a
1039 784 1069 838 te
1089 776 1261 862 impetrare

157 883 253 960 potes.
276 878 475 957 προσίσταται
490 879 563 941 Par.
579 878 662 941 Α.Β.
681 878 767 942 Flor.
784 898 813 943 2.
834 899 880 942 ιο.
901 895 948 961 15.
964 878 1010 940 H.

206 996 278 1060 239.
294 979 380 1065 δύνῃ]
400 979 604 1043 Scribendurn
622 981 702 1064 δύνᾳ.
727 979 798 1043 Vid.
813 978 854 1043 ad
871 978 997 1043 Hecub.
1015 997 1086 1064 252.

205 1098 279 1160 240.
295 1083 331 1143 οὓ
348 1083 419 1144 Par.
437 1084 478 1144 A.
496 1081 582 1144 Flor.
598 1085 642 1146 A.
674 1083 780 1169 Vulgo
795 1085 842 1146 ἅν.

203 1182 361 1268 ἀλγήσεις]
379 1184 515 1266 ἀλγήσης
530 1186 602 1249 Par.
619 1187 658 1248 Β.
677 1187 704 1248 F
706 1187 761 1249 lor.
782 1201 831 1271 15.
855 1184 1000 1267 δλγήσοις
1015 1185 1060 1247 Η.

204 1303 278 1364 241.
295 1292 386 1350 τοῦτο
400 1293 514 1370 πρῶτα]
533 1293 634 1368 πρῶτα
647 1292 739 1352 ταῦτα
754 1289 827 1353 Par.
843 1289 927 1353 B.E.
943 1287 971 1349 F
974 1286 1029 1350 lor.
1043 1288 1085 1350 A.
1101 1305 1192 1350 2.10.
1211 1305 1258 1372 15.

160 1389 253 1452 Lasc.

202 1494 371 1581 πανταχοῦ]
388 1497 525 1576 πανταχῆ
540 1493 619 1557 Ald.

204 1614 280 1674 242.
295 1595 449 1659 Deleatur
465 1599 523 1670 νοί,
539 1596 625 1682 quod
641 1619 680 1660 ex
703 1598 776 1660 Par.
792 1597 883 1660 A.H.
900 1608 931 1658 et
947 1593 1032 1658 Flor.
1047 1609 1198 1681 quattuor
1212 1603 1260 1660 est

159 1696 291 1760 illatum.
336 1700 397 1762 Est
412 1698 492 1762 enim
509 1697 756 1763 additamentum
772 1696 958 1784 interpretis.
996 1697 1144 1761 Similiter
1158 1711 1260 1785 poetae

159 1799 254 1863 verba
266 1801 356 1865 Med.
370 1802 462 1887 1366.
477 1801 540 1880 ἥτις
553 1826 590 1882 γε
605 1801 735 1882 σώφρων
746 1798 909 1862 scholiasta
920 1798 1066 1885 explicat,
1079 1800 1138 1874 vul,
1154 1800 1258 1882 φησὶν,

160 1903 258 1988 ἐκείνῃ
272 1904 334 1980 ἥτις
349 1905 480 1985 σώφρων
492 1903 577 1984 γυνή.
601 1925 694 1988 quem
710 1900 811 1965 locum
827 1900 934 1965 attulit
948 1901 1145 1988 Lentingius.

204 2006 275 2086 246.
293 2005 324 2072 ές
339 2007 366 2066 π’
382 2003 575 2090 ἀποβλέπον]
593 2008 635 2071 είς
649 2002 678 2066 α’
696 2003 863 2083 ἐπιβλέπων
879 2005 953 2066 Par.
970 2005 1013 2068 A.

204 2125 276 2189 247.
290 2105 459 2190 Ἀχιλλέως
473 2107 571 2192 φόνῳ]
588 2107 726 2192 Propter
740 2107 853 2168 cadem
870 2105 1011 2168 Achillis.

204 2211 276 2290 248.
292 2211 339 2293 δὲ]
357 2235 394 2292 γε
409 2208 486 2272 Ald.

204 2331 275 2396 251.
290 2311 398 2398 οὕνεκ’]
417 2309 503 2375 εἵνεκ’
520 2312 566 2374 Η.
590 2312 630 2373 lu
648 2312 722 2373 Par.
738 2312 783 2373 A.
799 2310 890 2390 οὗπερ
906 2308 1003 2373 ἐνθάδ’
1016 2309 1105 2374 ίιιιίνω
1120 2333 1160 2374 ex
1174 2311 1257 2398 glos-

158 2430 292 2479 semate:
316 2413 369 2478 sed
386 2412 628 2500 superscriptum
645 2412 736 2495 οὗπερ
751 2411 826 2476 ἕνεκ’
843 2410 983 2490 ἐστάλην.

202 2535 219 2580 2
221 2534 275 2602 54.
299 2521 325 2581 εί
338 2517 378 2598 μὴ
396 2518 463 2596 (μὲν
479 2517 552 2579 Par.
568 2515 624 2595 A.)
642 2516 789 2594 θανοῦμοί
804 2512 849 2598 γ’]
875 2511 1017 2576 subaud.
1034 2515 1143 2596 λείψω.
1180 2517 1258 2579 Lin-

156 2642 251 2706 qnam
272 2641 360 2696 sona,
373 2621 404 2682 si
424 2620 461 2682 de
483 2619 593 2681 mortis
612 2616 753 2702 periculo
774 2625 889 2680 metum
907 2619 1086 2680 removeris.
1118 2621 1145 2682 εί
1159 2621 1192 2682 δέ
1206 2618 1256 2698 μὴ,

156 2723 288 2811 alioqui,
304 2721 431 2810 ponitur
445 2720 537 2785 etiarn
561 2741 731 2806 praegressa
745 2718 920 2805 negatione.
958 2718 1051 2783 Plato
1067 2721 1169 2808 Hipp.
1184 2722 1256 2808 maj.

157 2848 189 2911 p.
206 2828 266 2911 285
284 2827 325 2889 Ε.
340 2825 447 2911 ibique
464 2821 632 2887 Heindorf.
657 2822 863 2887 PFLUGK.

202 2946 273 3012 255.
291 2929 396 3012 ἄραρε]
414 2929 504 3008 ἅρηρε
520 2927 611 2988 Lasc.
628 2923 704 2987 Ald.

201 3046 273 3114 257.
288 3035 345 3111 πΰρ
360 3055 409 3093 σοι
423 3029 588 3113 προσοίσω]
610 3029 729 3090 Praeter
744 3027 926 3092 scholiasten
942 3028 1004 3091 vid.
1022 3028 1166 3092 Turnebi
1181 3028 1254 3092 Ad·

155 3155 233 3196 vers.
250 3153 279 3216 9.
307 3149 403 3195 c.12.
442 3132 488 3193 Et
513 3153 585 3215 quae
612 3152 669 3193 nos
691 3129 730 3193 ad
757 3131 852 3195 Herc.
877 3133 956 3195 Fur.
980 3155 1012 3194 v.
1035 3150 1105 3210 242.
1129 3131 1169 3195 de
1190 3132 1256 3219 igni
1376 3219 1378 3222 Α

156 3236 283 3299 admoto
297 3234 344 3310 iis,
359 3231 416 3318 qui
430 3231 470 3294 ad
491 3254 559 3295 aras
574 3231 726 3317 fugissent
741 3247 799 3296 etc.
839 3234 890 3297 Ita
905 3233 1040 3297 Plautus
1054 3232 1085 3295 in
1103 3232 1254 3309 Rudenti,

158 3338 211 3401 ubi
227 3336 357 3425 puellas,
374 3334 413 3398 ad
430 3334 559 3397 Veneris
573 3356 658 3397 aram
674 3334 825 3411 sedentes,
842 3336 969 3399 Labrax
993 3335 1064 3398 leno
1078 3334 1256 3401 abstrahere

157 3441 277 3527 nequit,
299 3439 360 3502 ait:
388 3437 559 3500 Volcanum
582 3435 755 3510 adducam3
786 3437 812 3500 is
831 3438 960 3502 Veneris
981 3454 1028 3502 est
1049 3439 1255 3505 adversarius.

158 3544 247 3608 Idern
272 3543 302 3605 in
329 3538 534 3616 Mostellaria,
558 3538 610 3602 ubi
632 3539 859 3627 Theuropedes
884 3541 924 3605 ad
949 3563 1072 3606 servunt
1098 3544 1253 3607 Tranium

155 3670 239 3711 aram
262 3658 486 3731 occupantem:
510 3642 585 3705 Jam
597 3642 717 3725 jubebo
737 3645 845 3730 τ’ἕιιιιιι
867 3653 896 3708 et
914 3655 1084 3723 sarmenta,
1103 3646 1254 3724 carnifex,

155 3750 351 3814 circumdari.
374 3746 514 3811 BARN.

201 3856 271 3936 258.
288 3853 371 3935 τάδε]
388 3853 455 3914 τόδε
472 3852 544 3914 Par.
563 3852 606 3914 A.

199 3974 272 4040 259.
302 3961 405 4019 δεινῶν
435 3952 619 4036 τραυμάτων]
654 3955 796 4030 Quorum
828 3950 991 4016 vulnerum
1022 3953 1142 4017 nullum
1173 3955 1253 4019 foret

154 4057 362 4133 mortiferum,
385 4078 424 4119 ne
445 4054 577 4141 supplex
600 4053 682 4117 divae
705 4071 814 4119 necata
828 4070 918 4133 esset,
939 4053 993 4119 sed
1016 4078 1088 4141 quae
1111 4056 1253 4122 universa

153 4160 308 4224 efficerent
337 4174 372 4221 ut
396 4172 496 4221 morte
521 4155 727 4220 occumberet.
774 4155 921 4221 Solebant
948 4157 990 4222 sic
1019 4157 1153 4245 improbi
1177 4158 1253 4247 legis

153 4263 350 4337 beneficium,
363 4284 437 4347 quae
448 4259 585 4336 vetabat,
597 4258 652 4345 qui
667 4258 706 4322 ad
723 4282 806 4323 aram
824 4259 1015 4346 templumve
1029 4263 1251 4348 confugissent,

154 4361 295 4439 interfici,
312 4359 429 4423 miseris
452 4358 575 4422 tollere:
601 4359 646 4423 nti
664 4359 791 4423 Medeae
807 4359 919 4425 liberos
932 4360 1085 4424 Corinthii
1098 4386 1253 4442 κατετραυ-

151 4464 279 4543 μάτισαν
294 4462 380 4549 apud
396 4460 582 4548 Apollodor.
604 4482 632 4537 1,
649 4482 678 4546 9.
703 4463 934 4528 LENTING.

657 4586 746 4648 Allss
