2864 4914
159 309 227 377 ’498
355 306 735 373 ANNOTATIONES
758 309 826 373 AD
850 308 1077 375 1PH.AUL.

206 478 299 564 1583.
322 477 401 543 εἶδεν
415 479 482 563 jam
499 476 572 541 olim
593 475 759 564 conjecisse
780 475 959 563 aliquem,e
980 475 1167 541 Marklandi
1192 494 1274 544 nota

160 580 282 668 colligo.
308 581 389 644 οἶδεν
403 578 483 645 libri.
508 580 650 644 ΜΑΤΤ
654 581 701 643 Η.

208 682 298 768 1588.
336 683 496 764 διαπρεπὴς
532 682 586 761 τὴν
623 679 698 746 θέαν
734 681 786 744 vix
823 680 903 746 alius
937 683 1103 770 quisquam
1141 682 1275 749 dixerit.

165 784 355 849 MATTH.
1140 818 1144 826 ·

207 886 300 972 1589.
323 884 461 971 ἐραίνετ’]
489 884 691 950 Scribebatur
706 883 858 967 ἐρραίνετ’.
903 889 973 950 Aut
990 885 1114 968 ἐραίνετ’
1132 888 1276 975 scripsit,

159 1004 224 1066 aut,
240 986 327 1074 quod
344 987 513 1052 numesius
527 986 638 1065 voluit,
654 986 774 1070 βαίνετ’.

206 1108 298 1176 1592.
325 1090 523 1154 Versificator
551 1089 683 1176 primam
710 1090 793 1154 vocis
817 1093 924 1154 θυσίαν
951 1089 1101 1177 syllabam
1134 1091 1274 1179 pmduci

158 1215 249 1279 posse
264 1193 398 1280 putavit.
421 1194 615 1257 MATTH.

206 1313 301 1381 1594.
331 1294 464 1376 μάλιστα
489 1296 541 1375 τῆς
571 1293 658 1376 κόρης
697 1318 756 1382 pro
784 1301 906 1376 μᾶλλον
935 1301 986 1376 τῆς
1025 1295 1114 1378 κόρης
1145 1298 1273 1363 dictum

160 1399 353 1463 MATTH.

208 1517 299 1585 1595.
314 1498 403 1579 μιάνῃ
421 1500 491 1564 Par.
507 1501 545 1564 B.
571 1497 671 1580 μιάνας
689 1499 794 1587 vulgo,

206 1603 299 1687 1596.
315 1600 407 1682 ἡδέως
422 1603 453 1665 in
469 1602 549 1667 duas
564 1602 699 1690 syllabas
713 1618 907 1667 eontractum
922 1603 1076 1690 imperite.

205 1721 300 1790 1597.
319 1703 412 1769 Ἰλίου
431 1704 454 1767 τ’
473 1704 645 1792 ἐπιδρομάς]
671 1706 817 1769 Fortasse
832 1729 870 1770 ex
889 1703 963 1770 Hel.
980 1725 1053 1785 404.
1072 1705 1127 1768 ubi
1144 1705 1274 1784 ἀξένους

158 1808 182 1871 τ’
202 1805 368 1888 ἐπιδρομάς.

206 1925 297 2007 1599-.
326 1911 471 1973 Acoentu
494 1908 590 1995 pedes
612 1908 772 1972 dimensus
796 1933 862 1974 asse
885 1910 1008 1974 videtur
1030 1924 1152 1972 noster:
1170 1947 1275 1959 ...-

158 2014 197 2080 ὡς
215 2011 220 2098 Ι
239 2009 333 2095 ἡμέρα
347 2011 417 2099 τῇδε
431 2016 485 2075 δεῖ.
510 2012 701 2074 ΜΑΤΤΗ.

205 2116 296 2194 1604.
313 2114 392 2178 ὥστε
407 2139 456 2178 σοι
471 2112 586 2194 φράσαι
601 2113 712 2176 soloece
734 2135 793 2200 pro
815 2114 864 2177 ἵνα
878 2137 927 2175 σοι
942 2110 1058 2193 φράσω.
1105 2113 1174 2175 Ρτο
1188 2113 1272 2193 φρεί·

158 2244 210 2281 σαι
226 2216 297 2281 Par.
314 2217 356 2278 A.
374 2214 513 2295 φράσειν.
538 2217 729 2278 ΜΑΤΤΗ.

205 2319 297 2384 1608.
314 2316 478 2403 ἀφίστατο]
496 2317 570 2381 Vid.
587 2320 715 2381 Porson.
732 2316 772 2380 ad
789 2314 880 2408 Med.
901 2335 926 2378 1.
952 2315 1147 2378 MATTH.

205 2425 297 2487 1621.
322 2426 405 2485 ΑΓΓ.
421 2443 524 2484 errore
539 2420 712 2507 typothetae
732 2418 961 2504 praescriptum,
977 2417 1032 2502 qui
1048 2421 1271 2505 Agamemno-

158 2526 206 2589 nis
220 2547 333 2589 nomen
348 2545 464 2610 ponere
479 2522 622 2588 debebat.

206 2630 296 2710 1627.
314 2625 390 2712 ίκσῦ]
410 2625 497 2689 Libri
513 2627 586 2690 ίκον.
612 2625 705 2703 Quod
719 2623 831 2688 servari
848 2623 878 2686 in
895 2624 953 2686 boc
965 2623 1114 2710 scriptore
1127 2641 1269 2710 poterat,
