2864 4914
157 266 221 333 166
520 270 898 336 ANNOTATIONES

160 439 313 527 Xenoph.
329 441 435 506 Anab.
453 462 482 506 2.
498 465 570 530 pag.
587 445 659 529 169,
677 464 725 527 19.
741 444 794 508 τὸν
807 446 866 526 γάρ
882 448 958 507 θεῶν
970 437 1105 520 πόλεμον
1123 439 1175 504 ούκ
1196 439 1264 503 οἶδα

159 543 219 609 οὔτ’
236 543 295 607 άπὸ
310 546 396 608 ποίου
415 544 453 608 ἂν
467 543 577 628 τάχους
591 548 713 628 φεύγων
727 571 770 612 τις
784 547 943 627 ἀποφύγοι.
982 544 1022 607 111
1037 541 1086 605 his
1100 540 1174 606 locis
1188 540 1260 605 sim-

160 645 234 733 plici
249 645 344 709 verbo
359 661 498 725 conatus,
513 647 684 734 composito
699 647 828 711 effectus
841 646 1007 710 indicatur.
1030 645 1134 709 POR.

207 767 299 833 1223.
320 748 498 828 Ἐτεοκλέης
516 749 540 814 δ’
556 749 656 832 ὑπῆρξ
671 749 763 814 codd.
778 748 880 814 multi.
923 751 1082 827 Ἐτεοκλῆς
1102 743 1260 829 προύπῆρξ

160 850 237 916 Ald.

203 953 268 1039 ἀπ’]
294 952 338 1017 ἐπ’
354 953 475 1039 aliquot
489 952 580 1017 codd.
616 951 816 1016 Constructio
830 968 893 1017 est:
917 951 980 1016 Ἐτ.
996 949 1020 1014 δ’
1035 952 1145 1032 ὑπῆρξε
1157 949 1263 1032 λέγειν

161 1059 204 1122 είς
224 1056 321 1136 μίσον
343 1054 393 1119 ἄπ’
410 1058 510 1136 ὀρθίου
531 1058 644 1137 πύργον
666 1057 786 1122 σταθεὶς
809 1053 853 1119 ἐπ’
869 1055 967 1127 αὐτοῦ,
992 1068 1028 1117 ut
1050 1051 1170 1116 Troad.
1186 1069 1261 1135 524.

160 1159 219 1222 άνῖι
241 1156 265 1221 δ’
283 1154 415 1237 ἐβόασεν
436 1159 514 1224 λεῖος
527 1156 666 1239 Τρωάδος
681 1158 739 1221 άπὸ
755 1159 864 1239 πέτρας
879 1157 1009 1222 σταθείς.
1038 1169 1070 1218 et
1084 1153 1188 1236 λέγειν
1202 1147 1263 1217 άπό

158 1285 238 1326 τινος
252 1257 345 1323 τόπου
360 1258 494 1322 solennis
514 1275 560 1323 est
575 1259 679 1324 dictio.
717 1259 789 1323 Vid.
807 1262 951 1324 Gramm.
967 1258 1026 1321 Gr.
1050 1258 1080 1338 ξ.
1095 1258 1169 1340 596.
1186 1254 1219 1319 b.
1233 1278 1261 1319 c.

160 1362 351 1426 MATTH.

208 1484 299 1546 1224.
317 1466 451 1553 κηρῦξαι]
469 1468 588 1547 κηρύξαι
603 1464 682 1529 libri.

206 1585 298 1651 1225.
323 1568 421 1631 Hunc
436 1590 559 1631 versum
582 1568 623 1631 ab
638 1566 725 1632 libris
746 1566 853 1630 multis
866 1567 973 1630 abesse
994 1564 1155 1630 annotavit
1175 1562 1262 1627 scho-

159 1669 256 1735 liasta.

205 1774 298 1837 1226.
316 1773 437 1854 άριστῆς
453 1773 489 1834 Β.
528 1773 658 1852 ἀριστεῖς
671 1771 750 1835 Ald.

206 1891 297 1958 1230.
313 1871 404 1954 μόνος
414 1873 614 1959 jungendum
630 1896 700 1936 cum
718 1872 815 1940 οὗτός.

206 1995 298 2061 1232.
321 1973 412 2039 πόλιν
426 1975 517 2039 codd.
540 1973 681 2061 plerique
702 1990 734 2039 et
751 1974 829 2039 Ald.
855 1976 948 2040 πάλιν
961 1975 1036 2038 duo.
1070 1973 1151 2060 μόνῳ
1174 1975 1212 2038 Β.
1229 1986 1261 2037 ct

161 2078 246 2144 Flor.
263 2078 418 2143 secundus
432 2101 451 2141 a
465 2091 656 2143 correctore:
681 2101 751 2142 uam
767 2078 913 2165 primitus
926 2078 1037 2142 habuit
1052 2075 1154 2158 δόμον.

206 2200 297 2266 1233.
312 2179 468 2267 Ἀργείαν]
485 2180 618 2267 Aliquot
635 2180 726 2245 codd.
742 2179 897 2262 Ἀργείων.
923 2179 1056 2262 Ἀργεῖοι
1071 2180 1111 2244 Β.
1127 2196 1157 2245 et
1173 2179 1261 2246 Flor.

160 2284 325 2348 secundus.

207 2405 299 2472 1234.
324 2389 483 2452 νίσσεοθαι
498 2389 537 2452 Β.
553 2387 676 2474 aliique.
715 2384 781 2449 Alii
806 2388 976 2450 νείσσεσθε.
1014 2386 1138 2449 νίσεσθε
1161 2388 1207 2450 Η.
1227 2399 1260 2450 et

161 2488 238 2554 Ald.
264 2489 337 2553 Vid.
354 2489 492 2553 Boeckh.
505 2490 545 2553 ad
563 2489 656 2553 Pind.
671 2489 720 2552 Ol.
736 2507 769 2572 3,
791 2508 838 2551 1ο.
872 2488 935 2565 Qui
950 2490 1139 2574 sequebatur
1153 2512 1261 2553 versus

160 2599 300 2674 σπαρτῶν
315 2618 348 2656 τε
362 2592 437 2658 λαὸς
452 2592 518 2658 ἅλις
532 2593 604 2656 ὅσος
627 2595 718 2653 κεῖται
740 2592 848 2664 θανόν,
865 2605 991 2654 notatus
1011 2615 1031 2655 a
1046 2590 1260 2672 Valckenario,

160 2694 246 2758 deest
266 2696 297 2756 in
319 2692 404 2757 Flor.
419 2692 539 2777 quinto.
586 2693 650 2754 Pro
664 2693 737 2759 ὅσος
758 2692 789 2755 in
815 2695 859 2757 H.
874 2692 1004 2782 aliisque
1026 2695 1184 2761 codicibus
1205 2720 1260 2760 sex

160 2796 308 2882 scriptum
326 2795 369 2862 ὃς.
414 2794 511 2858 Pauci
527 2794 618 2858 etiam
635 2796 737 2875 νεκρός
751 2818 808 2881 pro
824 2798 933 2860 θανόν.

206 2900 299 2983 1236.
317 2898 411 2977 ἔλεξε·
437 2898 490 2964 σὸς
504 2897 633 2961 codices.
672 2897 758 2976 ἔλεξ’·
781 2898 868 2965 ὁσὸς
882 2897 959 2962 Ald.

207 3017 299 3086 1237.
315 3000 439 3084 τάξεων]
459 3001 567 3080 τάξεως
583 3001 628 3062 Η.
643 3015 674 3063 et
690 3003 779 3086 Aug.
796 3023 888 3064 nnus.

210 3123 299 3184 1240.
316 3105 364 3167 ἐπὶ
380 3108 480 3167 τοῖσδε
500 3118 562 3167 tres
577 3100 669 3166 codd.
708 3101 856 3189 Plerique
879 3105 927 3167 ἐπὶ
941 3111 1003 3171 τοῖς
1017 3105 1051 3167 δ’.
1089 3106 1187 3169 Pauci
1211 3109 1261 3171 ἐπὶ

159 3204 276 3269 τοῖσιδ’
292 3229 362 3269 cum
379 3204 455 3269 Ald.

201 3309 397 3392 μεταιχμίοις]
414 3309 603 3390 μεσοιχμίοις
619 3310 657 3372 B.

206 3431 299 3491 1241.
316 3413 453 3490 ἐμμενεῖν
469 3409 637 3474 Elmsleius
651 3410 691 3474 ad
709 3410 798 3474 Med.
815 3416 886 3497 736.
913 3412 1095 3499 Legebatnr
1111 3416 1258 3495 ἐμμένειν.

203 3512 403 3593 στρατηλάται
418 3515 465 3575 Η.
481 3513 595 3598 aliique
610 3510 759 3575 nonnulli.
798 3514 1003 3595 στρατηλάτας
1016 3515 1092 3579 Ald.

206 3631 298 3697 1245.
315 3616 448 3699 ἀριστῆς]
468 3616 596 3695 ἀριστεῖς
611 3613 691 3678 libri.

209 3736 298 3802 1249.
322 3719 443 3798 λόγοισι
465 3718 663 3797 θαρσύνοντες
685 3721 812 3797 ε’ξηύδων
827 3720 911 3803 τάδε]
934 3723 1055 3801 λόγοισι
1077 3723 1259 3802 θαρσύνοντε

159 3823 335 3902 προσηύδων
350 3819 419 3882 τάδε
434 3818 523 3882 codd.
542 3819 690 3905 plerique.
727 3821 787 3884 Sed
804 3844 907 3885 veram
924 3822 1107 3907 scripturam
1124 3847 1260 3888 servasse

160 3922 308 3987 videntur
331 3924 370 3986 B.
395 3938 426 3984 et
449 3920 536 3985 Flor.
560 3922 715 3986 secundus
738 3926 841 4006 λόγοις
865 3924 1029 4006 ἐθάρσυνόν
1055 3951 1088 3990 τε
1110 3929 1260 4006 κάξηύδων

159 4026 238 4090 τάδε.

205 4145 298 4210 1253.
315 4124 470 4206 σκήπτρων
484 4129 611 4211 κρατεῖς]
632 4126 703 4190 Vid.
718 4128 758 4191 ad
775 4152 805 4190 ν.
821 4149 895 4214 591.

206 4231 297 4315 1256.
320 4227 431 4313 ῥήξεις]
457 4230 620 4293 Mirabiles
642 4243 715 4295 sunt
731 4231 963 4296 scholiastarum
986 4234 1200 4297 annotationes
1220 4235 1261 4298 de

159 4350 254 4422 rupta
268 4329 379 4394 vesica.
405 4341 426 4368 “
440 4332 479 4395 In
495 4331 663 4419 ignispiciis
685 4333 839 4398 flammam
862 4335 1055 4422 potissimum
1078 4337 1259 4423 spectabant

160 4434 320 4525 quomodo
334 4457 365 4497 se
380 4455 436 4520 per
449 4457 541 4498 auras
556 4434 740 4522 explicaret:
765 4437 851 4534 nulla
865 4437 901 4502 fit
916 4437 946 4501 iu
963 4438 1000 4500 iis
1020 4455 1123 4525 ruptae
1140 4439 1260 4519 vesicae,
