2864 4914
335 303 404 367 AD
427 303 731 368 IPHIGENIAM
756 301 1088 369 AULIDENSEM.
1199 302 1260 367 aul

206 489 279 558 979.
296 475 417 557 ἀγαθοὶ]
435 475 543 557 ἀγαθοὶ
556 473 676 539 oodioes
690 487 722 539 et
735 474 880 539 Stobaeus
898 493 948 556 14,
963 491 994 559 5.
1019 476 1049 538 oi
1061 474 1159 555 ’γαθοὶ
1175 473 1251 538 Ald.

205 575 279 659 980.
294 573 332 654 ἢν
346 575 475 641 codices.
499 579 554 641 ἐὰν
568 574 647 641 Aid.
670 576 708 642 ἀν
724 576 879 644 Stoboeos.

206 677 281 760 981.
297 679 442 763 οἰκτροὺς]
460 681 580 760 οἰκτρῶς
594 679 667 743 Par.
683 681 726 743 A.

206 778 278 864 982.
296 781 406 864 κακῶν]
426 779 786 862 801ὶί1011ᾶ11111κακῶνγ’
803 802 843 845 ex
859 782 931 844 Par.
949 779 994 844 Α.
1011 778 1097 843 Flor.
1117 799 1146 843 1.
1162 797 1191 844 2.

206 881 278 965 983.
295 883 337 966 τι]
354 906 401 945 τοι
416 882 503 946 Flor.
522 903 550 945 1.
568 900 598 947 2.

206 983 279 1066 984.
295 985 423 1066 ὠφελῶν
437 985 601 1047 Οαοῑοταο.
625 983 758 1066 ἀφελεῖν
773 983 855 1062 libri,
871 996 903 1048 et
917 995 1000 1047 reete
1014 982 1153 1048 fortasse.

206 1104 280 1169 992.
298 1084 388 1149 ίκίτιν
404 1087 528 1150 Portus.
568 1085 658 1150 Libri
675 1084 783 1164 ἱκέτην.

206 1204 279 1271 993.
297 1186 514 1272 ἀπαρθένευτα]
540 1188 576 1252 oi
589 1187 741 1269 πρέποντα
763 1185 922 1268 παρθένοικ
936 1206 976 1250 ex
990 1184 1022 1248 h.
1037 1185 1061 1247 l.
1077 1183 1263 1271 interpreta-

162 1302 216 1353 tur
231 1289 422 1376 Hesychius.

205 1412 281 1477 994.
304 1393 383 1474 ὄμμα
405 1394 565 1474 ἐλεύθερον
588 1391 763 1480 iphigeniae
785 1406 831 1456 eat
853 1392 961 1456 vultus
981 1390 1149 1476 ingenuus,
1163 1388 1265 1475 qualis

160 1492 313 1559 estliberi
334 1494 479 1558 hominia.
503 1493 539 1558 δι’
555 1496 662 1568 αἰδοῦς,
678 1517 748 1558 cum
765 1495 901 1582 pudore,
918 1506 954 1557 ut
972 1492 1003 1555 in
1023 1490 1085 1556 illis
1100 1494 1148 1556 διὰ
1163 1492 1264 1573 φόβον

163 1594 249 1670 εἶναι,
264 1597 303 1659 δι’
317 1598 407 1678 ὀργῆς
427 1597 510 1676 ἥκειν
529 1595 626 1683 Soph.
642 1595 722 1660 OEd.
739 1598 779 1661 C.
795 1611 870 1680 905.
886 1593 1058 1680 dequibus
1076 1591 1141 1656 vid.
1157 1593 1264 1678 Bergb

162 1696 203 1761 ad
219 1696 317 1762 Arist.
334 1699 418 1761 Ran.
439 1715 532 1783 1459.
548 1697 690 1762 Brunck.
706 1696 746 1761 ad
763 1697 861 1784 Sopb.
874 1695 956 1760 (ud.
973 1695 1015 1760 T.
1029 1708 1105 1779 773.
1120 1692 1262 1758 Elmslei.

162 1797 203 1864 ad
220 1798 308 1863 Med.
326 1801 401 1880 842.
417 1813 448 1864 et
462 1800 565 1887 ipsum
580 1799 616 1865 δι’
628 1803 727 1868 αἰδοῦς
742 1800 827 1865 εἶπον
843 1799 958 1865 Baoch.
973 1817 1047 1880 441.
1064 1797 1255 1861 MATTH.

207 1914 280 1983 995.
303 1896 388 1984 ἡμὴ]
407 1900 574 1967 ιδουιΡατ.
591 1901 634 1965 Α.
667 1903 732 1966 tuot
746 1899 832 1964 Flor.
851 1920 880 1963 1.
897 1918 926 1966 a.
961 1896 1048 1963 Illud
1071 1903 1264 1985 thovapost·

163 2000 258 2063 modo
271 1998 303 2063 in
320 2002 384 2064 ἰδού
397 2014 565 2079 mutatum,
580 2023 619 2065 ex
641 2004 741 2069 αἰδοῦς
761 2024 829 2066 esse
850 2013 1047 2089 corruptum,
1061 1999 1150 2089 quod
1171 2000 1265 2065 modo
1295 2005 1302 2024 “

164 2099 333 2187 praecessit,
348 2114 431 2164 recte
452 2101 671 2166 animadvertit
695 2102 851 2167 Matthiae.
897 2102 986 2167 Illud
1006 2124 1083 2167 vero
1101 2121 1164 2166 non
1186 2101 1267 2167 vidit

165 2218 267 2268 totum
289 2224 413 2266 versum
436 2224 503 2267 esee
522 2203 702 2270 delendum.
748 2206 832 2269 Nam
854 2191 1027 2293 Euripides
1049 2203 1074 2268 ti
1094 2203 1264 2269 orationem

166 2305 426 2393 Clytaemnestra,
440 2326 514 2392 quae
536 2305 636 2370 multo
650 2307 755 2394 aptius
777 2306 1012 2394 modestiaeque
1023 2305 1127 2371 verbio
1147 2315 1265 2392 praece·

164 2407 313 2473 dentibus
347 2407 467 2487 finitur,
497 2406 553 2472 tali
584 2407 691 2496 aliquo
721 2408 936 2474 additamento
963 2420 1079 2496 augere
1107 2409 1266 2488 voluisset,-

165 2510 273 2598 paullo
287 2509 376 2574 aliter
387 2524 466 2575 esset
478 2509 614 2574 locutus.
660 2511 901 2575 Incommodum
914 2525 961 2576 eat
975 2511 1057 2576 enim
1072 2512 1267 2594 παροθσηο-

165 2613 257 2679 σέθεν
271 2612 315 2677 ita
332 2612 427 2699 juxta
442 2635 474 2676 ae
493 2611 566 2699 poni
588 2626 624 2676 ut
647 2613 798 2694 παρούσης
817 2612 857 2677 de
877 2612 939 2677 aha
952 2612 992 2678 ait
1010 2609 1267 2701 personaintelli-

165 2715 303 2802 gendum
319 2722 417 2801 quam
430 2712 535 2779 σέθεν.

209 2835 282 2902 997.
299 2818 376 2897 ὅμως
391 2819 415 2880 δ’
430 2817 505 2880 ὅσον
519 2842 555 2899 γε
570 2817 696 2882 δυνατὸν
710 2819 858 2883 αἰδεῖσθαι
871 2817 985 2902 χρεόν]
998 2816 1158 2894 Attamen,
1167 2835 1267 2902 ανατο-

166 2920 317 3005 tamflen'
327 2927 441 3005 potest,
455 2921 665 2983 reverentiam
679 2919 793 2984 habere
804 2920 959 2985 debemus.
997 2918 1059 2983 His
1074 2916 1176 2982 verbis
1192 2919 1268 3004 Cly-

166 3036 344 3086 taemnestra
358 3019 521 3105 significat,
537 3041 569 3083 ae
584 3042 646 3084 non
668 3023 762 3107 plane
777 3005 946 3087 abhorreie
958 3022 1000 3086 ab
1013 3043 1049 3086 ea
1064 3019 1216 3086 sententia
1230 3034 1267 3084 ut

166 3122 256 3189 offleii
270 3142 379 3187 caussa
392 3119 578 3185 adducenda
592 3122 632 3186 eit
648 3122 826 3209 Iphigenia.
848 3125 992 3188 ΒΟΤΗ.

215 3243 306 3290 1002.
321 3221 397 3303 ἥξετ’
414 3225 457 3290 είς
471 3224 554 3307 ἴσον]
577 3226 779 3289 Tantundem
791 3227 967 3314 effeceritis.

213 3346 307 3412 1003.
324 3327 363 3406 ἧν
378 3327 423 3390 Is.
438 3325 574 3391 Vossius.
599 3331 629 3391 d
640 3327 721 3392 libri.

213 3450 305 3515 ¹005·
322 3431 455 3494 comma
471 3442 540 3516 post
555 3427 618 3494 ίσθι
633 3445 716 3495 reete
730 3431 835 3517 posuit
851 3432 1065 3496 Hermaonus.

213 3532 305 3596 1006.
327 3529 423 3610 μάτην
445 3529 473 3592 α’
498 3532 682 3613 ἐγκερτομῶν
709 3532 930 3598 Μακίιίαοάαο.
965 3531 1063 3612 μάτην
1083 3530 1268 3611 ἐγκερτομῶν

167 3631 247 3698 timi.
294 3630 498 3696 scribendum
513 3630 611 3712 μάτην
624 3657 662 3699 σε
676 3641 825 3716 κερτομδν
838 3655 909 3700 cum
926 3635 968 3699 L.
979 3630 1156 3709 Dindorfio,
1171 3650 1267 3716 quem

168 3735 239 3799 vide
253 3736 284 3798 in
302 3735 470 3798 Thesauro
486 3735 636 3821 Stephani
652 3739 713 3803 vol.
727 3757 758 3823 3.
774 3761 806 3824 p.
822 3753 863 3824 79
879 3739 922 3803 D.

214 3817 828 3940 ¹mmffiffiffl·m.

215 3956 305 4002 1011.
321 3943 469 4019 πείθωμεν
485 3940 555 4003 Par.
573 3943 656 4006 ΑΕ.
686 3939 841 4025 πειθώμεθ
857 3943 929 4007 Par.
946 3942 984 4006 B.
1000 3938 1088 4004 Flor.
1106 3956 1134 4005 2.
1158 3937 1266 4002 πείθο-

167 4064 224 4122 μεν
237 4040 261 4104 τ’
279 4041 363 4104 Flor.
385 4062 411 4103 1.
434 4041 591 4122 πειθοίμεθ’
608 4043 684 4107 Ald.

212 4143 311 4230 αὖθις]
327 4145 406 4209 αὖτις
421 4141 502 4205 libri.

131 4293 135 4302 .
214 4266 307 4325 1014.
322 4248 340 4308 θ
354 4271 382 4308 τι
396 4243 553 4309 Reiskius.
578 4248 609 4310 τί
621 4246 700 4310 libri.

215 4349 308 4411 1016.
323 4344 361 4426 ἢν
376 4345 595 4412 Marklandus.
623 4347 723 4434 Vulgo
738 4349 784 4411 ἀν.

212 4449 385 4535 ἀντιβαίνῃ]
405 4449 573 4529 ἀντιβαίνοι
588 4450 659 4514 Par.
676 4451 720 4513 A.

702 4571 740 4613 11
