2864 4914
495 299 560 361 AD
586 297 921 362 HIPPOLYTUM.
1193 296 1258 363 287

198 471 274 555 367.
297 470 419 551 τρέφειν
433 491 452 533 α
465 467 590 554 tragicis
611 467 761 533 dicuntur
776 467 933 533 hominem
948 490 1021 555 quoe
1042 490 1115 533 cum
1137 465 1258 553 ubique

154 583 187 635 et
201 569 349 634 continuo
364 569 563 634 comitantur.
608 571 695 636 Hinc
711 571 809 659 Soph.
825 573 906 637 OEd.
921 572 964 636 Τ.
980 585 1055 656 374.
1070 575 1139 652 μιῦς
1153 569 1257 653 τρέφει

154 673 227 756 πρὸς
243 675 356 740 νυκτόςΙ
380 674 573 738 ΜΑΤΤΗ.

197 777 272 862 368.
290 774 452 860 ἐξέφηνας]
472 775 621 859 έξέφαναο
635 778 680 840 Η.

197 880 273 965 369.
289 877 470 959 παναμέριος
484 877 602 942 dictum
619 877 755 956 videtur,
772 890 808 941 ut
824 876 913 964 apud
935 877 1032 964 Soph.
1048 876 1164 942 Trach.
1180 877 1253 941 660.

155 982 226 1044 ὅθεν
239 982 329 1060 μόλοι
350 979 530 1061 πανόμερος,
547 980 567 1043 i.
584 1004 612 1044 e.
635 982 670 1045 έν
683 984 753 1067 τῇδε
774 983 810 1067 τῇ
832 979 936 1065 ἡμέρη,
951 979 1032 1044 sicut
1045 979 1132 1066 apud
1157 981 1255 1044 Hom.

144 1084 317 1167 ,παννύχιος
331 1105 393 1145 non
409 1094 455 1146 est
467 1104 527 1169 per
542 1092 637 1147 totam
651 1092 779 1159 noctem,
796 1083 849 1146 sed
865 1093 968 1147 rroctn.
992 1084 1183 1147 MATTH.

197 1203 273 1272 370.
291 1186 502 1250 τελευτάσεται
517 1209 589 1274 pars
600 1184 753 1250 codicum.
780 1184 846 1249 Alii
858 1184 1067 1266 τελευτήσετοι
1078 1208 1150 1250 cum
1164 1187 1254 1250 Lasc.

155 1285 235 1351 Ald.

196 1409 270 1475 371.
287 1391 333 1475 οἳ]
352 1388 370 1478 ᾖ
387 1392 433 1455 Η.

197 1494 288 1578 τύχα]
307 1496 381 1577 τύχη
397 1496 442 1557 Η.
459 1509 491 1558 et
507 1492 592 1557 Flor.
609 1509 639 1558 2.

196 1612 272 1681 377.
288 1598 370 1660 Haec
383 1595 463 1660 ridet
477 1594 644 1682 Aristoph.
660 1596 741 1659 Ran.
754 1597 829 1679 962.
844 1594 899 1675 ἤδη
913 1593 977 1659 ποτ’
994 1595 1028 1659 ἓν
1041 1600 1141 1677 μακροῦ
1155 1597 1254 1682 χρόνῳ

156 1697 261 1765 νυκτὸς
276 1701 479 1781 διηγρύπνησα
493 1698 546 1763 τὸν
560 1696 666 1776 ξουθὸν
681 1700 885 1779 ἱππαλεκτρυῶ
901 1698 993 1777 ζητῶν
1006 1698 1051 1765 τίς
1067 1700 1150 1762 ἔστιν
1164 1701 1253 1780 ὅρνις.

196 1819 272 1884 379.
288 1804 355 1865 τόδε
370 1801 501 1865 codices.
524 1801 594 1864 τάδε
609 1799 687 1865 Ald.

196 1903 273 1987 381.
298 1904 350 1966 οὐκ
376 1906 559 1983 ἐκπονοῦμεν
584 1901 625 1986 δ’]
654 1903 723 1966 κούκ
746 1903 928 1981 ἐκπονοῦμεν
954 1904 1028 1967 Par.
1052 1905 1095 1969 E.
1117 1904 1204 1969 Flor.
1224 1922 1253 1968 2.

155 2005 247 2069 Lasc.
258 2005 370 2069 omisso
381 2004 416 2084 δ’,
430 2006 514 2091 quod
529 2004 616 2069 deest
626 2004 717 2068 etiam
732 2004 762 2067 in
776 2002 863 2068 Flor.
877 2021 924 2090 15.
938 2007 1043 2070 Havn.
1061 2008 1252 2071 MATTH.

197 2109 273 2193 387.
288 2108 395 2192 ἤστην]
414 2109 486 2188 ἤπην
501 2105 597 2171 schol.
615 2107 747 2171 Homeri
763 2107 803 2172 Ii.
819 2114 857 2186 A,
872 2128 941 2190 104.

198 2210 369 2295 γράμματα]
398 2210 557 2292 πράγματα
579 2211 650 2273 Ρατ.
674 2210 759 2273 AB.
780 2225 811 2274 et
836 2233 893 2297 pro
916 2233 979 2274 var.
1002 2210 1072 2275 lect.
1097 2212 1184 2277 Flor.
1203 2229 1251 2297 15.

155 2313 313 2396 γράμματα
335 2313 415 2378 dixit
438 2312 616 2377 Menander
636 2312 667 2375 in
691 2312 759 2377 loco
780 2312 936 2376 simillimo
955 2313 1041 2400 apud
1066 2313 1184 2380 Athen.
1204 2335 1254 2401 13.

153 2439 187 2502 p.
200 2432 263 2501 571
282 2420 323 2482 E.
347 2416 499 2500 γράμματε
514 2417 590 2504 legit
605 2416 768 2481 scholiasta
784 2416 928 2481 Homeri.

196 2523 270 2604 388.
293 2518 453 2602 προγνοῦσ’
470 2521 543 2583 Par.
559 2521 605 2582 A.
621 2532 663 2597 et,
687 2519 712 2582 si
734 2519 810 2604 quid
835 2542 873 2583 ex
897 2518 1018 2583 silentio
1031 2518 1252 2605 colligendum,

155 2621 241 2686 Flor.
258 2637 330 2687 tres.
370 2620 473 2707 Vulgo
488 2620 642 2704 φρονοῦσ’.

198 2744 273 2810 393.
290 2722 455 2809 ε’νέγκαιμ’]
473 2722 679 2788 Scribendum
696 2722 850 2807 dadyrorn’.

197 2829 271 2914 398.
287 2830 334 2913 δέ]
352 2854 385 2892 τε
401 2829 474 2892 Par.
495 2832 538 2893 A.
554 2829 639 2894 Flor.
656 2830 699 2893 A.
715 2848 766 2912 15.

197 2950 274 3011 400.
290 2929 393 2995 τοισίδ’
410 2930 600 2996 Brunckius.
640 2931 823 3018 Legebotur
836 2936 944 2995 τοῖσιν.

197 3053 272 3116 402.
287 3036 508 3122 βουλεύμασιν]
524 3035 738 3115 βουλευμάτων
753 3033 841 3098 Flor.
857 3035 900 3098 A.
917 3053 966 3097 10.

197 3153 271 3222 405.
294 3138 438 3222 δυσκλεᾶ]
469 3136 541 3202 Scil.
564 3138 668 3210 οὖσαν,
692 3151 728 3200 ut
752 3135 849 3222 Soph.
870 3136 949 3201 OEd.
966 3137 1004 3200 C.
1021 3136 1093 3200 806.
1114 3137 1207 3217 ἄνδρα
1228 3135 1252 3199 δ’

154 3238 248 3304 οὐδέν’
263 3238 316 3304 οἶδ’
333 3241 392 3321 ἐγὼ
407 3241 532 3318 δίκαιον,
547 3263 589 3304 sc.
605 3241 687 3304 ὄντα.
712 3239 903 3303 ΜΑΤΤΗ.

195 3346 272 3423 406.
286 3344 333 3428 τε]
351 3345 383 3407 δὲ
399 3345 472 3407 Ροτ.
491 3344 534 3407 A.

196 3445 271 3526 418.
288 3444 428 3530 τέρεμνα]
447 3444 579 3527 τέραμνα
594 3445 687 3508 Lasc.

196 3568 271 3634 419.
288 3547 471 3634 ἀποκτείνει]
488 3549 646 3612 ἀποκτενεῖ
659 3545 746 3612 Flor.
762 3562 810 3633 15.
828 3548 875 3611 H.
891 3545 969 3613 Ald.

196 3668 271 3738 429.
287 3650 417 3734 προθεὶς]
436 3651 578 3733 προσθεὶς
592 3648 669 3713 Ald.
684 3664 714 3713 et
733 3648 849 3714 Stoboei
863 3669 917 3735 90,
937 3669 985 3714 11.
1001 3647 1099 3713 codex
1115 3647 1213 3713 Paris.
1255 3702 1257 3707 ⁴

196 3753 333 3838 παρθένῳ
349 3752 414 3838 νέη]
432 3751 580 3835 παρθένος
595 3749 649 3816 νέα
663 3749 742 3816 Ald.
788 3751 850 3816 Sed
866 3749 972 3838 puella
985 3772 1047 3815 non
1062 3762 1166 3837 potest
1180 3774 1252 3816 cum

154 3866 293 3940 tempore
316 3855 506 3941 comparari3
532 3854 589 3920 hoc
613 3854 696 3919 enim
720 3852 788 3918 aliis
812 3852 966 3918 hominem
993 3851 1119 3931 indicat,
1144 3852 1199 3918 illa
1221 3877 1253 3919 se

153 3956 276 4020 sibimet
290 3956 369 4043 ipsi;
393 3957 452 4022 hoc
466 3960 622 4040 προτίθησι
637 3956 811 4039 κάτοπτρον,
827 3955 880 4020 illa
900 3957 1078 4039 προτίθεται,
1094 3957 1155 4020 τοῦτ’
1171 3978 1252 4044 pro·

150 4061 250 4146 ponit.
298 4060 413 4145 Itaque
429 4059 619 4146 comparatio
640 4057 682 4123 ad
705 4058 868 4143 κάτοπτρον
882 4071 1004 4123 tantum
1029 4057 1174 4146 pertinet,
1190 4080 1253 4123 non

153 4162 192 4226 ad
208 4164 329 4246 χρόνον.
354 4162 545 4226 ΜΑΤΤΗ.

195 4285 269 4351 431.
286 4264 458 4349 ἁπανταχῆ]
474 4267 648 4350 ἁπανταχοῦ
663 4262 742 4328 Ald.

195 4387 271 4455 432.
294 4367 442 4447 κομίζεται
461 4365 547 4430 Flor.
565 4383 594 4431 2.
613 4380 662 4450 15.
686 4366 779 4431 Lasc.
795 4365 874 4431 Ald.
895 4388 967 4431 cum
984 4365 1061 4431 Chr.
1078 4367 1151 4429 Pac.
1166 4378 1249 4449 547:

152 4470 268 4557 quibus
289 4469 470 4537 auctoribus
493 4468 547 4557 qui
572 4467 669 4558 vulgo
688 4468 817 4535 additur
839 4468 984 4536 Stobaeus
1004 4484 1039 4554 5,
1064 4484 1116 4546 νο,
1139 4465 1253 4533 rectius
