2864 4914
545 283 614 346 AD
638 281 863 347 MEDEAM.
1192 280 1256 349 195

73 400 76 405 ·
193 468 248 537 52.
265 458 321 516 σοῦ
336 453 379 516 A.
402 478 459 518 σου
473 451 551 518 Ald.

198 574 251 639 54.
268 557 410 620 πίτνοντα
425 557 517 620 Rom.
534 556 576 621 D.
592 559 734 622 πιτνόντα
749 557 845 620 Rom.
861 556 990 620 A-RC.
1005 559 1165 619 πιτνοῦντα
1178 552 1256 617 ΑΜ.

155 663 302 721 πιτνῦντα
319 658 414 721 Rom.
429 651 470 722 E:
487 675 517 724 et
534 645 651 723 AElian.
665 660 752 724 N.A.
770 679 800 743 7,
817 659 868 724 28.
884 660 1030 723 πίπτοντα
1045 657 1191 722 Stoboeus
1204 658 1257 735 62,

154 780 207 846 37.
222 762 375 825 πίτνοντος
390 762 582 826 Eumathius
597 763 625 826 8.
641 786 673 850 p.
689 783 765 848 314.
804 755 906 827 Unice
921 783 1029 826 verum
1044 776 1091 825 est
1104 762 1257 839 πίτνοντα,

155 862 195 928 de
209 887 273 949 qua
287 863 388 928 forma
402 863 468 928 dixi
483 864 523 928 ad
540 865 670 930 Heracl.
686 876 738 948 77.
754 866 870 930 ELM.

198 966 253 1049 56,
269 984 298 1042 7.
320 964 392 1030 ὥσθ’
415 966 515 1049 ἵμερός
535 970 565 1047 μ’
587 971 702 1047 ύττῆλθε
723 973 763 1055 γῇ
786 993 818 1033 τε
840 967 972 1052 κούρανῷ
993 967 998 1054 Ι
1016 965 1102 1045 λέξαι
1123 967 1259 1052 μολούσῃ

156 1072 241 1149 δεῦρο
265 1070 397 1146 Μηδείας
418 1069 525 1156 τύχας]
542 1069 705 1134 Philemon
728 1069 815 1155 apud
833 1069 1025 1133 Atheuoeum
1044 1090 1078 1153 p.
1097 1067 1158 1131 288
1175 1069 1218 1131 D.
1240 1089 1260 1130 a

158 1169 344 1256 Musgravio
358 1170 528 1257 allegatus:
554 1173 593 1238 ὥς
607 1173 706 1253 ἵμερός
718 1170 747 1252 μ’
762 1174 876 1250 ὑπῆλθε
890 1172 930 1258 γῇ
944 1196 978 1233 τε
998 1170 1129 1255 κούρανῷ
1148 1168 1153 1257 Ι
1172 1167 1260 1247 λέξαι

154 1271 278 1352 μολόντι
286 1273 401 1356 τοῦψον
411 1275 450 1340 ὡς
462 1276 619 1339 ἐσκεύασα
644 1275 851 1360 'l'heognetus
864 1273 949 1360 apud
966 1273 1100 1337 eundern
1111 1295 1143 1359 p.
1156 1272 1259 1352 104C.

156 1373 416 1457 πεφιλοσόφηκας,
432 1378 471 1458 γῇ
490 1402 524 1439 τε
545 1378 677 1463 κουρονῷ
700 1383 813 1450 λαλῶν,
834 1375 839 1464 Ι
858 1378 903 1443 οἶς
917 1375 1007 1440 ούθέν
1021 1378 1106 1440 ἐστιν
1121 1375 1262 1456 ἐπιμελὲς

157 1484 216 1542 τῶν
236 1484 300 1541 σῦν
318 1475 428 1560 λόγων.
452 1478 563 1543 Cicero
578 1479 712 1544 Tuscul.
728 1499 761 1565 3.
779 1482 828 1542 26.
874 1481 961 1544 Strui
980 1489 1085 1542 artlem
1099 1479 1170 1553 alii,
1185 1497 1262 1563 quot

157 1581 193 1644 in
212 1581 298 1644 luctu
317 1603 388 1644 conc
410 1584 482 1669 ipsa
503 1583 673 1647 solitudine
694 1585 778 1671 loqui
800 1583 940 1658 delectat,
955 1591 991 1645 ut
1012 1582 1069 1644 illo
1090 1580 1179 1668 apud
1191 1581 1262 1643 Ert-

157 1685 246 1747 nium
266 1685 399 1746 oretria:
436 1683 563 1771 Cupido
576 1685 660 1772 cepit
675 1683 815 1749 miseram
832 1706 916 1748 nunc
931 1706 981 1746 me
995 1683 1140 1771 proloqui
1160 1682 1165 1769 Ι
1184 1681 1263 1746 coelo

157 1801 253 1872 atque
276 1801 366 1850 terrae
389 1786 515 1850 Medeai
538 1786 685 1852 miserias.
731 1788 845 1850 Noster
861 1787 934 1873 Iph.
952 1776 993 1850 Τ.
1009 1805 1064 1866 42.
1087 1783 1107 1848 δ
1130 1787 1216 1849 καινδ
1237 1783 1261 1848 δ’

157 1890 221 1968 ἥκει
244 1889 295 1966 νὺξ
317 1889 453 1970 φέρουσα
474 1888 630 1971 φάσματα,
650 1887 655 1976 Ι
674 1888 752 1969 λέξω
774 1888 848 1972 πρὸς
870 1888 973 1972 αἰθέρ’,
992 1892 1046 1954 εἴτι
1068 1889 1103 1968 δὴ
1125 1886 1184 1953 τόδ’
1201 1885 1261 1951 ἔστ’

159 1992 240 2058 ἄκος.
256 1992 374 2054 ELM.

200 2109 255 2179 57.
276 2095 425 2178 μολούση]
449 2099 606 2174 μολοῦσαν
628 2095 702 2158 Par.
726 2095 768 2157 E.
791 2110 823 2157 et
846 2092 1137 2180 Pseudogregorius
1160 2115 1192 2157 v.
1206 2109 1261 2177 57.

156 2201 322 2277 μολοῦσαν,
338 2198 424 2283 quod
439 2220 534 2284 supra
549 2196 698 2284 scriptum
720 2197 835 2284 legitur
857 2196 890 2259 in
908 2198 1002 2259 Rom.
1018 2197 1061 2258 A.
1106 2194 1261 2258 Dativum

158 2299 299 2386 agnoscit
320 2298 415 2365 schol.
437 2300 471 2363 τὸ
494 2304 597 2383 σχῆμα
618 2301 848 2380 σολοικοφανὲς,
871 2301 919 2362 διδ
941 2298 994 2378 τὴν
1017 2298 1191 2378 ἐναλλαγὴν
1213 2301 1264 2377 τῆς

159 2403 308 2470 πτώσεως.
353 2402 458 2466 Addit
473 2404 568 2466 Rom.
584 2404 629 2466 A.
646 2405 782 2482 μολούση
796 2406 854 2484 γδρ
869 2403 936 2465 ἀντὶ
950 2406 1003 2465 τοῦ
1016 2405 1162 2481 μολοῦσα
1197 2401 1264 2464 Da

159 2505 258 2569 tivum
281 2504 407 2586 μολόντι
429 2521 562 2592 usurpat
577 2504 753 2582 Philemon,
769 2506 860 2591 cujus
881 2505 1033 2588 παρῳδίαν
1047 2503 1141 2567 modo
1159 2502 1263 2568 attuli.

160 2609 308 2672 Alterum
335 2608 475 2694 ejusdem
501 2606 739 2671 constructionis
761 2608 940 2693 exemplum
966 2605 1087 2692 praebet
1116 2623 1220 2670 noster
1244 2628 1264 2669 a

160 2709 322 2774 Brunckio
335 2709 487 2796 allegatus
504 2710 578 2796 Iph.
593 2711 636 2772 A.
652 2729 726 2794 491.
743 2710 844 2776 ἄλλως
857 2708 890 2773 τέ
902 2707 932 2789 μ’
949 2710 1036 2776 ἔλεος
1050 2713 1100 2789 τῆς
1113 2709 1262 2774 τολοιπό-

159 2838 212 2895 ρον
228 2812 313 2896 κόρης
331 2813 336 2900 Ι
357 2816 489 2893 εἰσῆλθε,
506 2813 686 2896 συγγένειαν
701 2813 898 2899 ἐννοουμένην.
936 2813 1021 2877 Mihi
1037 2813 1103 2877 haec
1117 2812 1183 2877 duo
1197 2812 1264 2878 loca

161 2931 272 2980 mutuo
294 2940 326 2980 se
347 2916 515 2980 defendere
531 2915 685 2980 videntur.
731 2917 799 2980 Nec
816 2915 907 2980 valde
928 2914 1085 2979 diversum
1108 2930 1156 2979 est
1176 2916 1262 3001 quod

160 3017 275 3104 legitur
295 3020 379 3105 apud
403 3017 588 3106 Sophoclem
604 3019 681 3083 OEd.
699 3021 743 3084 Τ.
757 3037 832 3105 350.
861 3016 1011 3098 Ἀληθες;
1043 3017 1157 3083 έννέπα
1173 3045 1210 3082 σε
1223 3023 1263 3105 τῷ

161 3122 331 3202 κηρύγματι,
353 3120 357 3208 Ι
377 3119 457 3207 ᾧπερ
471 3127 623 3203 προεῖπας,
640 3121 788 3202 ἐμμένειν,
805 3120 874 3203 κάφ’
888 3121 998 3202 ἡμέρας
1016 3118 1021 3207 Ι
1041 3124 1092 3201 τῆς
1107 3126 1160 3186 νῦν
1169 3147 1264 3203 προσ-

161 3227 253 3286 ανδῦν
265 3223 339 3303 μήτε
355 3226 462 3287 τούσδε
475 3221 540 3304 μήτ’
557 3225 619 3303 ἐμὲ,
639 3222 645 3308 Ι
664 3224 703 3290 ὣς
724 3225 788 3286 όντι
809 3227 863 3305 γῆς
884 3221 966 3301 τῆσδ’
982 3224 1094 3308 ἆνοσίιρ
1113 3223 1262 3307 μιάστορι.

203 3429 257 3510 58.
280 3428 453 3515 δεσποίνης]
477 3430 570 3491 Rom.
594 3427 719 3492 A.B.C.
742 3425 789 3513 [et
803 3425 899 3512 Aldl
916 3430 1058 3505 Μηδείας.
1105 3429 1144 3490 ln
1168 3429 1264 3490 Rom.

162 3533 206 3593 A.
229 3552 325 3616 supra
346 3530 496 3617 scriptum
520 3531 561 3594 ab
583 3528 689 3592 eadem
715 3551 809 3592 manu
831 3527 850 3609 ἢ
872 3532 1040 3610 δεσποίνης.
1068 3531 1161 3594 Rom.
1179 3531 1264 3595 Dm,

162 3633 253 3696 Lasc.
275 3634 362 3696 Cott.
385 3631 628 3715 [Flor.10.15.]
646 3632 815 3711 δεσποίνης,
838 3631 926 3716 quod
947 3631 1072 3696 admisit
1095 3633 1264 3698 Porsonus.

163 3735 212 3800 Sic
234 3735 326 3799 etiam
350 3734 443 3798 schol.
467 3734 506 3798 ad
531 3734 642 3797 Phoen.
660 3754 688 3795 1.
708 3733 739 3795 in
755 3733 823 3797 cod.
839 3734 979 3818 August.
992 3734 1077 3821 apud
1095 3732 1266 3798 Valckena-

161 3838 252 3901 rimn.
298 3837 452 3900 Arsenius
474 3834 603 3915 δεσπότῃ
625 3835 734 3913 edidit,
751 3835 920 3899 Barnesius
935 3839 1077 3917 Μηδείας,
1096 3836 1267 3922 evulgatis

161 3939 269 4024 tragici
284 3937 514 4023 exemplaribus
529 3936 678 4024 reposuit.
695 3936 812 4000 ELM.

203 4048 280 4121 ζηλῶ
295 4040 337 4124 π’]
358 4039 455 4103 Plena
465 4038 565 4103 oratio
579 4055 625 4103 est
635 4044 713 4118 ζηλῶ
730 4064 767 4102 σε
781 4044 834 4103 τοῦ
850 4065 902 4103 νον
918 4037 966 4102 rel
982 4044 1040 4101 τῶν
1055 4045 1185 4121 φρενῶν.
1211 4042 1266 4104 So-

160 4145 286 4231 phocles
302 4142 353 4207 El.
370 4159 459 4226 1027.
475 4149 553 4221 ζηλῶ
567 4168 604 4206 σε
619 4145 671 4205 τοῦ
686 4147 750 4219 νοῦ,
763 4144 815 4218 τῆς
829 4143 861 4204 δὲ
877 4143 989 4206 δειλίας
1003 4142 1112 4222 στνγῶ.
1151 4142 1267 4206 Nostro

160 4247 228 4312 loco
248 4271 303 4334 per
326 4247 454 4310 ironiam
478 4246 592 4310 dicitur
615 4268 673 4331 pro
695 4244 830 4324 οἰκτείρω
853 4269 890 4307 σε
912 4247 963 4321 τῆς
984 4243 1096 4310 ἀνοίας.
1142 4244 1265 4308 Eodem

161 4374 252 4415 sensu
278 4352 426 4431 parapter
452 4350 530 4433 ἔχεις
554 4353 673 4430 φρενῶν
698 4344 778 4410 dixit
804 4345 978 4433 Dionysius
1002 4359 1155 4432 tyrannus
1180 4346 1267 4432 apud

164 4455 325 4519 Stobaeum
342 4452 394 4535 98.
411 4475 439 4536 p.
455 4470 529 4535 531.
546 4450 664 4513 ELM.

682 4574 702 4613 0
718 4569 736 4615 2
