2864 4914
190 272 253 339 146
549 277 930 343 ANNOTATIONES

188 447 435 513 additamentum
457 470 523 512 esse
544 471 581 513 ea
599 449 705 525 verba,
727 450 776 514 uel
794 451 902 536 potius
916 448 1106 536 Euripides,
1123 460 1204 512 recte
1222 469 1290 510 mo·

188 550 257 614 nuit
273 551 539 637 Wyttenbachius
554 550 638 614 Bibl.
654 550 733 615 Crit.
752 553 839 615 Part.
851 571 882 636 3.
897 574 970 639 pag.
982 571 1034 636 3ο.
1062 550 1180 615 Confer
1192 552 1292 614 Tusc.

192 674 220 732 1,
235 673 289 734 44.
319 655 451 741 Magna
464 655 557 741 οιιίρα
572 654 707 740 Pelopis.
725 655 827 718 POR.

230 759 306 840 526.
328 757 368 836 μὴ
385 756 428 820 ’πὶ
448 763 509 823 τοῖς
530 757 629 839 ἔργοις
648 783 673 820 κ.
689 779 749 844 pro
764 755 809 820 ἐπ’
826 757 923 838 ἔργοις
936 757 976 836 μὴ
992 762 1094 823 καλοῖς
1108 755 1239 832 dictum,
1258 771 1291 820 ut

189 859 268 921 Hec.
283 861 355 942 850.
367 860 466 938 νόμων
476 859 591 940 γραφαὶ
605 861 739 941 εἴργουσι
752 862 882 942 χρῆσθαι
895 857 936 938 μὴ
952 861 1025 922 κατὰ
1039 859 1159 940 γνάμην
1173 859 1294 940 τρόποις

187 983 246 1048 pro
261 964 334 1042 εἶργ.
349 961 389 1040 μὴ
403 965 532 1043 χρῆσθαι
547 965 621 1024 κατὰ
635 987 684 1043 γν.
701 963 828 1043 τρόποις.
845 962 1036 1024 ΜΑΤΤΗ.

229 1079 303 1149 527.
319 1062 377 1128 τόδ’
394 1065 434 1127 Β.
450 1079 481 1128 et
498 1063 583 1129 Flor.
600 1087 693 1128 unus.
715 1063 790 1129 ταῦτ’
807 1063 884 1128 Ald.

229 1169 303 1251 528.
320 1165 413 1230 Ovid.
430 1168 511 1230 Met.
528 1169 558 1230 6.
577 1168 626 1230 28.
642 1190 706 1230 non
724 1169 831 1231 omnio
847 1166 1011 1255 grandior
1031 1176 1119 1242 καίοι,
1141 1167 1292 1251 Quaefii-

182 1272 329 1356 giemus,
344 1269 453 1341 taten-
477 1271 558 1333 νοτίς
574 1272 659 1334 veuit
673 1292 752 1334 acus
765 1271 805 1334 ab
819 1272 925 1334 ααιιιζι.
963 1269 1020 1334 Ad
1037 1269 1200 1356 Sophoclis
1216 1270 1292 1354 Scy-

186 1371 259 1450 riae,
275 1372 359 1435 πάντ’
376 1372 581 1458 insidiareris)
601 1376 702 1458 μακρῷ
722 1372 798 1457 γήρα
819 1373 902 1446 κακά,
919 1371 1089 1459 respexisse
1104 1370 1290 1457 Euripidem

187 1487 277 1561 putat
301 1473 549 1544 Valckenaenus3
583 1474 622 1537 ad
647 1474 834 1561 Euripidem
857 1475 1004 1562 respexit,
1024 1475 1145 1561 opinor,
1169 1473 1294 1536 Aristo-

185 1575 304 1662 phanes
321 1577 413 1662 Vesp.
431 1595 504 1660 439.
521 1575 586 1639 εἶτα
600 1574 658 1654 δῆτ’
675 1577 710 1639 οὐ
724 1574 815 1641 πάλλ’
830 1577 930 1641 ἔνεστι
944 1581 1027 1641 δεινὰ
1040 1581 1081 1661 τῷ
1099 1576 1174 1660 γήρᾳ
1195 1575 1289 1647 κακά;

188 1680 290 1743 ΡΟΒ.
337 1680 388 1742 De
411 1678 624 1764 Aristophane
646 1677 766 1742 fallitur
789 1680 958 1744 Porsonus.
1003 1679 1085 1743 Nam
1104 1682 1216 1765 Vespae
1237 1677 1292 1740 ali-

186 1796 264 1868 quot
278 1781 367 1844 annis
381 1780 500 1866 priores
514 1796 588 1844 sunt
604 1780 782 1845 Phoenissis.

228 1904 301 1969 529.
318 1886 468 1970 ἡμπειρία]
489 1886 623 1969 ἐμπειρίᾳ
637 1885 723 1948 varia
737 1884 829 1949 lectio
844 1886 885 1949 ab
900 1883 1063 1949 scholiasta
1077 1897 1258 1947 memorata.

228 2002 304 2072 530.
321 1985 416 2065 δεῖξαι
431 2010 515 2050 nunc
525 1986 642 2073 legitur
655 2010 695 2051 ex
713 1987 839 2052 Stobaeo
852 2005 923 2072 115,
940 2009 967 2051 1.
1003 1986 1092 2051 Libri
1108 1986 1203 2066 λέξοι,
1218 2009 1291 2050 οοπ-

186 2090 336 2154 sentiente
353 2091 449 2154 Sexto
464 2089 586 2175 Empir.
602 2112 635 2176 p.
650 2108 721 2174 229.
747 2090 889 2154 Lucieno
903 2093 1014 2154 Amor.
1032 2114 1059 2154 c.
1078 2107 1130 2172 25.
1154 2089 1291 2175 Aspasio

176 2193 227 2256 'ad
243 2192 376 2256 Aristot.
397 2191 475 2256 Eth.
493 2193 563 2257 Nic.
579 2192 636 2256 fol.
651 2212 693 2279 32
709 2215 738 2256 a.
762 2192 943 2257 Theodosio
964 2214 1094 2278 gramm.
1118 2214 1150 2278 p.
1167 2211 1221 2276 31,
1236 2194 1289 2255 26.

186 2313 217 2361 et
232 2295 396 2359 scholiasta
411 2295 556 2382 Dionysii
572 2293 707 2358 Thracis
720 2317 752 2381 p.
771 2309 844 2378 731,
860 2313 907 2376 17.
922 2294 973 2357 ed.
987 2292 1090 2357 Bekk.
1135 2292 1228 2370 Quod
1245 2316 1292 2357 re-

185 2398 361 2463 vocandum
379 2413 424 2461 est
439 2421 495 2461 nec
509 2397 587 2461 fides
600 2396 745 2460 habenda
761 2396 898 2474 διαίνετο,
910 2418 1003 2481 quem
1020 2419 1059 2459 ex
1074 2411 1121 2460 tot
1136 2395 1204 2460 aliis
1216 2396 1291 2459 locis

186 2501 385 2589 cognoscitur
398 2500 574 2586 frequentin
589 2497 777 2562 commisisse
791 2497 948 2561 memoriae
962 2512 1098 2584 peccata.

228 2619 304 2690 532.
329 2605 511 2687 φιλοτιμίας]
530 2603 706 2680 πλεονεξίας
719 2600 794 2664 citat
809 2600 893 2665 Dion
911 2600 1154 2687 Chrysostomus
1169 2600 1224 2662 Or.
1239 2615 1290 2681 17.

187 2731 218 2795 p.
238 2728 309 2791 249.
327 2708 366 2771 Β.
383 2705 431 2769 vel
453 2705 611 2769 memoriae
633 2704 709 2768 vitio
731 2703 780 2767 vel
797 2703 924 2768 librarii.
951 2703 1057 2768 Simile
1078 2702 1155 2790 quid
1177 2702 1290 2767 accidit

187 2812 267 2874 Hec.
281 2811 354 2872 611.
385 2810 570 2885 Φιλοτιμίας,
587 2820 701 2892 practer
715 2806 846 2882 codices,
861 2805 1036 2870 defendunt
1052 2804 1243 2869 Plutarchus
1257 2805 1290 2869 in

188 2912 276 2997 Sylla
290 2934 322 2998 p.
338 2925 400 2994 453
418 2911 456 2973 B.
479 2909 653 2995 Gregorius
669 2909 819 2973 Nazianz.
835 2909 939 2997 Epist.
955 2929 1007 2994 43.
1035 2908 1181 2973 AElianus
1203 2908 1291 2995 apud

189 3013 318 3077 Suidam
336 3036 363 3077 v.
379 3015 563 3094 παράφορος.
588 3017 860 3079 Συνενθουσιῶντες
883 3013 991 3089 circis,
1010 3013 1057 3075 καὶ
1075 3010 1290 3099 τῇπαραφάριρ

188 3120 257 3203 τῇδε
278 3118 441 3200 φιλοτιμία,
462 3119 498 3202 τῇ
521 3115 643 3193 κακίαι-ρ
666 3117 814 3193 δαιμόνων
837 3113 1056 3195 ἐκριπισθέντες
1078 3115 1286 3178 ἀπολώλασιν.

188 3219 255 3283 Ubi
272 3221 387 3282 Portus
401 3240 465 3281 rem
487 3215 598 3279 melius
616 3214 722 3301 gessit,
738 3238 831 3301 quam
851 3215 1027 3280 Kasterius.
1044 3218 1146 3283 POR.
1193 3217 1292 3280 Voca-

187 3320 265 3385 bulo
286 3322 445 3398 πλεονεξία
467 3318 574 3405 tragici
598 3341 659 3381 non
684 3332 827 3382 utuntur.
874 3319 956 3381 Nam
982 3317 1087 3405 Iphig.
1108 3321 1151 3383 A.
1168 3342 1199 3381 ν.
1214 3334 1289 3403 509.

188 3445 251 3485 non
266 3437 312 3486 est
327 3422 461 3506 scriptus
475 3422 516 3484 ab
530 3419 697 3506 Euripide.

230 3543 305 3607 534.
322 3523 447 3604 ἐσῆλθε]
467 3524 564 3586 Recte
580 3525 701 3600 clotilde
716 3521 795 3586 Ald.

231 3624 405 3708 χρωμένων]
425 3623 580 3703 κτωμένων
596 3623 680 3687 Flor.
699 3646 794 3687 unus.

231 3740 308 3810 535.
325 3724 464 3806 κάλλιον]
483 3724 646 3789 κάλλιπον
661 3725 753 3789 codd.
769 3725 887 3812 plures.

231 3846 306 3913 537·
330 3824 501 3907 ouppdxovc
523 3850 556 3888 7(
578 3826 755 3912 συμμάχοις]
782 3827 951 3910 ξυμμάχους
972 3854 1005 3892 τε
1027 3830 1190 3913 ξυμμάχοις
1213 3831 1290 3895 Ald.

190 3934 355 3996 Mutatum
381 3951 420 3992 cx
443 3926 563 4012 aliquot
587 3926 680 3989 codd.
703 3944 734 3991 et
761 3928 858 3993 Clem.
884 3928 937 3992 Al.
967 3932 1080 3994 Strom.
1103 3947 1135 4016 5.
1161 3957 1194 4020 p.
1217 3936 1291 4020 663,

190 4033 278 4099 Plut.
296 4033 381 4095 Mor.
397 4053 430 4116 p.
445 4029 506 4106 481
525 4029 567 4090 A.
583 4030 644 4113 643
662 4029 702 4091 F.

231 4139 307 4221 538.
324 4131 463 4218 νόμιμον]
478 4129 653 4216 Speciosam
669 4129 721 4192 sed
737 4129 845 4195 falsam
859 4129 1020 4196 lectionem
1033 4133 1159 4215 μόνιμον
1171 4138 1293 4222 prabet

43 4192 46 4196 ι
178 4214 380 4306 μΡΙιιῑειςοίιιις
395 4256 425 4319 ρ.
442 4233 503 4312 481
522 4232 566 4293 A.
586 4231 690 4293 POR.

234 4358 306 4429 539.
323 4336 429 4401 πλέονι
444 4335 469 4397 δ’
484 4333 544 4414 tet]
562 4333 679 4394 πλείονι
695 4330 718 4394 δ’
736 4335 792 4395 αἰεὶ
809 4334 884 4398 Ald.
901 4350 932 4397 ct
948 4359 1019 4421 pars
1032 4339 1123 4403 codd,
