2864 4914
209 265 275 334 368
567 269 952 334 ANNOTATIONES

251 442 326 526 636.
350 442 395 505 κεί
413 440 488 525 τρὶς]
507 444 553 506 κεί
570 467 615 510 τις
630 442 675 505 Η.
692 442 792 506 Taur.
809 442 875 505 Gu.
893 439 969 506 Ald.
1018 441 1069 506 Sic
1085 444 1158 507 Par.
1174 444 1217 506 A.
1233 464 1320 530 quo-

207 567 271 630 que
286 542 340 607 sed
356 565 451 630 supra
465 543 582 630 scripto
596 570 643 626 γρ.
662 548 706 609 κεί
720 545 791 628 τρίς.
810 552 832 584 “
849 546 968 610 Notum
985 558 1042 625 est,
1057 547 1119 627 τρὶς
1137 545 1319 633 emphatice

207 644 240 709 in
260 643 328 710 aliis
345 645 436 709 etiam
460 645 555 710 rebus
575 646 727 725 adhiberi,
743 663 776 711 at
797 646 829 710 iu
852 648 914 729 τρὶς
936 650 1022 715 νόθος
1044 648 1169 714 videtur
1190 649 1317 736 aliquid

208 747 376 812 reconditae
389 746 548 812 allusionis
565 773 640 813 esse.
687 749 784 836 Soph.
799 750 878 814 OEd.
896 752 977 836 Tyr.
993 774 1021 815 v.
1039 752 1132 816 1081.
1146 751 1207 817 οὐδ’
1224 752 1263 816 δν
1280 755 1318 817 ἐκ

207 848 304 928 τρίτης
330 846 389 927 ἐγὼ
411 846 532 928 Μητρὸς
557 854 644 930 φανῶ
669 850 833 930 τρίδουλος.
871 848 964 913 Philo
990 851 1014 913 J
1019 850 1071 914 ud.
1098 874 1132 939 p.
1155 873 1233 938 594.
1259 850 1315 916 ed.

209 948 352 1013 Turneb.
368 954 429 1015 τοῖς
443 951 467 1012 τ’
483 952 516 1014 ἐκ
530 954 693 1033 τριγενείας
706 955 900 1034 στιγματίαις.
917 952 1051 1017 Aristid.
1068 953 1130 1017 vol.
1145 972 1172 1018 2.
1192 978 1223 1043 p.
1239 957 1315 1040 169.

207 1055 243 1117 ἐκ
263 1054 412 1134 τριγονίας
435 1053 603 1118 ἐδούλευον.
650 1052 796 1118 Indioant
819 1053 896 1132 haec,
912 1054 1054 1120 ultimam
1077 1056 1163 1145 apud
1180 1059 1316 1123 Groecos

206 1154 410 1242 ignobilitatis
424 1167 529 1218 notam
544 1154 649 1232 fuisse,
664 1154 689 1218 si
703 1156 808 1241 quise
827 1156 929 1221 tribus
946 1173 1029 1222 retro
1050 1159 1195 1224 aetatibus
1216 1160 1314 1247 igno-

207 1257 278 1322 bilis
292 1259 400 1322 esset.”.
414 1258 592 1323 MUSGR.

252 1364 325 1447 637.
352 1359 583 1446 ξηρὰ-σπορὰ]
608 1361 707 1448 Sages
730 1363 766 1423 in
790 1361 855 1425 solo
881 1364 974 1428 arido
995 1374 1080 1428 τιαια.
1112 1367 1209 1450 σπορᾷ
1234 1368 1311 1430 Par.

208 1465 337 1527 A.B.E.
355 1464 441 1527 Flor.
457 1464 499 1525 A.
517 1463 608 1527 Lasc.

251 1570 327 1653 639.
344 1568 455 1652 κύδιον]
475 1569 612 1631 κύδιστον
627 1568 700 1631 Ριιτ.
716 1570 801 1633 ΑΒ.
817 1569 904 1633 Flor.
921 1571 966 1632 A.
981 1589 1028 1633 10.
1047 1591 1056 1633 ι
1061 1589 1094 1655 5.
1112 1573 1159 1636 H.

251 1672 324 1750 640.
350 1670 464 1750 πένητα
484 1668 631 1756 χρηστόν]
657 1670 789 1734 Frustra
811 1672 968 1736 Dobraeus
989 1673 1029 1736 ad
1054 1673 1219 1760 Aristoph.
1242 1677 1309 1740 Av.

209 1789 281 1858 705.
304 1774 436 1856 χρηστόν
450 1771 485 1846 τ’,
504 1769 643 1836 similiter
665 1772 822 1860 corrigens
836 1774 950 1861 Eurip.
966 1773 1078 1862 OEdip.
1093 1775 1132 1839 fr.
1149 1779 1179 1840 6.
1196 1780 1312 1860 πότερα

206 1877 349 1959 γενέσθαι
381 1879 454 1954 δῆτα
489 1877 710 1958 χρησιμώτερον
747 1876 874 1941 συνετὸν
906 1880 1039 1957 ἄτολμον
1071 1876 1090 1957 ἢ
1128 1882 1242 1961 θρασύν
1275 1906 1310 1946 τε

208 1978 334 2056 κύμαθῆ.

251 2080 325 2160 641.
340 2079 491 2165 γαμβρὸν]
509 2083 673 2145 Socerum.

251 2182 324 2263 644.
357 2183 475 2266 τεύχειν
504 2183 579 2268 ἔριν]
613 2182 665 2247 Sic
695 2182 804 2247 στύσιν
833 2185 950 2267 τεύχειν
981 2183 1090 2249 AEsch.
1122 2185 1209 2248 Pers.
1236 2206 1310 2272 193.

208 2285 413 2349 PFLUGK.

249 2390 322 2472 647.
347 2389 503 2452 lacunam
528 2388 705 2475 posthunc
728 2410 851 2452 versum
875 2387 1023 2453 iudicavit
1045 2387 1212 2453 Jacobsius
1227 2390 1310 2453 Ani-

207 2491 312 2556 madv.
327 2514 359 2578 p.
376 2492 426 2554 62.

248 2597 322 2679 650.
344 2591 519 2681 ἣν-τήνδ’]
537 2594 671 2657 Frustra
689 2593 746 2657 hoc
768 2590 918 2657 defendas
940 2592 1092 2680 duplicati
1116 2593 1310 2680 pronominis

203 2695 354 2781 exemplis
377 2718 449 2782 quoe
474 2693 515 2758 ad
544 2694 632 2758 Med.
656 2699 748 2780 1296.
775 2694 948 2758 attulimus.
978 2695 1065 2775 τήνδε
1093 2695 1240 2783 Heynius
1264 2697 1307 2760 sd

207 2796 336 2861 Pindari
367 2796 478 2861 Isthm.
510 2817 539 2874 2,
565 2799 618 2883 58.
646 2797 839 2883 intelligebat
865 2819 924 2860 non
953 2796 1221 2874 Andromacham,
1251 2800 1308 2863 sed

205 2903 295 2964 δδύνι
320 2915 411 2976 recte,
429 2897 484 2962 nisi
501 2899 586 2984 quod
608 2922 669 2962 non
688 2898 906 2964 animadvertit
929 2899 1007 2980 τήνδ’
1024 2923 1062 2963 ex
1086 2902 1140 2980 τὴν
1153 2924 1219 2964 esse
1240 2924 1309 2965 cor-

205 3021 346 3091 ruptum.
392 3001 540 3065 Proxime
560 3002 601 3066 ab
616 3025 689 3067 vero
703 3001 806 3066 abfuit
821 3003 1036 3079 Hermannus‚
1052 3003 1107 3088 qui
1123 3003 1176 3082 τήν
1191 3002 1216 3066 ff
1232 3003 1306 3068 olim

205 3106 347 3194 conjecit.

248 3208 340 3296 χρῆν]
356 3208 414 3292 χρή
430 3207 513 3272 Flor.
531 3211 574 3273 A.

250 3315 322 3397 651.
346 3313 435 3398 κάμὲ]
460 3312 508 3375 καὶ
531 3313 603 3375 Ρατ.
619 3312 663 3374 A.
684 3312 757 3390 κάμὲ
777 3310 1031 3395 παρακαλεῖν-ἀεί
1049 3310 1125 3374 dicit
1142 3309 1308 3377 Menelaus

206 3413 370 3500 respiciens
388 3413 428 3477 ad
446 3436 492 3490 ea,
508 3436 580 3498 quse
600 3413 701 3499 ipsum
718 3413 819 3476 facere
834 3410 975 3476 voluerat
991 3411 1113 3477 Peleus.
1164 3415 1309 3478 Tantum

204 3519 310 3581 abesse
325 3517 461 3592 debebat,
477 3526 513 3580 ut
528 3537 575 3578 me
594 3516 630 3579 ob
646 3515 885 3579 Andromachen
900 3515 1045 3598 etfllium
1060 3526 1188 3580 vexatos
1202 3519 1309 3603 objur-

201 3641 313 3707 gares,
329 3628 365 3682 ut
379 3641 426 3682 me
445 3619 488 3681 ού
508 3640 558 3681 eoo
580 3617 669 3680 domo
690 3629 719 3680 et
736 3618 863 3680 Graecia
884 3617 1056 3704 migentius
1077 3619 1234 3682 cohortari
1256 3623 1308 3684 de-

206 3723 302 3785 beres.
319 3723 509 3785 MATTH.

250 3826 324 3909 652.
341 3822 391 3909 οὗ]
410 3823 449 3887 Id
467 3837 513 3886 est
528 3824 562 3886 ἓν
576 3823 611 3900 τῇ
626 3820 770 3907 Ἠπείρῳ.
793 3821 983 3901 ού-νεκρῶν
997 3821 1087 3886 affert
1103 3822 1307 3889 Choerobose.

207 3926 237 3989 in
255 3925 390 3990 Beltkeri
406 3923 529 3989 Anecd.
545 3948 576 4011 p.
593 3942 684 4009 1372.

250 4032 323 4114 653.
339 4029 490 4112 δοριτετῆ]
505 4031 648 4109 δορυπετῆ
663 4025 747 4089 Flor.
762 4046 811 4109 15.
827 4026 919 4089 Lasc.

250 4135 325 4217 654.
341 4134 373 4195 δὲ
391 4128 580 4194 Brunclrius.
627 4127 716 4191 Libri
731 4154 775 4205 τε,
791 4128 876 4213 quod
892 4150 955 4190 om.
973 4129 1045 4192 Par.
1063 4131 1105 4193 A.

250 4238 322 4299 660.
344 4235 422 4322 ἁγὼ]
441 4230 711 4297 Constructionem
735 4230 777 4293 sic
800 4229 932 4294 instituit
954 4245 1057 4315 poeta,
1072 4255 1108 4295 ac
1129 4233 1153 4295 si
1177 4256 1309 4320 pergere

207 4339 311 4416 vellet,
326 4339 346 4402 ἃ
361 4339 420 4420 ἐγὼ
435 4339 539 4400 παύειν
555 4334 653 4399 θέλων
668 4334 715 4397 καὶ
731 4340 848 4397 κτανεῖν
862 4333 948 4412 τήνδε
969 4336 1001 4396 ἑκ
1019 4341 1118 4416 χερῶν
1132 4335 1306 4416 ἆρπιίζομαι,

206 4441 259 4506 sed
275 4440 418 4504 instituto
432 4439 540 4502 ordine
555 4435 697 4522 neglecto
711 4436 813 4500 statim
832 4434 962 4521 subjecit
979 4443 1095 4501 κτανεῖν
1110 4437 1217 4502 θέλων.
1256 4441 1305 4503 Si-
