2864 4914
190 268 236 330 58
555 267 935 332 ANNOTATIONES

188 459 274 524 seqq.
291 436 419 503 Heracl.
435 439 511 522 567.
536 440 633 504 Herc.
649 439 673 503 f.
688 443 762 524 690.
780 437 849 503 ooil.
864 456 941 525 437.
958 436 1092 504 Dorvill.
1109 436 1150 502 od
1172 434 1294 500 Charit.

188 558 222 624 p.
238 537 292 603 68.
306 539 398 624 (243.
414 538 464 602 ed.
481 539 587 628 Lips.)
607 542 800 606 MATTH.

233 640 308 725 615.
324 639 365 728 τ’]
383 640 589 705 Scribendum
606 641 634 725 γ’
650 664 722 706 cum
739 641 948 707 Wakefieldo.

233 743 308 824 617.
326 744 477 828 ναίουσιν]
496 743 665 809 θάσσουσιν
678 744 769 809 codd.
785 744 859 809 duo.

233 847 309 911 618.
325 847 427 932 ανιῆς]
445 848 534 927 odnie
549 848 596 911 H.
613 846 740 933 aliique.

235 950 308 1014 620.
325 947 505 1014 Delendum
520 971 642 1014 comma
655 963 727 1037 post
739 949 763 1013 τ’
776 949 930 1037 positum:
953 948 1112 1013 cohaerent
1124 947 1207 1011 enim
1223 946 1295 1010 κάλ-

189 1058 283 1116 λιστα
303 1049 328 1115 τ’
344 1052 550 1117 εὖτεκνῶτατε.
596 1053 636 1116 In
655 1052 727 1117 edd.
744 1053 902 1117 vetoribus
918 1073 1041 1116 comma
1055 1063 1128 1139 post
1142 1050 1222 1134 ἔχων
1236 1072 1294 1137 po·

190 1153 285 1218 situm
306 1166 372 1218 est:
397 1154 437 1219 de
451 1178 516 1241 quo
532 1156 701 1234 Porsonus‚
719 1162 741 1195 ‘⁶
756 1155 997 1220 Distinctionem
1018 1153 1164 1219 incautus
1184 1175 1295 1239 posue-

190 1269 257 1321 ram
273 1279 335 1321 non
351 1272 422 1345 post
437 1259 525 1342 ἔχων,
543 1271 580 1322 ut
595 1257 702 1337 debui,
716 1257 771 1322 sed
792 1271 864 1346 post
885 1256 1036 1322 κάλλιστά
1049 1255 1085 1321 τ’.
1132 1255 1194 1320 Sed
1217 1254 1293 1318 κάλ·

190 1366 282 1424 λιστα
302 1361 500 1426 α’ντεκνιίτατε
520 1359 639 1426 dictum
662 1373 720 1439 est,
739 1375 776 1426 ut
796 1360 941 1444 μέγιστον
956 1363 1079 1444 ἐχθίστη
1096 1358 1186 1422 Med.
1200 1376 1293 1443 1320.

190 1467 337 1526 πλεῖστον
357 1464 497 1547 ἔχθίστης
520 1463 616 1550 Soph.
637 1463 718 1527 Phil.
736 1465 810 1548 631.
831 1469 977 1528 πλεῖστον
1000 1462 1137 1530 κάκιστος
1158 1460 1238 1526 OEd.
1254 1462 1294 1525 C.

189 1578 264 1649 579.
296 1566 419 1630 κάκιστα
448 1564 700 1645 δυσσεβεστάτων
727 1566 808 1630 OEd.
836 1568 876 1631 C.
901 1585 992 1652 1190.
1024 1580 1060 1630 ut
1088 1580 1171 1630 recoe
1196 1563 1294 1629 edidit

192 1665 373 1732 Brunckius
385 1691 403 1730 e
416 1667 510 1752 priori
528 1668 648 1756 Toupii
662 1669 876 1756 conjectura.”

234 1766 258 1832 τ’
274 1792 338 1833 om.
354 1769 446 1835 codd.
461 1794 527 1835 sex.

235 1872 445 1958 εὔτεκνῶτατε]
466 1875 657 1939 εὐτεκνότατε
671 1873 750 1938 Ald.
766 1890 798 1940 et
813 1898 886 1963 pars
900 1874 1056 1940 codicum.

236 1975 308 2039 622.
326 1976 369 2058 ἐς]
390 1978 431 2042 εἰς
445 1975 522 2040 Ald.

236 2077 309 2142 626.
325 2081 363 2141 τὸ
377 2075 402 2142 δ’
418 2076 575 2141 Reiskius.
599 2077 661 2143 τόδ’
678 2077 756 2143 Aid.

235 2178 332 2243 οὐδέν·
358 2181 473 2267 ἄλλως]
491 2181 576 2244 οὐδὲν
591 2181 660 2245 ἀλλ’
675 2181 695 2262 ἦ
710 2182 869 2260 hisicius,
883 2196 967 2246 recte
981 2182 1122 2246 fortasse.

236 2283 311 2364 627.
328 2289 425 2350 κεῖνος
439 2282 531 2347 codd.
547 2283 683 2370 plurimi.
698 2293 796 2354 κεῖνος
809 2285 834 2350 δ’
851 2284 942 2373 pauci
956 2307 1028 2350 cum
1044 2285 1123 2351 Ald.
1154 2287 1294 2352 Ennium

193 2383 280 2471 apud
294 2385 436 2450 Ciceron.
452 2385 493 2450 de
507 2385 562 2450 fin.
582 2405 612 2462 2,
628 2407 676 2470 ¹3·
699 2389 848 2452 Nimium
862 2390 936 2454 boni
950 2397 996 2454 est
1008 2391 1061 2453 coi
1082 2391 1132 2454 nil
1151 2393 1229 2455 ηιαίι·
1251 2402 1296 2457 est

192 2489 386 2575 oompamvit
402 2490 552 2553 Muretus
565 2490 606 2552 V.
624 2491 665 2553 L.
680 2510 713 2576 5,
727 2511 775 2576 ¹3·
792 2492 898 2556 POR.

469 2803 512 2840 ν’
641 2811 651 2840 ν

424 2813 579 2900 ..---ι
598 2847 765 2880 .....

237 2940 310 3025 635.
333 2938 682 3026 Ἐλένας-χρυσοφαής
700 2944 731 3007 ἱιι
756 2967 855 3009 unum
876 2968 999 3009 versum
1020 2945 1250 3034 conjungenda,
1266 2960 1298 3010 et

194 3041 226 3106 in
241 3040 435 3129 antistrophe
449 3045 522 3123 644.
545 3047 836 3130 ἐκρίθη-μακάρων.
865 3047 1111 3116 Ἑλένας-καλ·
1131 3049 1137 3137 Ι
1156 3053 1298 3116 λίστανὸ

194 3144 369 3229 χρυσοφαής
384 3144 461 3209 Ald.
719 3179 722 3184 ·

239 3252 314 3329 640.
331 3250 445 3333 ἀνοίας]
465 3249 596 3315 Paridis.

239 3352 312 3431 642.
328 3352 444 3439 ἄλλων]
465 3354 659 3418 Groecorum.

239 3454 311 3534 647.
328 3454 403 3532 648.
428 3456 598 3537 ἐπὶ-ἐμῶν
616 3455 622 3543 Ι
640 3483 672 3536 μ.
687 3458 776 3541 λώβᾳ
794 3455 800 3544 Ι
820 3458 1017 3522 στένει-τὸν
1034 3457 1041 3544 Ι
1061 3461 1183 3541 εὕρρονν
1196 3459 1298 3540 Εὖρό-

195 3580 251 3619 ταν
265 3553 343 3619 Ald.
389 3557 534 3621 Mettum
549 3557 660 3623 horum
677 3580 824 3622 versuum
840 3558 900 3624 hoc
914 3575 962 3624 est

528 3689 537 3715 Ι
980 3693 989 3721 Ι

475 3704 1032 3797 υῶυ-ἷΙέυυιυυ-Ιῃ·

197 3826 290 3890 Conf.
306 3826 347 3889 ad
364 3827 435 3891 Ion.
454 3843 525 3908 714.

239 3931 312 4010 647.
340 3932 422 3993 Cum
449 3928 508 3994 levi
533 3952 637 3993 errore
658 3931 735 3995 citat
762 3931 957 4020 Hesychius:
995 3937 1167 4016 Μελιίθρων
1187 3941 1297 4016 λῶβαι.

196 4037 256 4096 τῶν
269 4034 358 4095 οίκαν
372 4034 403 4095 αἱ
416 4030 547 4111 βλάβαι.
564 4034 667 4096 POR.

240 4135 312 4220 649.
328 4136 432 4215 ὥροον
448 4136 660 4199 Hermannus.
684 4137 788 4218 εὔρουν
799 4136 931 4205 codices.
956 4139 1078 4220 είρῤουν
1094 4140 1172 4204 Ald.

240 4240 313 4323 653.
330 4237 452 4320 πολιόν]
470 4236 581 4301 πολιὰν
596 4237 684 4301 Flor.
699 4254 861 4325 quattuor.

240 4338 334 4422 μάτηρ
350 4341 390 4402 Β.
405 4351 436 4402 et
451 4359 504 4402 sex
520 4337 581 4401 alii.
603 4338 696 4422 μήτηρ
713 4339 789 4405 ΑΜ,

240 4447 261 4508 6
261 4463 313 4530 54
325 4443 401 4529 χέρα
413 4442 445 4507 in
460 4463 584 4507 versum
599 4443 779 4529 proximum
794 4445 942 4511 transfert
956 4446 1037 4512 AJd.
