2864 4914
513 291 581 354 AD
604 293 943 358 HIPPOLYTUM.
1218 291 1283 358 tta

217 479 249 544 3.
272 458 469 537 Colchidem,
492 461 673 542 Phasidem‚
697 479 830 552 pontum
853 462 1032 543 Euxinum,
1057 476 1089 527 et
1114 457 1155 526 ab
1181 462 1280 528 altera

173 579 263 649 parte
284 564 445 628 columnas
468 566 616 632 Herculis
634 589 693 654 pro
715 567 799 632 orbis
821 583 974 633 terrarum
998 565 1087 630 nobis
1108 563 1225 652 cogniti
1248 583 1281 631 et

173 665 304 730 habitati
331 666 470 731 terminis
495 666 617 733 habitas
645 692 710 733 esse
740 669 820 734 bene
845 669 952 734 docuit
978 666 1208 756 Wyttenbach.
1234 667 1276 732 ad

175 769 256 834 Plat.
281 770 432 835 Phaedon.
452 795 484 858 p.
499 791 571 856 299.
618 773 668 836 Sic
690 771 782 836 Plato
801 771 822 836 l.
837 796 865 836 c.
881 795 911 860 p.
929 773 981 854 84.
1004 773 1080 852 ἡμᾶς
1101 773 1195 834 οίκεῖν
1210 771 1278 838 τοὺς

172 873 276 956 μέχρις
288 873 477 955 Ἡρακλείων
492 881 611 955 στηλῶν
626 875 685 938 ἀπὸ
706 874 848 942 Φάσιδος.
893 878 1013 940 Πόντον
1032 872 1072 938 de
1088 882 1187 961 ponto
1201 873 1274 936 Ειι-

170 977 249 1039 nino
259 976 325 1062 jam
342 977 461 1063 accepit
475 980 642 1064 Musgrav.
659 979 851 1042 ΜΑΤΤΗ.

215 1097 245 1164 5.
262 1080 341 1166 τοὺς]
360 1080 581 1168 Negligentius
595 1080 751 1168 loquitur:
777 1103 847 1146 nam
864 1082 998 1147 debebat
1014 1079 1133 1148 duratis
1145 1079 1258 1144 dicere.

218 1201 266 1245 10.
284 1183 390 1248 Simile
404 1199 452 1248 est
468 1182 540 1270 Iph.
554 1186 598 1249 Τ.
616 1203 690 1270 239.
706 1183 929 1267 Ἀγαμέμνονος
943 1191 1007 1257 παῖ,
1025 1183 1072 1247 καὶ
1088 1179 1273 1261 Κλυταιμνή-

172 1311 264 1367 στρας
284 1287 376 1354 τέκος.
422 1287 575 1374 Ejusdem
599 1288 769 1376 pleonasmi
791 1288 853 1352 alia
866 1285 1019 1372 exempla,
1039 1285 1146 1348 AEsch.
1163 1283 1281 1348 Prom.

175 1406 332 1466 140-1-2.
350 1389 448 1476 Soph.
464 1388 575 1477 Antig.
592 1405 683 1475 1115.
697 1389 816 1457 Alcest.
828 1393 903 1476 526.
920 1386 1040 1453 notavit
1056 1384 1272 1451 Blomficldius

170 1488 211 1552 ad
228 1490 406 1555 Promethei
429 1491 542 1556 locum.
589 1493 640 1556 De
662 1493 787 1558 nomine
810 1493 917 1558 matris
932 1489 1100 1580 Hippolyti
1117 1488 1186 1554 silet
1200 1487 1271 1552 Eu-

170 1590 296 1678 n'pides.
320 1593 493 1681 Antiopam
508 1594 604 1659 fuisse
618 1595 749 1660 tradunt
764 1595 955 1661 Plutarchus
968 1596 1001 1659 in
1018 1593 1116 1659 Thes.
1127 1615 1160 1680 p.
1175 1611 1211 1678 13
1225 1592 1270 1656 D.

173 1697 290 1760 Seneca
315 1696 345 1760 in
372 1696 550 1785 Hippolyto
576 1698 759 1786 Tragoedia,
787 1698 942 1764 scholiast.
968 1699 1009 1763 ad
1036 1697 1132 1784 hujus
1155 1693 1273 1759 fabulae
1339 1685 1346 1699 ’

171 1820 203 1861 v.
218 1800 291 1883 580.
308 1797 404 1863 schol.
427 1797 467 1863 nd
491 1801 589 1864 Hom.
607 1801 722 1887 Odyss.
738 1807 774 1865 Λ.
790 1820 865 1887 320.
889 1802 1024 1865 Tzetzes
1045 1798 1085 1862 ad
1109 1795 1270 1886 Lycopbr.

175 1919 266 1985 1329.
290 1901 417 1966 Servius
437 1901 479 1967 ad
495 1901 581 1990 Virg.
599 1904 676 1966 AEn.
693 1923 740 1969 ιι.
756 1905 830 1985 761.
875 1906 995 1969 Contra
1016 1925 1054 1968 ex
1078 1900 1268 1989 Hippolyta,

171 2003 322 2091 Antiopoe
351 2027 466 2082 sorore,
491 2020 600 2069 natum
628 2005 793 2092 perhibent
819 2006 901 2071 idem
933 2005 1122 2071 Plutarchus
1152 2002 1268 2068 Parall.

170 2128 203 2191 p.
217 2125 282 2190 314
297 2109 340 2170 A.
357 2106 519 2171 Clidemus
538 2108 624 2194 apud
641 2107 799 2173 Plutarch.
816 2110 876 2174 vol.
893 2130 920 2172 1.
935 2131 966 2196 p.
981 2127 1018 2194 13
1032 2110 1075 2172 A.
1098 2120 1130 2171 et
1145 2109 1271 2169 Auctor

170 2209 346 2294 argumenti
377 2209 473 2296 hujus
498 2209 624 2275 fabulae.
669 2212 749 2287 Quae
772 2210 812 2275 de
837 2210 887 2275 his
909 2209 1127 2275 Amazonibus
1152 2223 1272 2272 veteres

171 2309 338 2389 tradidere,
353 2312 479 2399 collegit
499 2328 530 2377 et
550 2313 704 2378 recensuit
720 2312 881 2378 Meursius
894 2313 926 2377 in
944 2313 1070 2378 Theseo
1087 2334 1155 2398 cap.
1173 2330 1223 2377 20.
1239 2325 1271 2373 et

173 2432 224 2477 21.
242 2415 393 2479 MONK.

216 2517 266 2580 18.
283 2519 403 2603 ἐξαίρει]
425 2518 630 2583 Scribendnm
647 2521 758 2600 ἐξαιρεῖ
769 2540 809 2582 ex
824 2520 910 2583 Flor.
926 2533 1086 2606 quattuor.
1124 2513 1270 2579 Herodo-

171 2635 221 2682 tus
234 2641 262 2696 1,
277 2623 331 2704 36.
346 2622 386 2686 ab
402 2620 552 2685 Elmsleio
569 2636 778 2710 comparatus,
795 2619 969 2701 συνεξελεῖν
983 2620 1101 2702 ἡμῖντὸ
1117 2618 1220 2700 θηρίον
1235 2619 1268 2680 ἐκ

170 2747 220 2800 της
234 2725 338 2805 χώρης.

216 2845 264 2910 19.
288 2825 421 2912 ὁμιλίας]
438 2829 539 2912 ὁμιλίᾳ
555 2827 645 2891 Lasc.
661 2828 779 2907 ὁμιλίας
795 2828 963 2891 Porsonus.
1009 2824 1072 2891 Sed
1089 2822 1199 2888 eodem
1218 2845 1266 2887 re-

169 2925 216 2989 dit
232 2927 386 3014 scriptura
402 2929 539 3015 vulgata.

215 3046 264 3093 20.
287 3029 343 3108 μέν
358 3055 412 3094 νον
427 3032 472 3094 Η.
486 3034 543 3111 μὲν
558 3037 611 3095 νῦν
628 3032 666 3094 Β.
683 3030 797 3116 aliique
815 3029 965 3096 nonnulli.
1011 3029 1110 3094 Pauci
1127 3032 1184 3110 μὲν
1202 3029 1266 3102 οὖν,

170 3154 207 3194 ex
224 3155 288 3216 quo
302 3131 332 3194 in
350 3131 426 3195 Ald.
442 3131 498 3212 μέν
512 3131 539 3215 γ’
556 3135 609 3197 οιίν
624 3132 751 3197 factum.

215 3253 266 3318 25.
281 3235 462 3316 μυστηρίων]
481 3234 725 3299 Eleusiniorum.

214 3354 263 3416 27.
282 3335 456 3420 κατέσχετο]
477 3337 682 3401 scribendum
699 3338 852 3421 κατείχετο
867 3357 938 3401 cum
957 3335 1102 3400 Monkio.

210 3458 265 3523 30.
281 3436 383 3518 Πέτρα
397 3438 561 3505 Παλλὸὁος
575 3454 621 3502 est
636 3461 730 3526 rupes
745 3439 882 3503 Athenis
896 3453 1068 3526 praeruptu,
1083 3438 1116 3502 in
1130 3458 1195 3525 qua
1208 3456 1266 3501 arx

167 3555 235 3605 crat
256 3540 325 3620 sita,
343 3540 427 3605 unde
446 3540 508 3606 late
530 3540 658 3628 patebat
677 3540 709 3604 in
727 3563 812 3605 mare
827 3542 1003 3629 subjectum
1018 3554 1051 3605 et
1065 3538 1264 3604 Troezeniam

168 3644 326 3730 regionem
340 3660 532 3732 prospectus.
558 3646 596 3708 In
613 3666 735 3708 summo
747 3644 860 3709 vertice
870 3659 937 3709 erat
949 3642 1087 3709 Palladis
1101 3642 1266 3729 templum,

169 3745 261 3832 longe
276 3747 496 3833 navigantibus
509 3760 539 3811 et
556 3745 606 3810 via
620 3767 706 3811 sacra
719 3746 867 3811 euntibus
881 3748 1059 3834 spectabile.
1077 3747 1249 3812 VALCK.
1282 3751 1283 3754 ’

210 3869 265 3934 31.
288 3850 362 3915 ναὸν
377 3850 537 3938 Κύπριδος]
554 3848 635 3916 Tale
654 3847 805 3936 templum
822 3849 855 3913 in
870 3849 1022 3938 Acropoli
1044 3872 1152 3914 revera
1172 3849 1266 3914 exsti·

169 3951 252 4029 tisse‚
270 3951 399 4018 tradunt
413 3953 510 4018 Diod.
528 3953 587 4018 Sic.
603 3975 633 4035 4
649 3977 677 4017 c.
694 3955 745 4018 62.
762 3952 964 4040 Asclepiades
980 3953 1067 4040 apud
1082 3952 1265 4017 scholiasten

170 4054 301 4117 Homeri
316 4055 356 4118 ad
373 4057 486 4142 Odyss.
503 4063 541 4133 A,
556 4075 630 4142 320.
649 4056 792 4121 MUSG.

213 4158 423 4241 ἑγκαθείσατο]
451 4160 608 4246 Corrupte
633 4157 753 4246 aliquot
778 4158 848 4223 libri
871 4160 1050 4241 ἐγκαθίσατο
1073 4158 1120 4223 vel
1144 4159 1264 4240 ἔγκαθί·

168 4286 271 4323 σῐαΤΟ·
890 4286 893 4289 ’

210 4382 263 4446 32.
279 4382 330 4448 33.
355 4364 440 4444 tpno'
464 4362 544 4444 ἔρωτ’
569 4365 703 4444 ἔκδημον·
727 4364 893 4450 Ἱππολύτῳ
912 4364 936 4428 δ’
953 4366 1001 4429 ἔπι
1017 4365 1050 4428 τὸ
1065 4366 1173 4429 λοιπὸν
1188 4365 1262 4429 dud-

167 4465 259 4543 μαζεν
275 4468 408 4546 ἱδρῦσθαι
424 4463 512 4552 θεάν]
532 4466 601 4529 Hos
616 4487 722 4531 versus
738 4489 798 4530 non
816 4468 946 4555 scriptos
967 4469 1007 4532 ab
1023 4468 1178 4555 Euripide
1200 4489 1266 4530 csse

749 4592 768 4632 r
