2864 4914
161 287 226 354 164
521 289 899 354 ANNOTATIONES

208 479 300 526 1120.
323 459 440 544 ἀσπίδι]
463 461 589 527 ἀσπίδος
608 461 648 524 Β.
670 459 785 547 aliique
806 459 958 525 nonnulli.
1004 459 1112 537 Quum
1126 473 1263 535 v.1124.

161 561 207 628 ἀπ’
223 565 326 628 ἀσπίδι
339 561 370 626 in
382 562 527 627 omnibus
541 563 632 627 codd.
648 563 782 649 legatur,
797 587 890 628 causa
904 585 980 626 vero
993 560 1082 625 nulla
1094 557 1264 644 excogitari

160 680 266 752 queat,
295 688 352 729 cur
380 664 551 751 Euripides
583 664 705 730 tantillo
737 665 900 730 intervallo
930 664 1023 728 modo
1053 661 1097 727 ἐπ’
1129 661 1262 732 dandos,

160 767 255 832 modo
270 765 315 831 ἐπ’
332 769 435 832 ἀσπίδι
448 766 572 846 dixerit,
589 768 638 832 hic
652 792 780 855 quoque
796 767 840 833 ἀπ’
856 770 960 832 ἀσπίδι
975 766 1077 830 verius
1093 788 1158 828 esse
1173 779 1263 850 puto.

161 871 355 934 MATTH.

207 991 301 1039 1122.
326 971 377 1036 Sic
398 986 481 1036 recte
500 971 696 1058 interpunxit
710 974 836 1059 Musgr.
851 996 909 1060 pro
925 973 1043 1055 ἔφερεν,
1061 972 1100 1037 ως
1118 995 1170 1050 πρ.
1186 993 1217 1032 π.
1232 979 1265 1030 et

160 1074 203 1140 sic
213 1075 279 1162 jam
296 1074 389 1138 vertit
404 1073 547 1153 Grotius,
563 1075 693 1138 dantem
707 1077 852 1162 agitabat
852 1073 976 1160 facem,
995 1074 1124 1150 Qualem
1140 1074 1265 1135 Prome·

160 1177 260 1256 ίλσιισ,
275 1177 408 1264 ignibm
424 1186 534 1263 portas
551 1187 667 1263 petens.
714 1178 897 1242 Notandum
921 1193 1036 1254 tamen,
1052 1175 1139 1263 apud
1154 1172 1264 1238 AEsch.

162 1280 194 1343 S.
210 1302 236 1343 c.
253 1278 318 1343 Th.
333 1298 408 1363 434.
432 1280 613 1365 Capaneum
637 1279 738 1364 clypei
759 1279 879 1366 insigne
902 1279 1017 1344 habere
1038 1277 1152 1361 γυμνὸν
1171 1278 1266 1357 ἀνδρα

159 1383 322 1464 πυρφόρον,
346 1381 460 1463 Φλίγει
485 1384 517 1444 δὲ
542 1385 663 1461 λομπάς
684 1385 732 1446 διά
753 1389 851 1466 χερῶν
873 1382 1056 1463 ὡπλισμένη,
1080 1386 1211 1462 Χρυσοῖς
1232 1380 1266 1441 δὲ

161 1490 258 1567 φωνεῖ
277 1486 457 1566 γράμμασιν,
478 1483 581 1565 πρήσω
603 1485 703 1548 πόλιν.
726 1484 812 1570 quod
835 1508 908 1549 sane
930 1483 1052 1561 melius,
1073 1505 1168 1569 quam
1192 1483 1264 1568 'ry-

160 1585 254 1650 deum
271 1586 374 1673 ipsum
386 1609 457 1649 cum
473 1586 540 1649 face
556 1586 663 1649 urbem
679 1585 819 1673 aggredi.
836 1587 1028 1651 MATTH.

208 1706 300 1769 1124.
310 1685 389 1770 Ἀρη
405 1687 491 1751 Flor.
508 1710 599 1751 rinus.
617 1686 715 1770 Ἀρην
729 1687 807 1751 Ald.

208 1792 300 1853 1126.
316 1788 507 1874 στρόφιγξιν]
526 1791 685 1872 στρόφιγξί
697 1789 724 1873 γ’
742 1792 787 1854 Η.
803 1805 835 1854 et
850 1805 912 1853 tres
925 1787 978 1852 alii
993 1810 1064 1852 cum
1080 1786 1157 1851 Ald.

206 1909 299 1976 1132.
324 1891 448 1973 βάθρων
474 1909 536 1955 tres
559 1891 651 1956 codd.
676 1904 824 1956 recentes.
848 1894 903 1976 βίᾳ
928 1907 1047 1955 veteres
1068 1905 1101 1955 et
1122 1889 1199 1954 Ald.
1225 1889 1266 1953 ad

162 1992 248 2080 quod
263 1995 424 2058 Porsonus
446 2001 467 2034 ‘⁸
485 1994 543 2058 Vix
559 1994 634 2058 mihi
656 1995 878 2082 temperabam,
902 1994 979 2079 quin
1003 2017 1061 2081 pro
1081 1996 1137 2078 βίρ
1158 1992 1263 2057 lectio·

161 2118 231 2160 nem
254 2097 288 2159 J.
304 2096 427 2179 βάθρων
447 2096 667 2183 amplecterer:
696 2097 825 2162 eandem
849 2096 961 2161 habuit
982 2096 1080 2160 codex
1100 2098 1265 2183 Augusta-

159 2222 230 2275 nus,
247 2213 284 2263 ut
299 2198 397 2285 liquet
411 2223 428 2262 e
443 2198 571 2278 scholio,
587 2199 673 2286 quod
694 2200 757 2264 huc
778 2199 894 2264 retrahi
912 2199 1017 2279 debet,
1034 2199 1266 2264 Valckenaerius

159 2323 235 2365 vero
257 2299 296 2365 ad
313 2302 403 2366 1186.
421 2301 548 2388 [1179]
565 2301 704 2366 rettulit:
732 2302 866 2385 Βάθρων.
889 2309 947 2366 τῶν
970 2303 1117 2381 θεμελίων
1138 2303 1186 2366 καὶ
1207 2308 1266 2365 τῶν

162 2402 317 2484 βάσεων.”

206 2526 299 2591 1134.
314 2512 379 2572 ταῖς
393 2503 416 2569 δ’
434 2506 590 2592 ἑβδόμαις]
608 2509 659 2570 De
673 2521 791 2594 septem
809 2507 994 2572 Thebarum
1010 2506 1110 2594 portis
1123 2506 1266 2594 quinque

159 2608 310 2699 praecipui
333 2620 487 2685 auctores,
505 2609 689 2694 AEsclrylus,
706 2609 888 2696 Euripides,
904 2609 1131 2697 Apollodorus,
1148 2612 1267 2673 Pausa-

161 2712 238 2787 nias,
264 2710 394 2787 Statius,
420 2711 557 2797 (Hygini
583 2711 664 2775 enim
692 2709 807 2775 nullam
833 2712 982 2776 rationem
1010 2711 1176 2794 habemus)
1203 2734 1265 2775 non

161 2812 288 2877 omnino
302 2812 409 2875 eadem
426 2812 565 2877 tradunt.
610 2813 753 2877 Maxima
768 2829 816 2878 est
829 2813 860 2877 in
876 2813 1073 2901 Apollodoro
1088 2812 1265 2891 difficultas,

160 2915 217 3002 qui
231 2913 313 2978 inter
327 2914 469 3001 Ogygias
490 2929 597 3001 portas
618 2931 650 2980 et
663 2915 817 2981 Onca'r'das
839 2915 953 2981 diserte
976 2915 1152 3001 distinguit.
1197 2917 1267 2980 On-

160 3018 265 3082 ca'idas
282 3033 314 3082 et
329 3018 470 3105 Ogygias
490 3018 612 3083 easdem
636 3032 742 3105 portas
757 3018 860 3082 vocari
876 3032 985 3083 auctor
1000 3034 1047 3083 est
1064 3019 1264 3106 Hesychius:

158 3119 275 3203 Ὄγκας
288 3120 426 3200 Ἀθήνας.
450 3125 502 3188 τάς
516 3120 664 3204 Ὠγυγίας
680 3123 776 3188 πύλας
796 3121 893 3202 λέγει.
940 3123 1095 3186 Oncaidas
1117 3137 1269 3187 memorat

165 3223 346 3310 AEschylus,
369 3245 432 3287 non
457 3224 617 3311 Ogygias3
647 3223 797 3312 Ogygias,
821 3246 883 3287 non
907 3224 1062 3288 Oncai'das
1085 3224 1267 3311 Euripides,

164 3326 345 3403 Pausanias,
370 3327 497 3391 Statius.
542 3329 629 3405 Quas
650 3326 765 3391 omittit
780 3325 1005 3412 Apollodorus,
1031 3328 1151 3405 Ne'itas,
1174 3327 1268 3391 ceteri

162 3450 270 3491 omnes
284 3427 411 3492 habent.
435 3429 521 3506 Quid
533 3429 557 3492 si
573 3451 736 3516 ponamus,
751 3428 981 3514 Apollodorum
998 3430 1153 3518 scripsisse
1166 3430 1269 3517 primo

161 3533 215 3596 τάς
227 3529 374 3612 Ὠγυγίας
388 3528 407 3609 ἢ
420 3529 591 3612 Ὀγκσίδας,
607 3531 721 3594 deinde
739 3534 792 3597 τὰς
808 3530 921 3611 Νηίτος
943 3556 1000 3597 suo
1022 3533 1100 3613 loco,
1117 3534 1170 3598 sed
1191 3532 1266 3616 Ὀγ-

163 3631 265 3699 καίδας
279 3631 438 3711 omissum,
451 3647 559 3719 postea
573 3634 604 3697 in
622 3632 759 3719 margine
775 3633 957 3718 repositum,
974 3636 1045 3700 sede
1062 3659 1118 3700 sua
1132 3636 1267 3700 alterum

161 3734 239 3799 illud
251 3733 434 3821 expulisse?
459 3739 559 3801 Porro
572 3735 752 3800 Hebdomae
768 3758 830 3800 non
846 3753 921 3802 sunt
931 3739 1094 3825 proprium
1104 3752 1267 3825 portarurn

164 3859 289 3915 nomen,
305 3835 358 3900 sed
376 3836 548 3924 AEschylus
562 3853 593 3902 et
606 3836 787 3925 Euripides,
804 3861 857 3901 sex
874 3839 971 3924 portis
989 3840 1054 3926 jam
1073 3840 1198 3904 nomine
1213 3839 1267 3903 de-

164 3939 302 4026 signatis,
327 3937 453 4003 ultimas
474 3962 714 4004 commemorare
736 3941 989 4028 supersederunt.
1036 3941 1161 4020 Scholii,
1181 3943 1267 4029 quod

163 4064 260 4130 supra
274 4041 365 4106 citavi
380 4041 420 4105 ad
438 4060 532 4126 1132,
549 4042 666 4130 reliqua
680 4058 754 4108 sunt
769 4044 854 4108 haec:
885 4046 963 4112 τινὲς
977 4047 1009 4108 δὲ
1025 4047 1103 4128 φασὶ
1118 4050 1170 4113 πδς
1186 4048 1267 4111 εὐδό·

163 4172 236 4227 μους
257 4148 353 4213 πόλος
374 4149 426 4222 τῆς
446 4146 587 4210 Βοιωτίας
610 4152 767 4212 καλεῖσθαι
781 4147 841 4212 ἀπὸ
857 4153 995 4222 Βοιωτοῦ,
1011 4154 1063 4212 τοῦ
1079 4155 1269 4218 Ποσειδῶνος

164 4249 213 4313 καὶ
227 4252 278 4326 τῆς
291 4251 387 4329 σοφῆς
402 4248 612 4324 Μελανίππης,
628 4246 679 4330 ἀφ’
696 4251 730 4313 οὗ
744 4255 828 4315 πάσα
842 4252 860 4330 ἡ
875 4252 1001 4315 Βοιωτία
1016 4251 1134 4331 ἐκλήθη.
1180 4253 1269 4339 Lege

161 4355 214 4421 τάς
228 4352 358 4431 ἑβδόμας
379 4350 478 4414 πόλος
499 4353 641 4419 Βοιωτίας
662 4358 830 4417 καλεῖσθαι.
878 4352 941 4417 His
962 4354 1082 4441 positis,
1105 4372 1267 4441 portarum
