2864 4914
200 285 265 350 832
563 287 942 355 ANNOTATIONES

245 459 317 524 266.
338 457 445 538 μέθετε
458 457 566 538 μόθετθ
579 458 609 539 μ’
624 460 691 545 ἤδη]
709 460 817 542 picot
830 486 868 542 με
884 459 992 541 μέθετε
1005 459 1070 540 μηδ’
1087 460 1115 524 F
1117 456 1174 523 lor.
1190 461 1236 524 A.
1250 458 1304 540 με’-

200 558 268 624 θετέ
282 585 321 640 με
334 557 441 641 μόθετό
455 559 484 640 μ’
500 561 555 641 ἤδη
570 558 721 625 Flor.10.
736 561 843 644 μέθετέ
856 588 894 644 με
908 561 1006 643 μόθετ’
1023 561 1067 643 ἔμ’
1082 562 1137 643 ἤδη
1153 560 1242 627 Flor.
1255 582 1304 647 15.

244 665 316 746 267.
332 661 461 751 κλίνατ’]
479 662 625 728 ἔκκλόνατ’
643 664 729 728 Flor.
746 667 791 729 A.

244 780 317 847 270.
341 767 415 828 Νοη
438 765 514 829 mihi
537 765 730 831 satisfaciunt
747 791 820 854 quoe
834 767 874 832 de
889 767 949 832 hoc
963 790 1055 833 versu
1070 767 1189 856 scripsi.
1235 768 1303 832 Re-

199 867 339 932 vocanda
358 867 458 955 igitur
480 867 629 948 codicum,
649 867 740 934 lectio
763 869 907 958 quamvis
931 884 1076 957 suspecta
1098 869 1190 935 τέκνα
1211 869 1302 945 τέκν’,

199 969 297 1035 οὗκέτι
325 970 361 1051 δὴ
379 970 385 1059 Ι
404 971 503 1037 οὐκέτι
529 971 625 1055 μάτηρ
654 977 742 1060 σφῷν
770 975 862 1039 ἔστιν.
907 975 1008 1038 Recte
1036 973 1151 1038 habere
1174 972 1304 1037 videtur

199 1073 348 1138 usitatum
375 1074 452 1139 illud
481 1074 629 1162 Euripidi
653 1075 751 1141 οὐκέτι
776 1076 821 1156 δὴ,
847 1076 1034 1164 interpolata
1055 1099 1129 1141 vero
1151 1090 1224 1141 sunt
1245 1099 1300 1141 ex-

199 1194 298 1242 trema
313 1182 401 1264 σφῷν
417 1179 509 1244 ἔστιν.

243 1298 314 1363 271.
331 1281 423 1364 φάος]
441 1287 504 1364 φῶς
520 1281 607 1345 Flor.
625 1300 654 1345 2.
674 1282 763 1345 Lasc.

243 1386 317 1466 276.
339 1384 379 1464 μὴ
401 1384 474 1466 πρὸς
498 1387 612 1449 παίδων
634 1384 684 1451 οθς
705 1385 872 1469 όρφανιεῖς]
890 1383 956 1449 Ηὶα
977 1406 1085 1449 versus
1105 1382 1238 1448 omissus
1259 1383 1301 1449 ab

198 1485 289 1550 Lasc.
313 1499 344 1549 et
367 1484 445 1549 Ald.
468 1485 595 1550 accessit
616 1508 654 1551 ex
680 1485 829 1550 Vaticano
846 1487 940 1551 A.H.
958 1489 1032 1551 Par.
1048 1487 1132 1552 B.D.
1151 1485 1237 1552 Flor.
1255 1488 1299 1552 A.

204 1608 251 1666 ιο,
264 1606 312 1672 15.
328 1601 359 1653 et
374 1587 548 1653 scholiasta.

241 1705 314 1772 277.
330 1693 389 1755 ἄνα
403 1692 514 1775 τόλμα]
532 1693 687 1771 άνατόλμα
702 1689 779 1755 Ald.
794 1705 837 1768 et,
854 1708 890 1756 ut
905 1691 1041 1771 videtur,
1056 1714 1128 1779 pars
1142 1692 1297 1758 codicum.

242 1793 313 1877 283.
333 1797 435 1877 ψυχῆς
448 1815 510 1856 om.
527 1791 613 1856 Flor.
629 1796 673 1857 A.
696 1808 727 1858 et
748 1816 820 1857 cum
845 1793 994 1858 Flor.1o.
1012 1812 1061 1879 15.
1084 1810 1154 1880 post
1176 1797 1299 1877 εἰσορᾶν

196 1892 286 1958 addit
299 1897 403 1977 φίλον.

241 1997 314 2081 289.
335 1999 411 2079 ἥβης
433 1997 535 2083 ἔχουσ’
552 2001 586 2063 ἐν
600 2001 645 2066 οἶς
660 2001 824 2082 ἐτερπόμην
839 2001 909 2081 ἐγώ,
922 1998 1036 2063 omisso
1052 1997 1129 2080 δῶρ’,
1146 1996 1233 2062 Flor.
1251 1999 1296 2063 A.

199 2119 248 2164 10.
263 2115 313 2185 15.
337 2106 431 2184 δῶρον
446 2105 480 2166 ἐν
494 2104 539 2170 οἷς
554 2103 640 2167 Flor.
658 2122 686 2167 2.
704 2104 796 2168 Laec.
814 2107 910 2184 δῶρον’
922 2103 966 2170 οἶς
981 2103 1055 2165 Par.
1071 2101 1112 2165 E.

240 2222 312 2289 291.
329 2203 441 2291 καλῶς]
458 2206 552 2270 καλὸν
568 2206 613 2270 Η.

240 2324 313 2389 294.
329 2306 482 2395 φιτ-ὕσειν]
498 2310 658 2390 φυτεύσειν
674 2307 761 2372 Flor.
778 2325 806 2372 2.
824 2327 872 2371 10.
890 2307 984 2370 Lasc.
1000 2304 1079 2369 Ald.

239 2409 312 2492 298.
337 2410 376 2472 In
393 2409 598 2483 'annotatione
616 2410 737 2497 corrige
759 2409 934 2498 typothetae
955 2431 1089 2473 errorem
1113 2406 1294 2492 εῖδέπραξεν,

193 2508 280 2596 quod
297 2508 473 2592 εἰσέπραξεν
486 2512 693 2577 scribendum.

239 2631 310 2697 299.
334 2613 372 2677 σθ
394 2616 448 2678 νόν
467 2613 533 2699 μοι]
550 2617 590 2679 σθ
610 2641 661 2695 μοι
684 2620 738 2680 νῦν
754 2617 821 2697 (νυν
836 2614 922 2678 Flor.
941 2617 1000 2696 A.)
1018 2613 1104 2678 Flor.
1122 2615 1166 2678 A.
1182 2635 1228 2679 to.
1244 2637 1293 2701 15.

196 2718 267 2780 Par.
284 2716 367 2779 B.D.
384 2717 423 2779 σὺ
437 2715 473 2795 δή
486 2743 536 2796 μοι
551 2719 622 2781 Par.
640 2719 681 2781 Ε.
698 2715 784 2781 Flor.
802 2735 831 2783 2.
850 2717 940 2780 Lasc.
956 2718 994 2781 σὺ
1008 2715 1033 2781 δ’
1048 2718 1119 2799 ἡμῖν
1133 2717 1211 2782 Ald.

236 2815 337 2902 τῶνδ’]
354 2816 431 2897 τήνδ’
447 2817 524 2882 Ald.

235 2938 312 3003 304.
336 2919 471 3003 ἀνάσχου
493 2918 653 3006 δεσπότας]
671 2922 732 2984 Est
750 2943 809 3006 pro
826 2918 973 2986 δεσπότας
990 2923 1079 2989 ὄντας
1093 2921 1239 3005 ἀνάσχου,
1257 2940 1292 2987 ut

193 3042 244 3106 ap.
269 3019 366 3106 Soph.
389 3021 503 3107 Antig.
523 3025 598 3102 467.
622 3025 648 3087 εἰ
669 3022 721 3087 τὸν
744 3025 776 3102 ἐξ
798 3024 868 3102 ε’μῆς
888 3023 996 3104 μητρὸς
1018 3020 1134 3086 θανόντ’
1158 3027 1292 3088 ἄθαπτον

192 3120 346 3206 ἠνσχόμην
361 3123 458 3188 νέκυν.
475 3125 667 3187 ΜΑΤΤΗ.

235 3241 308 3311 315.
331 3227 372 3307 μή
393 3229 457 3315 σοι]
483 3226 556 3291 Scil.
580 3227 706 3302 δέδοικα,
731 3243 767 3292 ut
788 3226 829 3290 ΙΙ.
846 3232 883 3306 Ε,
900 3227 971 3312 238.
991 3229 1073 3292 Plat.
1090 3227 1242 3293 Phaedon.
1258 3253 1289 3317 p.

192 3333 245 3414 69.
261 3332 305 3394 A.
323 3331 516 3394 MATTH.

233 3452 308 3517 320.
325 3434 364 3496 In
380 3432 580 3497 annotatione
596 3439 617 3470 “
634 3435 664 3499 ἐς
680 3432 749 3495 Μ.”
762 3431 882 3518 corrige
896 3437 918 3468 “
929 3432 960 3498 ἐς
975 3430 1061 3496 Flor.
1078 3450 1107 3497 2.
1124 3449 1155 3496 et
1171 3433 1282 3497 Lasc.''

233 3553 307 3619 322.
323 3533 463 3618 λέξομαι]
482 3536 692 3598 Numerabcr.

233 3656 308 3723 333.
331 3636 566 3722 ἔκπρεπεστάπη]
593 3636 814 3717 εὐπρεπεστάτη
835 3636 927 3700 etiam
948 3637 1021 3701 Par.
1039 3638 1123 3701 B.D.
1139 3639 1227 3701 Flor.
1244 3642 1287 3704 A.

193 3758 308 3824 1615.
346 3741 417 3804 Vid.
434 3741 474 3805 ad
490 3740 616 3805 Hecub.
634 3743 705 3823 269.

232 3861 307 3927 334.
322 3841 420 3929 τῶνδ’]
440 3844 488 3907 rai
503 3842 586 3908 τῶνδ’
604 3844 650 3906 Η.

232 3946 305 4029 336.
319 3945 454 4032 ἐτήσιον]
475 3945 675 4032 Significatur
689 3967 828 4009 annuum
845 3944 948 4009 luctus
963 3944 1097 4031 spatium
1114 3945 1196 4009 infra
1211 3970 1290 4033 quo-

189 4068 253 4131 quc
273 4070 301 4111 v.
315 4068 389 4132 431·
435 4051 588 4126 Quaenam
607 4047 693 4134 apud
709 4061 828 4110 veteres
845 4045 983 4134 legitima
1003 4064 1144 4135 tempora
1162 4048 1290 4136 lugendi
1408 4081 1416 4094 ·

188 4147 305 4213 fuerint
320 4149 513 4236 parentibus,
537 4149 731 4235 propinquis,
747 4149 945 4235 conjugibus,
961 4149 1126 4238 diligenter
1144 4153 1290 4238 quaesivit

190 4250 423 4316 Kirchmannus
439 4251 489 4314 De
504 4252 589 4314 Fun.
606 4252 699 4315 Rom.
715 4273 746 4333 4.
761 4273 787 4314 c.
803 4272 851 4315 10.
868 4253 971 4317 MON
976 4254 1019 4315 K.

230 4355 307 4439 346.
323 4356 466 4436 ἐξαίροιμτ
480 4351 611 4416 codices.
635 4353 765 4434 ε’ξάροιμι
783 4353 874 4418 Lasc.
892 4353 970 4418 Ald.

231 4458 329 4535 Λίβυν
343 4457 464 4544 λακεῖν]
478 4453 582 4520 Tibiae
594 4479 611 4518 e
622 4454 687 4518 loto
699 4455 821 4544 Libyco
834 4455 907 4540 (hoc
919 4471 976 4534 est,
989 4457 1157 4538 Africano)
1170 4472 1288 4545 paratae
