2864 4914
185 269 228 330 80
546 268 926 334 ANNOTATIONES

229 457 279 518 14.
308 440 380 503 Hoc
402 461 494 502 versu
519 439 618 503 utitur
643 441 804 505 Lucienus
826 441 887 505 vol.
906 461 936 506 2.
959 463 990 527 p.
1005 456 1082 526 457.
1105 464 1125 504 a
1145 442 1286 506 Porsono

181 539 347 606 indicatus.

230 644 280 707 18.
302 644 424 728 μητρὸς]
453 644 562 726 ματρὸς
584 643 635 709 hie
658 657 691 710 et
712 645 778 711 fere
801 645 919 732 ubique
940 645 971 709 in
995 645 1053 710 hac
1075 645 1184 709 fabula
1204 646 1283 710 Ald.

185 749 368 812 correctum
385 769 424 810 ex
438 746 531 810 codd.

227 870 280 917 20.
315 851 489 938 Μενέλαος]
521 849 684 921 Μενέλεως
712 853 791 917 Ald.
836 855 1022 917 Correetum
1057 874 1097 915 ex
1134 865 1287 938 quattuor

182 952 275 1018 codd.

226 1074 277 1138 24.
290 1055 397 1138 μητρὸς
410 1055 610 1137 ἀνοσιωτάτης
623 1056 752 1122 codices.
775 1057 886 1138 ματρὸς
900 1055 1103 1122 ἀνοσιωτάτας
1118 1055 1195 1120 ΑΙά.

227 1160 278 1223 26.
298 1157 436 1243 παρθένῳ
452 1159 490 1222 Β.
506 1158 621 1245 aliique
636 1182 698 1223 non
715 1161 819 1247 pauci.
841 1159 992 1242 παρθένον
1006 1157 1085 1222 Ald.
1100 1172 1131 1222 et
1147 1157 1287 1223 Alexan-

182 1261 238 1326 der
253 1261 284 1325 in
300 1259 417 1325 Walaii
434 1261 567 1325 Rhetor.
584 1262 645 1326 vol.
664 1262 694 1327 8.
710 1285 742 1349 p.
757 1280 833 1348 450.

225 1385 278 1451 30.
295 1365 390 1448 φέρον
406 1367 444 1430 Β.
460 1364 584 1453 aliique.
608 1365 711 1448 φέρων
728 1365 806 1430 Ald.

225 1483 277 1553 35.
294 1470 310 1531 ὁ
326 1469 373 1553 δέ]
391 1470 458 1532 οὐδὲ
473 1468 568 1533 oodd.
585 1467 656 1556 plus
672 1468 787 1533 deoenr.
829 1469 979 1553 Ineptum
995 1479 1042 1530 est
1057 1469 1074 1530 d
1090 1468 1132 1541 δέ,
1148 1490 1287 1556 proquo

182 1570 213 1636 in
229 1585 378 1658 promptu
389 1569 497 1635 fuisset
513 1569 546 1638 δς
559 1570 672 1648 dicere,
687 1570 774 1658 quod
788 1570 891 1658 ipsum
904 1568 935 1633 in
947 1568 1073 1634 duobus
1084 1569 1223 1634 tribusve
1233 1593 1286 1635 co·

182 1672 304 1739 dicibus
328 1673 505 1738 recentibus
529 1672 722 1760 adscriptum
747 1672 863 1760 legitur
886 1695 927 1736 ex
954 1672 1133 1759 conjectura
1158 1672 1285 1737 librarii.

183 1778 310 1841 Partem
334 1776 399 1841 veri
421 1776 500 1840 vidit
522 1774 682 1853 Reiskius,
697 1797 797 1862 quum
820 1773 988 1862 corrigeret
1008 1774 1128 1856 τλήμων
1141 1772 1287 1857 Ὀρέστης

182 1879 243 1954 ὅδε,
257 1880 360 1944 πεσὼν
374 1877 398 1942 δ’
415 1881 448 1944 ἐν
463 1879 601 1959 δεμνίοις.
647 1876 853 1942 scribendum
868 1876 953 1942 omni
968 1875 1093 1942 sublata
1106 1876 1287 1964 interpunc-

183 1982 267 2047 tione
285 1984 424 2047 ἐντεῦθεν
442 1980 530 2065 ἀγρίᾳ
548 1981 702 2048 συντακεὶς
724 1983 805 2066 νόσω
827 1987 915 2046 νοσεῖ
934 1978 1054 2060 τλήμων
1067 1977 1214 2062 Ὀρέστης
1235 1982 1287 2044 ὅδε

182 2087 286 2150 πεσὸν
300 2086 335 2149 έν
349 2085 477 2164 δεμνίοις
492 2090 594 2148 κεῖται·
631 2083 728 2148 verbo
747 2091 840 2150 κεῖται
859 2083 891 2147 in
913 2083 975 2147 fine
996 2082 1157 2147 sententiae
1177 2081 1287 2146 addito

183 2202 331 2274 tanquam
349 2209 411 2250 non
426 2184 629 2272 praecessisset
645 2193 740 2252 νοσεῖ.
788 2185 886 2251 Simili
905 2184 1095 2272 negligentia
1116 2188 1195 2267 φησί
1214 2200 1287 2272 post

183 2294 290 2372 ὄμνυσι
312 2312 351 2353 ex
373 2288 547 2353 abundanti
570 2287 712 2353 additum
733 2289 774 2354 ab
790 2287 1004 2375 Aristophane
1020 2287 1108 2352 Nub.
1125 2291 1213 2373 1136.
1229 2293 1288 2356 πῖις

182 2392 241 2477 γάρ
262 2418 306 2460 τις
328 2389 431 2473 ὄμνυσ’
453 2393 497 2459 οῖς
518 2393 651 2473 ὀφείλων
671 2390 810 2475 τυγχάνω
829 2390 834 2478 Ι
854 2393 915 2458 θείς
929 2416 979 2471 μοι
993 2391 1145 2471 πρυτανεῖ’
1160 2393 1288 2456 ἀπολεῖν

181 2495 221 2577 μέ
234 2504 311 2578 φησι
327 2497 476 2574 κάξολεῖν.
492 2493 665 2579 eademque
680 2493 759 2559 ratio
779 2493 923 2558 infinitivi
942 2494 1075 2557 κελεύειν
1088 2507 1160 2581 post
1182 2497 1287 2574 σημαί.

183 2623 246 2663 νειν
260 2596 360 2662 additi
373 2596 405 2660 in
422 2595 548 2661 Herael.
561 2615 638 2680 490.
671 2598 820 2662 Ceterum
830 2596 933 2662 verbis
947 2596 1067 2678 τλήμων
1076 2594 1222 2679 Ὀρέστης
1235 2599 1288 2662 ὅδε

182 2715 274 2787 poeta
287 2698 400 2763 iterum
413 2699 511 2763 utitur
523 2698 605 2763 infra
614 2717 701 2782 v.74.
712 2698 833 2781 τλήμων
841 2699 986 2782 Ὀρέστης
996 2700 1105 2782 μητρὸς
1116 2702 1168 2764 ὅδε
1177 2701 1287 2783 φονεὺς

183 2804 252 2886 έφο,
270 2803 322 2866 ubi
337 2802 446 2884 μητρὸς
460 2816 590 2889 propter
605 2801 696 2866 metri
713 2801 923 2867 necessitatem
939 2817 985 2866 est
1000 2800 1229 2889 interpositum.

224 2926 276 2986 41.
300 2907 354 2990 ὧν]
374 2905 525 2969 Refertur
544 2903 585 2968 ad
605 2903 641 2983 ἓξ
653 2904 759 2985 ήματα,
775 2904 861 2990 quod
877 2905 1055 2970 continetur
1069 2904 1171 2969 verbis
1186 2928 1215 2968 v.
1230 2924 1285 2990 39.

183 3009 270 3073 έκτον
285 3011 316 3071 δὲ
332 3008 367 3087 δὴ
382 3006 441 3071 τόδ’
457 3007 544 3089 ἦμαρ.

224 3132 277 3195 45.
305 3112 401 3174 Hunc
417 3132 541 3173 versum
558 3113 689 3193 παρῳδεῖ
702 3109 851 3174 Eubulus
865 3133 919 3197 ap.
935 3110 1056 3175 Athen.
1072 3130 1105 3196 3.
1122 3134 1152 3198 p.
1169 3112 1227 3176 108
1246 3112 1286 3175 B.

181 3215 271 3298 πηδᾷ,
286 3214 416 3297 χορεύει,
431 3218 533 3279 πῶλος
548 3212 588 3278 ἀς
602 3211 661 3275 ἀπὸ
678 3212 775 3294 ζυγοῦ.

224 3319 276 3398 48.
291 3321 563 3398 ματροκτονοΰντας
577 3313 653 3378 Αίά.
700 3316 883 3380 Correetutn
900 3339 939 3380 ex
956 3315 1047 3381 codd.

224 3439 275 3506 53.
292 3422 343 3484 60.
361 3422 405 3505 ές]
424 3423 465 3487 είς
480 3418 556 3483 Ald.
575 3419 625 3484 hie
640 3435 671 3483 et
686 3419 767 3483 infra
783 3423 835 3503 76.
854 3439 928 3501 240.
947 3439 1019 3503 249.
1035 3411 1109 3504 265.
1124 3439 1197 3505 291.
1211 3423 1287 3506 384.

180 3541 255 3603 ιιι·
272 3542 347 3604 ιιι·
364 3525 439 3601 448-
455 3541 529 3604 ιιι·
545 3539 621 3607 522·
637 3541 710 3606 541-
731 3542 806 3608 542·
826 3525 901 3607 5⁶6·
923 3523 999 3607 568·
1022 3525 1094 3606 677·
1117 3539 1189 3606 ιιι·
1213 3523 1285 3608 837·

182 3624 256 3710 893.
269 3625 343 3709 958.
358 3644 430 3708 959.
445 3643 539 3709 1032.
552 3626 741 3710 10981132.
760 3625 961 3690 11881226
980 3626 1286 3711 128ο.1287.1313.

185 3747 275 3812 1330.
293 3727 711 3812 1344.14οο.1539.1583.
729 3729 820 3812 1638.
866 3727 988 3790 Eadem
1014 3727 1080 3791 fere
1102 3728 1285 3808 constantia,

181 3853 254 3917 quae
269 3828 451 3895 eorrectoris
467 3829 578 3893 Aldini
594 3829 751 3894 sedulitati
766 3829 871 3917 potius
893 3852 987 3916 quarn
1011 3829 1154 3894 codicum
1177 3848 1286 3896 aucto·

181 3932 263 3998 ritati
288 3931 474 4020 imputanda
496 3931 632 4009 videtur,
656 3932 685 3995 in
715 3932 841 4018 reliquis
863 3956 990 4020 quoque
1013 3932 1129 3997 fabulis
1151 3937 1192 4002 είς
1213 3950 1287 3999 ante

180 4049 398 4102 consonantem
416 4034 521 4121 posuit
536 4034 650 4099 Aldus.
698 4037 749 4098 De
762 4058 827 4120 quo
842 4033 916 4099 satis
931 4035 1031 4099 habeo
1045 4035 1095 4098 hie
1110 4036 1141 4099 iu
1160 4037 1285 4100 univer-

182 4162 252 4203 sum
268 4138 432 4202 monuisse.

222 4264 275 4328 54.
307 4244 475 4327 ἐκπληρῶν]
508 4242 582 4306 Hel.
609 4260 700 4326 1590.
729 4241 884 4320 Πλήσασα
912 4247 1107 4323 κλιμακτῆρας
1134 4242 1285 4326 εὐσφύρον

180 4349 276 4415 ποδός.
295 4347 364 4409 Ion.
381 4363 474 4428 1127.
490 4349 628 4428 πανταχῆ
644 4349 701 4426 γὰρ
716 4347 823 4411 άστεος
838 4349 940 4425 Ζητῶν
955 4371 1002 4410 νιν
1016 4345 1179 4424 ἐξέπλησα.
1227 4347 1285 4411 Di-

179 4451 261 4514 citur
289 4448 361 4535 quis
389 4448 421 4512 id
452 4447 586 4535 spatium
617 4448 752 4534 explere,
778 4447 870 4532 cujus
894 4448 992 4512 varias
1018 4462 1120 4533 partes
1146 4445 1283 4512 oberrat.
