2864 4914
183 304 247 349 xxx
657 283 814 348 INDEX

182 459 303 531 dinam
333 469 584 551 expresserunt
615 459 836 530 Basileenses
864 460 1104 556 Hervag-ianae
1135 471 1207 532 tres
1237 464 1284 551 (a.

188 594 412 671 1537.1544.
429 580 562 668 1551.),
580 572 855 645 Brnbachiana‘l
872 577 948 646 sine
965 578 1051 648 anni
1074 562 1160 648 nota
1178 579 1285 668 (circa

183 715 214 762 a.
233 692 366 784 1558),
384 691 600 762 Stibliniana
618 691 832 762 Basileensis
855 695 926 784 (ap.
945 694 1110 785 Oporin.)
1131 718 1162 765 a.
1179 696 1284 788 1562.

183 832 255 878 non
272 811 348 878 sine
365 807 488 878 multis
509 806 680 877 leviorum
700 807 868 878 vitiorum
890 811 1178 893 correctionibus,
1197 835 1286 903 qua-

183 949 263 996 rum
282 949 348 1021 ego
364 928 574 1016 plerumque
591 948 650 994 cas
668 934 808 994 tantum
833 929 1157 998 commemorandas
1183 929 1284 1012 duxi,

183 1064 265 1134 quae
282 1065 327 1112 ex
344 1041 523 1112 codicibus
539 1040 614 1131 peti
631 1064 702 1110 non
720 1051 874 1130 possent.
927 1040 1112 1135 Pleraeque
1135 1044 1285 1115 editioni

186 1158 426 1253 Hervagianae
452 1159 616 1227 secundae
647 1155 693 1242 (a.
720 1161 839 1248 1544.)
866 1158 1051 1242 debentur,
1076 1183 1121 1228 ex
1146 1161 1284 1231 schedis

182 1275 306 1366 petitae
330 1271 466 1344 eruditi
488 1270 679 1365 cujusdam
702 1270 786 1359 ciri,
803 1296 908 1365 quem
936 1275 1119 1346 nominare
1144 1276 1191 1346 ob
1213 1277 1285 1347 sin·

183 1393 344 1485 gularem
362 1390 475 1481 ipsius
492 1389 701 1459 modestiam
724 1412 795 1458 non
819 1389 959 1460 licuisse
984 1390 1053 1460 sibi
1079 1391 1131 1462 ait
1158 1392 1285 1477 editor,

183 1506 245 1576 sed
262 1529 367 1597 quem
385 1505 410 1575 J
411 1528 562 1574 oannem
581 1505 773 1575 Brodaeum
792 1504 902 1575 fuisse
919 1506 1031 1598 liquet
1052 1531 1097 1577 ex
1120 1510 1197 1602 ejus
1223 1533 1286 1579 an-

183 1621 439 1704 notationibus,
452 1644 534 1712 qnae
552 1620 701 1690 editioni
715 1620 939 1691 Stiblinianae
957 1634 1188 1694 accesserunt.
1212 1625 1286 1694 Eo·

184 1740 265 1808 dem
294 1739 368 1808 fere
395 1748 553 1828 tempore
580 1738 770 1830 (a.1568.)
799 1738 848 1807 H.
873 1738 1046 1827 Stephani
1075 1741 1286 1830 prodierunt

184 1853 431 1924 annotationes
457 1853 495 1922 in
521 1853 730 1943 Sophoclem
756 1861 793 1922 et
818 1851 1043 1943 Euripidem,
1070 1878 1149 1925 cnm
1177 1855 1286 1927 variis

184 1968 394 2040 lectionibus
420 1970 465 2037 ad
484 1968 644 2038 Rhesum
668 1977 705 2038 et
724 1968 879 2059 reliquas
897 1982 1093 2059 postremas
1110 1971 1249 2041 fabulas
1266 1996 1287 2042 e

184 2083 323 2155 duobus
341 2083 520 2153 codicibus
538 2083 674 2153 Italicis
692 2084 856 2168 enotatis,
873 2108 962 2175 quas
981 2087 1183 2177 Stephanus
1204 2111 1285 2158 cnm

185 2200 260 2270 suis
289 2199 402 2290 ipsius
433 2197 628 2269 aliorumve
659 2198 872 2292 conjecturis
901 2201 953 2270 ita
984 2201 1216 2283 commiscuit,
1244 2212 1285 2273 ut

186 2316 294 2386 MSS.
321 2314 396 2385 suis
423 2315 580 2404 plurima
609 2316 792 2397 tribueret,
822 2339 904 2406 quae
938 2318 1037 2386 nullo
1062 2341 1221 2408 unquam
1247 2319 1287 2386 in

186 2432 303 2502 codice
328 2430 508 2502 exstitisse
530 2430 578 2500 sit
599 2431 847 2500 certissimum.
900 2431 960 2500 Ex
977 2455 1049 2522 quo
1066 2433 1228 2523 sequitur
1244 2457 1286 2503 ea

186 2557 327 2618 tantum
345 2572 427 2640 quae
449 2546 599 2617 aliorum
623 2547 796 2618 librorum
822 2547 1034 2617 auctoritate
1058 2551 1286 2638 postmodum

185 2664 259 2735 sint
275 2663 444 2747 stabilita,
461 2663 639 2732 codicibus
664 2661 838 2751 Stephani
860 2672 940 2732 tuto
965 2663 1076 2732 tribui
1102 2687 1216 2754 posse,
1232 2688 1288 2734 re-

185 2783 285 2874 liqua
301 2788 421 2850 autem
438 2780 652 2871 conjecturae
670 2801 745 2848 esse
756 2778 980 2868 imputanda,
993 2780 1104 2848 donec
1117 2779 1288 2868 probetur

185 2896 415 2969 contrarium.
466 2895 561 2966 Nam
587 2897 682 2985 quod
702 2894 896 2965 Barnesius
921 2896 965 2964 ad
986 2894 1092 2964 Herc.
1113 2894 1184 2965 fur.
1204 2894 1286 2965 886.

188 3012 271 3108 889.
297 3013 428 3106 aliique
454 3013 522 3083 viri
547 3011 642 3081 docti
669 3010 890 3102 Stephanum
911 3011 1047 3081 codices
1067 3010 1147 3080 illos
1170 3033 1289 3081 emen-

186 3129 295 3200 titum
317 3153 391 3200 esse
415 3128 710 3220 pronunciarunt,
728 3137 859 3197 temere
884 3127 1019 3196 dictum
1045 3149 1120 3196 csse
1138 3129 1192 3195 vel
1215 3127 1288 3196 duo

188 3245 372 3316 Troadum
398 3247 558 3335 exempla
583 3243 766 3312 ostendere
791 3243 940 3332 possint,
961 3266 992 3312 v.
1014 3266 1097 3336 232.
1116 3242 1201 3336 365,
1224 3242 1287 3312 ubi

185 3366 350 3434 lacunam
367 3362 533 3432 editionis
552 3358 694 3429 Aldinae
711 3382 757 3428 ex
774 3357 881 3428 MSS.
904 3358 977 3427 suis
999 3358 1202 3448 Stephanus
1228 3381 1288 3427 ex-

186 3483 297 3571 plexit
313 3480 438 3550 iisdem
457 3478 573 3548 verbis
590 3499 673 3569 quae
689 3475 917 3565 postmodum
938 3473 976 3542 in
1002 3473 1082 3542 aliis
1108 3471 1288 3542 codicibus

187 3706 355 3781 videntur
378 3708 596 3780 Florentinis
621 3707 752 3777 nostris
771 3728 800 3775 1.
821 3727 853 3774 2.
876 3725 965 3795 quos
990 3703 1086 3793 ipsos
1111 3703 1288 3793 inspectos

188 3826 234 3896 ab
267 3849 309 3896 eo
338 3848 413 3895 esse
447 3823 694 3914 suspicabatur
723 3823 848 3891 doctus
878 3818 1076 3888 Britannus
1106 3817 1144 3887 in
1174 3816 1289 3887 diario

187 3942 333 4012 classico
358 3938 578 4012 Londinensi
603 3938 688 4009 fasc.
707 3958 761 4025 14.
786 3958 821 4026 p.
846 3958 930 4028 300.
958 3932 1142 4002 Troadum
1168 3940 1289 4002 tamen

228 4200 245 4247 d
264 4204 299 4260 ln
315 4203 367 4259 hac
381 4201 505 4260 editione
519 4200 636 4260 accessit
648 4200 772 4266 Electra,
786 4199 907 4275 repetita
920 4216 956 4254 ax
970 4194 1096 4254 editione
1108 4191 1237 4261 Victorii,
1253 4193 1289 4251 de

188 4320 244 4379 qua
257 4299 319 4358 vide
332 4298 500 4377 prooernium
515 4296 732 4356 annotationum
747 4295 782 4354 ad
796 4295 869 4354 hanc
883 4294 1018 4354 subulam.

405 4612 472 4624 ⁶—-
