2864 4914
188 297 252 383 1111
551 295 931 379 Annona-Troum

188 488 291 531 annon
315 467 428 535 tectius
440 482 521 549 esset
538 466 687 550 Ποιήριον
698 464 726 543 ,δ’
743 467 777 530 ἐν
791 467 879 553 χερσὶ
897 492 925 528 κ.
942 473 974 527 λ.
1020 461 1193 545 Scholiasta
1205 475 1294 545 certe

188 567 284 633 habet
307 572 429 651 Ποτῆρα
450 567 475 632 δ’
499 571 533 632 ἐν
557 569 655 654 χερσὶ,
679 584 711 633 et
733 583 878 656 suspecta
896 581 945 649 est
967 565 999 643 iu
1021 562 1149 652 dialogo
1168 564 1296 651 7111111111,

188 670 290 735 forma
303 673 451 754 χείρεσσι.
491 671 661 759 Sophocles
675 670 802 758 quidem
823 673 898 737 Ant.
919 687 1009 754 ¹297·
1023 667 1119 751 ,habet
1133 665 1293 749 sensnum

185 772 271 858 Ἐχω
284 776 340 852 μὲν
356 775 389 836 ἐν
403 776 559 857 χείρεσσιν
574 776 680 856 ἀρτίως
698 774 814 852 τέκνον,
831 772 883 837 sed
897 794 971 853 eum
987 769 1118 853 1170110111
1133 767 1296 843 verticulis

189 875 397 961 interjectum.
437 877 551 940 Vocem
578 877 671 958 πατὴρ
695 899 757 940 nou
780 876 854 941 alibi
878 875 990 957 vidisse
1011 871 1151 957 memini,
1177 886 1296 959 praeter

191 979 279 1066 Cycl.
301 995 370 1063 151.
415 980 496 1043 Erat
519 980 678 1056 κισσύβιον
699 977 850 1042 rusticum
869 976 1032 1065 poculupt,
1048 975 1140 1063 cujus
1153 973 1293 1060 descrip-

190 1079 304 1144 tionem
322 1078 426 1144 videas
439 1080 525 1167 apud
542 1081 734 1146 Athenaeum
753 1101 801 1145 11.
817 1103 852 1168 p.
868 1083 933 1162 476
950 1081 988 1143 F.
1004 1079 1141 1161 citauurr
1156 1075 1200 1155 ibi
1223 1078 1295 1143 Ho-

191 1204 295 1246 merus
306 1181 419 1269 Odyss.
433 1189 456 1247 l.
468 1181 543 1267 346.
560 1185 730 1262 Κισσύβιον
742 1186 817 1263 μετὰ
831 1183 938 1266 χερσὶν
954 1181 1033 1264 έχων
1043 1181 1176 1261 μέλανος
1187 1182 1294 1249 οἴνοιο.

191 1284 363 1372 Euripides
384 1284 415 1348 in
431 1284 648 1364 Andromeda,
662 1285 701 1350 Ὀ
716 1288 772 1369 μὲν
786 1285 935 1368 γάλακτος
957 1286 1094 1361 κίσσινον
1108 1282 1210 1367 φέρων
1223 1285 1294 1346 σκύ-

191 1397 259 1469 φος.
298 1387 449 1451 Conseras
481 1388 708 1473 Etymologum
737 1390 785 1450 M.
812 1409 843 1474 p.
866 1402 942 1472 515,
966 1405 1018 1470 33.
1047 1384 1224 1466 Bentleiuru
1250 1383 1292 1449 111

192 1489 314 1554 Callim.
343 1492 470 1576 Fragm.
497 1511 567 1574 109.
598 1488 846 1571 Valckenaerium
876 1488 918 1553 111
946 1488 1082 1570 Theocr.
1110 1487 1161 1555 Id.
1187 1501 1294 1570 1,17.

191 1591 307 1655 Noster
323 1591 352 1654 in
371 1591 461 1678 Cycl.
478 1612 553 1677 390.
570 1593 689 1674 Σκύφος
708 1617 741 1655 τε
764 1593 870 1674 κίσσαν
884 1587 1020 1671 παρέθετ’
1036 1592 1078 1675 είς
1100 1590 1185 1671 εὖρος
1205 1595 1295 1670 τριῶν

192 1693 332 1777 Πήχεων,
355 1694 450 1773 βάθος
472 1696 504 1758 δὲ
525 1693 682 1775 τεσσάρων
704 1695 856 1777 ἐφαίνετο.
881 1693 1021 1757 ΜΟΝΚ
1077 1692 1177 1757 Recte
1198 1689 1295 1755 habet

192 1795 346 1883 scriptura
360 1794 497 1883 vulgata.

236 1914 307 1981 757.
330 1901 474 1978 μελαίνης
493 1897 602 1978 μητρὸς
620 1896 660 1960 de
677 1918 742 1960 uua
756 1897 979 1983 interpretatur
993 1894 1152 1979 Reislrius,
1168 1894 1209 1960 de
1230 1898 1297 1962 viu
1357 1965 1362 1982 ,

192 1998 295 2063 minus
310 1999 445 2086 speciose
460 1999 647 2064 scholiastes,
695 2001 795 2064 Favet
817 2014 921 2063 tamen
944 1997 1122 2067 scholiastes
1144 1998 1295 2081 Nicandri

191 2102 339 2184 μέλαιναν
353 2104 489 2193 ἄμπελον
501 2124 675 2189 memorans
686 2101 727 2167 ad
738 2100 882 2167 Then'ac.
892 2120 965 2186 519.
991 2102 1024 2164 Si
1039 2100 1079 2164 ad
1094 2100 1179 2184 hunc
1189 2100 1294 2181 locum

191 2204 327 2294 pertinet
342 2204 494 2291 Hesychii
507 2204 621 2292 glossa,
640 2207 724 2290 (quae
745 2202 915 2290 probabilis
932 2225 1006 2285 sane
1027 2201 1162 2289 suspicio
1176 2206 1235 2286 est)
1251 2202 1296 2285 sic

192 2308 387 2373 emendanda
400 2307 476 2373 erit:
502 2307 622 2393 Μητρὸς
634 2306 726 2387 μέθυε
750 2308 834 2390 ῥύσις
847 2310 898 2385 τῆς
913 2306 1058 2388 ἀμπέλου.
1082 2307 1228 2389 MUSG.

237 2413 309 2494 768.
338 2410 398 2475 οὐδ’
423 2411 555 2490 ἐξέτεινα
579 2407 669 2495 χεῖρ’]
696 2409 818 2489 Morem
846 2409 939 2473 istum
967 2407 1095 2479 tollendi
1120 2431 1233 2493 manus
1261 2410 1295 2493 iq

192 2512 280 2579 luctu
303 2516 433 2578 funereo
449 2528 552 2577 noster
573 2511 676 2598 attigit
700 2510 812 2599 Suppl.
829 2531 901 2594 774.
916 2509 1003 2591 Ἀλλ’
1020 2512 1090 2594 εἶεν·
1114 2516 1185 2597 αἴρω
1207 2511 1295 2599 χεῖρ’,

193 2617 367 2695 ἀπαντήσας
389 2621 512 2698 νεκροῖς,
534 2619 625 2679 Αἴδου
647 2640 680 2679 τε
700 2617 818 2695 μολπᾶς
841 2614 934 2698 ἐκχέω
957 2617 1159 2697 δακρυρρόους,
1183 2617 1297 2697 Φίλους

192 2725 380 2802 προσαυδῶν.
406 2718 461 2781 ubi
486 2717 612 2803 corrigit
643 2714 822 2796 Elmsleius‚
852 2715 966 2804 partim
992 2740 1064 2782 cum
1090 2716 1294 2797 Marklando,

192 2819 281 2884 Ἀλλ’
310 2818 377 2901 εἶμ’,
407 2823 505 2901 ἐπορῶ
536 2816 624 2902 χεῖρ’.
668 2818 849 2905 Utrobique
877 2817 1070 2905 significetur
1098 2835 1295 2885 mortuorum

194 2920 349 2987 salutatio.
372 2923 521 2987 MONK.
557 2920 729 3008 AEschylus
745 2921 889 3008 Clroeph.
907 2943 937 3004 9.
952 2923 1059 3004 οὐγὰρ
1073 2923 1176 3003 παρὼν
1190 2919 1296 3008 ᾤμωξα

195 3025 261 3100 σδν,
277 3024 380 3107 πύτερ,
396 3027 490 3105 μύρον
505 3024 565 3089 οὐδ’
583 3024 715 3104 ἐξέτεινα
729 3023 804 3108 χεῖρ’
821 3022 866 3089 ἐπ’
883 3026 997 3108 ἐκφορᾷ
1012 3030 1126 3107 νεκροῦ.

239 3146 312 3212 777.
329 3127 590 3214 αυνωφρυωμένῳ]
614 3129 728 3192 Pollux
747 3147 777 3200 2,
792 3147 844 3212 50.
869 3128 917 3191 καὶ
934 3128 993 3208 μὴν
1008 3131 1088 3211 παρὰ
1101 3134 1164 3196 τοῖς
1184 3153 1296 3214 τραγῳ-

195 3238 257 3299 δοῖς
275 3231 309 3295 τὸ
325 3237 562 3314 συνωφρυῶσθοι
584 3232 632 3296 ἐπὶ
647 3237 705 3294 τῶν
718 3229 923 3309 λυπουμένων.
945 3228 1061 3317 legitur
1074 3254 1201 3317 quoque
1222 3253 1294 3317 par-

194 3334 333 3422 ticipium
350 3334 432 3398 infra
447 3357 477 3397 v.
494 3335 567 3398 800.
584 3332 680 3420 Soph.
698 3331 815 3396 Trach.
833 3332 906 3414 871.
930 3333 1079 3398 MONK.

238 3439 312 3520 780.
327 3435 423 3522 οἶδας]
442 3438 514 3500 Non
529 3434 699 3500 admodum
715 3435 862 3522 frequens
876 3450 923 3500 est
937 3434 1038 3499 forma
1048 3436 1131 3503 οἶδας
1142 3458 1200 3522 pro
1210 3455 1294 3498 com-

194 3538 282 3602 muni
293 3538 392 3602 οἶσθα.
416 3537 578 3602 Philemon
592 3537 740 3621 Athenaei
750 3560 783 3620 4.
800 3559 831 3624 p.
847 3551 884 3621 17
886 3555 906 3622 5
918 3539 959 3602 D.
970 3537 1142 3624 corrigente
1154 3539 1297 3619 Rorsono

194 3639 331 3703 Advers.
355 3662 386 3726 p.
403 3656 454 3724 73.
472 3639 603 3719 Νύβλας
623 3642 656 3703 δὲ
675 3643 705 3704 τί
725 3639 807 3704 ἐστ’1
832 3640 884 3715 οὐκ
902 3641 993 3719 οἶδας,
1008 3638 1030 3711 ‹l›
1043 3639 1220 3722 ’μβρόντπτε
1236 3641 1275 3702 σύ
1285 3668 1294 3713 ;

195 3746 250 3808 Mt
264 3740 325 3815 Δί,
342 3743 392 3807 orl:
418 3744 449 3805 τί
461 3740 537 3825 φῄςς
562 3742 615 3804 οὐκ
637 3742 726 3827 οἶσθα
744 3742 882 3826 νάβλαν;
906 3744 994 3825 ούδέν
1008 3744 1061 3808 oto
1074 3743 1167 3810 Οἶδας
1181 3741 1297 3825 ἀγαθὸν

194 3848 233 3929 σύ
247 3844 285 3929 γ’.
320 3843 493 3911 Oraculum
509 3843 595 3930 apud
612 3845 734 3929 Herod.
749 3867 781 3931 4.
802 3864 870 3930 157.
888 3849 929 3919 Al
940 3871 975 3909 τυ
990 3847 1060 3927 ἐμεῦ
1075 3847 1191 3930 Λιβύην
1205 3853 1297 3927 μηλο-

194 3951 308 4033 τρόφον
330 3949 413 4015 οἶδας
434 3949 557 4027 ἄμεινον
581 3947 634 4026 Μὴ
657 3950 755 4013 ἐλθὼν
779 3952 929 4021 ἐλθόντος,
952 3949 1030 4030 ἄγαν
1052 3949 1164 4030 ἄγαμαι
1185 3950 1298 4031 σοφίαν

195 4057 261 4121 σεῦ.
305 4053 405 4114 Extat
431 4048 523 4112 etiam
550 4051 646 4117 Hom.
671 4049 793 4114 011.Α.
816 4067 889 4136 337.
914 4049 968 4117 sed
994 4048 1026 4113 in
1053 4051 1114 4131 fine
1140 4046 1295 4133 versiculi.

196 4154 347 4219 MONK.
384 4155 481 4214 οἴδατε
497 4151 701 4236 Aristophani
717 4152 837 4216 restitui
854 4152 993 4216 Acharn.
1007 4170 1079 4237 294.

239 4274 312 4342 790.
327 4255 646 4338 πλεῖστον-Κύπριν]
665 4257 967 4337 Κύπριν-πλεῖστον
983 4253 1069 4337 Flor.
1086 4257 1128 4320 A.
1145 4274 1193 4337 10.
1210 4272 1257 4340 ¹5·

239 4377 312 4447 794.
329 4359 426 4438 λύπην
441 4356 542 4443 ἀφεὶς]
559 4358 647 4439 ἀφεὶς
661 4358 759 4438 λύπην
778 4356 862 4424 Flor.
880 4379 927 4425 10.
944 4379 992 4444 15.
