2864 4914
481 288 549 351 AD
573 288 861 354 PHOENISSAS.
1162 291 1225 354 183

121 457 151 520 in
178 475 285 519 omnes
315 457 414 521 MSS.
440 474 511 544 post
540 461 632 540 1648.
659 459 786 547 [1633]
813 482 886 523 τοοκ
909 459 1083 546 irrepserit:
1118 463 1171 545 έᾷν
1198 461 1221 526 δ’

120 556 300 632 ἄκλαυστον,
317 560 444 640 ἄταφον,
461 564 576 629 οἰωνοῖς
589 562 697 644 βοράν.
720 564 823 626 POR.
869 563 967 626 Recte
989 563 1148 627 Porsonus
1170 565 1224 629 τὸν

121 659 152 721 δί
167 664 368 728 Πολυνείκους
382 661 470 725 νέκυν
482 662 598 742 scribit,
610 662 720 729 deletis
731 663 834 728 verbis
844 663 884 729 ab
896 663 1064 750 interprete
1072 664 1211 753 adjectis.

167 763 259 846 1630.
275 761 430 851 ἐκβάλετ’]
447 763 606 845 έκβᾶλλετ’
622 765 700 831 Ald.
716 782 747 830 et
762 765 882 854 aliquot
896 764 987 830 codd.

167 866 258 949 1631.
275 866 442 953 κηρύξεται]
460 869 601 949 κηρύξατε
618 871 664 933 Η.
679 868 794 956 aliique
809 866 951 933 nonnulli
965 890 1038 932 cum
1055 869 1132 934 Ald.

166 968 258 1051 1633.
281 968 359 1030 Post
375 967 457 1032 lrunc
474 993 596 1033 versum
620 970 651 1034 in
674 969 760 1034 libris
783 971 925 1057 sequitur
945 971 998 1034 έᾶν
1012 968 1037 1035 δ’
1052 971 1223 1038 ἄκλαυστον

123 1067 255 1155 (aliquot
269 1070 360 1134 codd.
376 1072 549 1156 ἄκλαυτον),
566 1074 693 1155 ἄταφον,
710 1075 825 1139 οἰωνοῖς
838 1071 944 1154 βοράν·
968 1095 1041 1158 quae
1061 1073 1223 1161 Sophoclis

121 1171 215 1235 verba
229 1185 302 1236 suut
318 1173 429 1259 Antig.
447 1192 498 1255 29.
537 1174 663 1237 Delevit
678 1172 910 1237 Valckenarius.

168 1275 224 1359 163
226 1294 257 1357 5.
283 1276 450 1358 τριπτῦχων
476 1275 600 1356 θρήνους
623 1277 735 1356 νεκρῶν
758 1274 844 1339 Flor.
871 1298 935 1340 sex.
973 1277 1077 1341 Ceteri
1102 1277 1223 1343 codices

119 1378 292 1460 τριπτύχους
307 1377 430 1457 θρήνους
445 1383 566 1459 νεκρῶν.
613 1379 652 1440 In
668 1375 746 1441 Ald.
761 1379 927 1462 τριπτθχον
943 1384 1053 1461 νεκρῶν
1067 1376 1164 1461 γόους.

165 1481 257 1563 1637.
276 1478 368 1563 1638.
392 1480 440 1546 καί
454 1481 637 1560 παρθενεύου
651 1479 705 1558 riv
722 1482 827 1544 ἰοῦσαν
841 1480 954 1561 ἡμέραν
973 1478 978 1567 Ι
996 1479 1128 1561 μένουσ’,
1149 1485 1183 1547 έν
1203 1481 1224 1570 pl

119 1604 155 1643 σε
170 1578 296 1662 λέκτρον
312 1584 441 1662 Αἵμονος
459 1581 557 1667 μένει]
584 1581 631 1645 Ηὶ
645 1604 774 1668 quoque
788 1604 897 1646 versus
911 1605 973 1646 non
989 1581 1115 1647 videtur
1128 1584 1222 1649 dubi·

119 1680 178 1744 tari
199 1704 290 1768 posse
311 1684 388 1771 quin
411 1706 430 1748 a
451 1683 655 1771 grammatico
676 1683 783 1770 aliquo
799 1683 921 1748 conficti
945 1685 1016 1761 sint,
1032 1683 1157 1750 bomine
1180 1689 1223 1751 lo-

118 1806 218 1868 quace
232 1808 289 1849 nec
305 1785 455 1850 sentiente
469 1785 547 1871 qnid
564 1785 708 1850 Creontis
724 1808 886 1873 personam
903 1785 1021 1850 deceat.

165 1889 257 1973 1637.
274 1891 380 1952 ἰοῦσαν
394 1912 432 1953 ex
448 1887 533 1952 Flor.
551 1907 580 1953 a.
596 1904 643 1952 est
657 1888 837 1975 repositum.
872 1887 962 1952 Libri
978 1887 1090 1975 reliqui
1106 1889 1220 1976 partim

119 1993 282 2065 εἰσιοῦσαν,
298 1992 384 2078 quod
399 2007 445 2056 est
461 1990 491 2054 in
508 1993 596 2056 B.H.
612 2005 643 2055 et
658 1990 749 2070 Ald.‚
774 1989 887 2078 partim
904 1992 1057 2054 ἐπιοῦσαν.
1103 1993 1170 2056 Nos
1189 1991 1221 2055 in

119 2092 222 2157 medio
250 2093 456 2181 relinquimus
487 2110 591 2158 utrum
623 2096 738 2167 ἰοῦσαν,
765 2116 804 2157 an
833 2095 986 2166 έσιοῦσαν,
1013 2116 1052 2156 an
1079 2095 1222 2159 ἐπιοῦσαν

118 2194 273 2282 scripserit
285 2196 397 2260 horum
413 2219 560 2261 versuum
576 2197 673 2261 faber.

164 2299 256 2381 1639.
272 2297 402 2384 ἀθλίοις]
420 2298 625 2363 scribendum
643 2300 741 2363 ἄθλιοι
755 2320 827 2361 cum
843 2296 1002 2362 Barnesio.

164 2400 256 2482 1643.
280 2399 342 2477 Qui
362 2398 394 2462 in
418 2399 505 2464 libris
527 2401 668 2488 sequitur
689 2424 795 2464 versus
815 2402 847 2463 τί
867 2398 944 2464 τόνδ’
968 2400 1094 2482 ὑβρίζεις
1116 2398 1219 2481 πατέρ’

118 2500 316 2565 ἀποστέλλων
337 2503 456 2584 χθονὸς,
479 2526 551 2566 eunt
572 2516 655 2568 recte
677 2502 790 2567 delevit
807 2501 1038 2567 Valckenarius.
1083 2503 1134 2565 De
1156 2500 1221 2566 sola

117 2602 198 2667 enirn
215 2601 320 2666 fratris
342 2604 504 2691 sepultura
518 2605 681 2693 Antigona
703 2629 774 2670 cum
792 2608 928 2670 Creonte
943 2604 1094 2692 disputat,
1109 2603 1219 2667 absur-

117 2704 258 2792 dumque
280 2719 325 2769 est
348 2723 420 2793 post
442 2707 623 2796 particulam
646 2711 729 2790 ἀτὰρ,
750 2730 814 2794 qua
836 2707 921 2772 aliud
946 2731 978 2772 se
999 2720 1220 2794 argumentum

117 2807 238 2897 ingredi
254 2808 369 2873 indicat
385 2810 559 2897 Antigona,
575 2812 614 2874 ad
631 2811 728 2898 patris
742 2810 835 2875 rediri
852 2809 1048 2875 mentionem.

163 2914 255 2992 1647.
273 2912 376 2975 ἐπίθου
391 2911 456 2976 duo
471 2913 600 2978 codices
639 2913 744 3000 Vulgo
760 2915 888 2978 έπείθον.

164 3014 255 3093 1648.
272 3015 421 3097 ἐκπονεῖν]
441 3018 575 3080 ἐκτελεῖν
589 3015 710 3079 codices
725 3014 864 3102 plurimi,
880 3038 942 3079 non
960 3017 998 3078 B.

23 3184 33 3206 ι
163 3116 255 3197 1649.
273 3113 301 3197 γ’
317 3115 447 3180 codices.
484 3117 507 3178 τ’
524 3118 601 3182 Ald.

162 3222 252 3304 1653.
277 3219 382 3296 Verte,
404 3220 510 3306 itaque
531 3230 644 3283 sortem
666 3221 922 3304 erramfirrlarroe
947 3229 984 3301 ts.
1007 3219 1125 3283 incerto
1147 3217 1219 3282 belli

116 3319 227 3403 exitui)
245 3321 416 3409 regendam
431 3324 593 3386 commisit.
618 3322 809 3386 MATTH.

162 3425 310 3509 1654.τῷ
326 3421 426 3509 τάφῳ]
445 3423 484 3487 Id
502 3439 548 3487 est
563 3428 598 3511 τῇ
614 3424 737 3508 ἄταφίᾳ.
760 3424 938 3488 SCHAEF.

164 3528 256 3609 1656.
272 3525 346 3606 ἁνὴρ
362 3527 531 3588 Porsonus.
559 3524 633 3606 ἀνὴρ
648 3524 728 3590 libri.

164 3629 255 3712 1658.
271 3626 329 3710 ἄρ’]
349 3625 387 3691 ἄν
403 3629 449 3691 Η.
464 3625 580 3713 aliique
595 3626 685 3714 pauci
700 3650 771 3691 curn
788 3627 866 3691 Ald.

163 3731 254 3792 1660.
271 3726 345 3813 κείς]
362 3727 569 3792 Scribendum
585 3730 645 3795 κᾶς.
683 3728 754 3792 Vid.
767 3727 807 3792 ad
823 3751 852 3791 v.
867 3743 943 3814 574.

163 3832 253 3913 1672.
269 3829 352 3912 γόοις
367 3830 458 3894 codd.
475 3830 575 3894 multi.
608 3829 680 3913 γθου
698 3830 774 3895 Ald.

163 3935 256 4015 1674.
271 3931 334 4018 ’στ]
353 3931 380 3994 α’
396 3934 483 3997 Β.Η.
499 3933 614 4021 aliique
628 3956 700 3997 cum
718 3932 794 3998 Ald.
832 3933 900 3997 Alii
915 3932 953 4015 γ’,
972 3955 1054 3996 unus
1067 3931 1103 3996 τ’.

162 4038 252 4118 1675.
270 4032 531 4118 ἆρ’-Δαναίδων]
546 4033 794 4115 ἄρ’-Δαναϊδῶν
806 4034 886 4099 libri.
911 4037 1125 4099 Correxerunt
1139 4034 1217 4097 Bar-

115 4136 219 4200 nesius
233 4153 264 4201 et
281 4135 513 4200 Valckenarius,

161 4242 252 4324 1677.
276 4244 375 4321 ὅρκιον
391 4241 424 4304 δέ
444 4266 494 4319 μοι
517 4241 554 4303 C.
581 4239 734 4325 probante
750 4239 971 4304 Valckenario.
1018 4239 1069 4303 Sic
1090 4236 1220 4324 quidem

115 4342 209 4407 habet
225 4342 423 4420 Eustatlrius,
441 4342 519 4406 rniro
534 4363 636 4405 errore
659 4339 743 4405 lrunc
767 4365 888 4413 versum
912 4341 954 4406 ita
975 4341 1072 4405 citans
1094 4364 1126 4427 p.
1144 4343 1217 4425 809,

687 4464 744 4522 ⁸4
