2864 4914
544 306 612 370 AD
637 303 862 370 MEDEAM.
1197 305 1260 378 193

199 490 218 561 3
221 495 253 560 5.
268 476 310 556 μὴ
324 474 544 562 ’πολείπεσθαι]
560 478 601 558 μὴ
616 479 834 543 ἀπολείπεσθαι
846 480 888 541 Α.
904 477 1028 564 aliique.
1053 477 1258 543 Scribendum

156 600 227 641 cum
243 578 320 643 crasi
335 581 586 658 μόπολείπεσθαι.

200 684 434 767 ἀπολείπεσθαι]
461 684 606 747 Privnri.
631 686 735 748 Orest.
753 685 826 746 216.
850 684 1008 763 ἀμνημονῶ
1030 685 1088 764 γδρ
1110 688 1170 746 τῶν
1190 685 1261 765 πρὶν

155 785 349 866 δπολειφθεὶς
374 792 502 866 φρενῶν.
548 786 717 874 Sophocles
739 786 792 849 El.
818 788 911 868 1167.
938 788 985 850 καὶ
1010 791 1069 868 γὰρ
1093 786 1166 865 ἡνίκ’
1189 785 1258 868 ἦσθ’

156 889 227 959 ἄνω,
248 887 253 973 l
273 888 325 966 ξὺν
347 888 396 951 σοὶ
416 887 566 972 μετέσχον
588 895 646 952 τῶν
668 893 753 952 ἴσων·
781 888 829 952 καὶ
852 893 905 952 νῦν
926 894 1007 953 ποθῶ
1028 888 1033 975 Ι
1053 895 1104 953 τοῦ
1127 895 1183 951 σοῦ
1205 895 1259 954 θα-

156 993 250 1051 νοῦσα
264 988 304 1068 μὴ
320 990 538 1053 ἀπολείπεσθαι
552 990 657 1072 τάφου.
674 991 789 1053 ELM.

197 1109 251 1174 37.
268 1089 351 1175 νέον]
372 1095 461 1155 κακόν
477 1094 521 1154 Α.
538 1091 653 1178 alii-que
673 1091 825 1155 nonnulli.
871 1091 932 1155 Sed
956 1115 1002 1173 γρ.
1029 1090 1098 1155 νέον
1120 1090 1258 1180 adscrip-

156 1208 223 1255 tum
240 1193 270 1256 in
289 1196 331 1257 A.

198 1313 250 1380 39.
267 1323 300 1360 τε
314 1296 406 1360 codd.
424 1296 575 1384 plerique.
598 1295 632 1360 δέ
648 1295 727 1359 Α111.

199 1400 277 1462 Post
299 1423 328 1462 v.
353 1420 405 1478 40.
430 1399 571 1485 sequitur
593 1422 700 1462 versus
725 1422 742 1462 e
765 1398 832 1461 loco
857 1396 1001 1461 inferiore
1024 1400 1128 1483 (380.)
1154 1398 1259 1486 inepte

156 1499 260 1564 illatus
282 1506 352 1584 σιγῇ
375 1504 479 1581 δόμους
502 1501 632 1582 εἰσβᾶσ’,
652 1501 688 1566 ἵν’
713 1503 857 1581 ἔστρωται
879 1501 980 1584 λέχος.
1026 1500 1152 1565 Delevit
1168 1504 1260 1565 Mus-

155 1604 290 1687 gravius.
336 1605 487 1669 Absurda
510 1604 560 1668 bic
579 1622 625 1668 est
647 1620 793 1667 accurata
812 1602 865 1666 illa
882 1602 1048 1690 descriptio
1071 1603 1127 1667 loci
1148 1604 1258 1690 quoin

154 1704 293 1790 gladium
320 1707 498 1771 incubitum
521 1707 560 1770 sit
583 1706 716 1770 Medea:
755 1706 841 1792 quod
865 1706 919 1769 ubi
942 1706 1063 1770 factura
1085 1723 1164 1771 esset
1186 1707 1256 1773 sciri

156 1827 240 1873 nunc
255 1833 311 1874 nec
326 1825 448 1896 poterat
463 1833 519 1873 nec
534 1809 701 1896 quicquam
718 1810 874 1873 intererat.
896 1809 937 1871 L.
950 1808 1179 1874 DINDORF.

198 1931 253 1992 41.
269 1908 429 1998 τύραννον]
445 1912 597 1995 τυράννων
612 1912 690 1976 Ald.
706 1926 737 1976 et
754 1914 848 1976 Rom.
866 1914 913 1976 C:
942 1910 1027 1974 unde
1041 1912 1174 1994 τυρόννω
1190 1916 1261 2000 (pa-

156 2028 234 2078 trem
251 2033 282 2079 et
296 2014 411 2093 filium)
426 2015 573 2101 Scaliger.
585 2017 681 2078 Rom.
695 2017 739 2078 A.
757 2016 826 2101 (qui
842 2030 914 2079 ante
928 2038 1008 2079 corr.
1024 2018 1110 2079 τόνδε
1126 2016 1261 2098 γήμαντα

157 2115 266 2199 habet)
291 2119 329 2180 B.
341 2120 382 2180 l).
396 2120 437 2182 Ε.
462 2119 552 2181 Lasc.
577 2119 666 2203 Mag.
690 2120 846 2199 τύραννον,
870 2117 957 2203 quod
982 2117 1132 2182 exhibent
1153 2142 1261 2184 omnes

156 2219 231 2283 edd.
256 2219 440 2283 recentiores
465 2234 496 2283 et
523 2217 682 2283 nonnullae
706 2236 833 2283 veteres.
873 2218 975 2283 Schol.
1002 2220 1175 2300 Τυρόννοις.
1207 2221 1261 2285 τδν

159 2321 292 2403 Κρέοντα
315 2324 401 2404 φησί.
434 2322 469 2385 rb
490 2324 524 2385 δέ
547 2323 622 2402 ἑξῆς,
638 2320 656 2401 ἢ
673 2323 720 2385 καὶ
735 2323 879 2403 τύραννον
894 2324 947 2386 τόν
961 2348 994 2386 τε
1008 2322 1144 2405 γήμαντα
1159 2322 1260 2403 κτάνῃ.

156 2424 239 2504 δεινὴ
253 2424 321 2506 γάρ.
367 2425 509 2508 Repone,
526 2425 671 2505 τύραννον
686 2426 719 2487 δὲ
734 2424 786 2487 τδν
803 2423 937 2504 Κρέοντα
951 2425 1038 2505 φησί.
1069 2423 1172 2486 Verba
1187 2439 1260 2488 sunt

158 2549 178 2589 a
195 2525 406 2613 superioribus
422 2526 500 2590 male
514 2525 647 2603 divulsa,
664 2525 749 2611 quod
773 2525 940 2612 saepissime
962 2525 1035 2589 huic
1056 2526 1261 2611 grammatico

158 2629 279 2693 accidit.
326 2632 492 2693 Creontem
518 2628 568 2692 hic
590 2627 720 2714 intelligi
742 2643 856 2715 putant
879 2628 1063 2716 interpretes
1078 2629 1261 2694 recentiores

157 2731 196 2795 ad
221 2753 319 2794 unum
342 2754 459 2795 omnes.
504 2733 646 2809 Quorum
667 2731 819 2795 sententia
834 2730 858 2794 si
875 2755 947 2795 vera
962 2746 1018 2809 est,
1035 2730 1120 2794 nulla
1134 2731 1261 2795 omnino

159 2835 302 2899 Creontis
327 2833 400 2897 filiae
425 2832 541 2897 mentio
566 2849 624 2911 est,
651 2857 745 2919 quam
772 2834 898 2898 Medeae
926 2833 1027 2897 multo
1053 2833 1161 2919 majori
1187 2832 1261 2898 odio

156 2961 252 3023 quam
276 2953 396 3024 patrem
419 2937 514 3000 fuisse
528 2960 577 3000 res
595 2937 662 3024 ipsa
682 2936 755 3000 satis
776 2937 922 3001 declarat.
968 2935 1051 3000 Fieri
1074 2955 1135 2999 non
1159 2951 1261 3023 potest

156 3041 321 3127 quintillae
337 3040 549 3126 potiusquam
573 3038 652 3126 patri
676 3062 781 3103 necem
804 3062 823 3102 a
842 3038 960 3103 Medea
981 3040 1083 3125 parari
1107 3039 1262 3126 suspicata

157 3145 197 3209 sit
209 3167 290 3208 'anus
309 3167 382 3229 quae
401 3143 452 3207 hic
472 3144 619 3230 loquitur.
667 3144 747 3206 Eam
765 3142 968 3229 suspicionem
986 3141 1116 3206 Creonti
1128 3141 1160 3205 in
1176 3165 1262 3205 men-

158 3264 219 3311 tem
236 3247 354 3311 venisse
370 3247 540 3310 ostendunt
561 3246 629 3332 ejus
646 3247 739 3308 verba
754 3267 783 3308 v,
801 3260 873 3327 277.
899 3244 1027 3308 Δέδοικό
1050 3246 1077 3307 σ’
1095 3245 1196 3327 (οὐδὲν
1217 3250 1265 3309 δεῖ

156 3351 380 3431 παραμπίσχειν
394 3350 517 3431 λόγους)
538 3346 543 3435 Ι
562 3347 602 3427 μή
621 3374 671 3427 μοι
693 3374 721 3411 τι
743 3346 854 3433 δρόσῃς
874 3345 952 3410 παιδ’
973 3346 1139 3426 ἀνήκεστον
1159 3349 1259 3412 κακόν.

155 3455 356 3537 Quapropter
371 3466 479 3513 auctor
495 3473 562 3513 sum
578 3466 615 3513 ut
626 3448 813 3512 vocabulum
830 3451 976 3530 τύραννον
986 3448 1114 3534 posthac
1127 3447 1263 3534 Anglice

156 3553 306 3617 reddatur
322 3553 371 3616 tlte
383 3555 538 3639 priorem.
562 3552 705 3616 Eandem
720 3551 1003 3636 interpretationem
1018 3552 1158 3636 praebent
1169 3551 1259 3616 codd.

157 3655 302 3720 Romani.
340 3656 379 3718 ln
397 3657 439 3717 A.
457 3653 570 3740 legitur
584 3653 626 3740 gl.
643 3660 774 3733 θηλυκῶς
789 3654 843 3732 τὴν
858 3656 991 3736 γλαύκην
1005 3677 1023 3716 a
1037 3654 1138 3740 prima
1154 3676 1260 3732 manu,

154 3759 209 3838 τὴν
224 3782 242 3821 11
255 3758 387 3822 diversa.
435 3759 474 3820 111
491 3758 530 3819 Β.
544 3756 599 3834 τὴν
618 3771 651 3818 et
672 3756 736 3835 ἤτοι
752 3756 807 3833 τὴν
821 3757 964 3838 γλαύκην.
1008 3756 1260 3842 Ambiguitatem

153 3861 387 3948 quodammodo
403 3858 516 3924 tollunt
532 3858 628 3922 verba
642 3859 695 3921 τόν
709 3883 742 3922 τε
756 3857 901 3940 γήμαντα,
918 3880 1051 3942 quorum
1073 3882 1180 3922 sensus
1201 3874 1259 3937 eat,

153 3967 252 4051 etqui
268 3966 386 4027 eumin
406 3963 643 4026 matrimonium
661 3961 762 4024 duait.
812 3959 915 4023 Verba
937 3964 1034 4042 γήρας
1054 3962 1199 4042 τύραννον
1218 3961 1260 4025 le.

153 4083 274 4152 guntur
288 4068 368 4130 infra
384 4090 412 4127 v.
430 4067 490 4146 847
511 4065 614 4149 [877]
662 4063 695 4126 si
713 4065 879 4126 Creontem
901 4061 1086 4148 significaret
1101 4065 1256 4144 τύραννον,

152 4171 207 4232 τόν
221 4195 253 4233 τε
268 4170 375 4232 νεωστὶ
389 4167 525 4249 γήμαντα
540 4165 586 4229 vel
604 4164 664 4228 tale
678 4163 755 4250 quid
770 4163 898 4227 dixisset.
913 4179 1015 4250 poeta.
1033 4166 1148 4229 ELM.

195 4291 248 4351 42.
273 4273 395 4335 κᾶπειτα
416 4271 503 4349 μείζω
526 4271 684 4350 συμφορὰν
706 4265 787 4346 λάβῃ
809 4267 888 4352 τινά]
916 4268 1019 4332 Schol.
1044 4271 1201 4351 συμφορὰν
1224 4270 1257 4332 δὲ

153 4371 247 4454 λόβῃ,
264 4374 365 4446 οἱονεὶ,
382 4373 493 4452 μείζονι
507 4376 585 4457 κακῶ
601 4370 757 4453 περιπέσῃ,
773 4369 846 4451 πρὸς
860 4374 900 4456 τῷ
919 4371 973 4451 ἤδη
995 4375 1177 4453 μεμισῆσθαι
1199 4369 1256 4432 ὑπὸ

151 4474 298 4544 Ἰάσονος.
345 4474 463 4539 Medea
487 4474 569 4537 infra
593 4498 620 4536 v.
643 4489 720 4558 375.
745 4475 771 4537 εἰ
795 4472 990 4554 ληφθήσομαι
1008 4471 1013 4556 Ι
1032 4475 1139 4553 δόμους
1163 4475 1254 4554 ὑπερ·

695 4600 715 4639 0
