2864 4914
520 307 588 370 AD
612 306 881 370 SUPPLICES.
1189 306 1253 370 433

198 478 257 538 τῶν
271 474 401 539 codices.
427 479 477 555 τῆς
491 476 569 541 Ald.

199 580 286 656 γόους
300 577 431 641 codices.
454 580 565 660 λόγους
579 579 655 644 Ald.

203 697 293 758 1144.
310 678 541 765 ἀντιτάσσομαι]
560 683 745 762 ἆντιτίσομοι
760 682 926 745 Canterus.
955 679 1017 745 Sed
1034 679 1163 745 fortasse
1178 679 1254 745 nihil

156 778 355 858 mutandum,
371 797 441 867 post
457 781 515 846 σὸν
529 785 626 864 φόνον
641 796 746 847 autern
761 782 962 869 cogitandum
979 783 1151 860 ἐκδικάσαν,
1167 807 1254 863 τιμω·

155 879 330 962 ρησόμενος,
353 905 502 970 proquo,
522 884 717 970 interpellata
730 884 880 964 oratione,
894 884 975 949 alius
988 887 1155 951 verborum
1177 884 1257 949 ordo

156 982 309 1068 sequitur,
325 986 399 1048 ὅταν
414 986 488 1072 ἔλθῃ
501 1012 552 1066 μοι
567 988 634 1051 δίκα
652 991 797 1072 πατρῷος.
821 989 1015 1055 ΜΑΤΤΗ.
1059 990 1159 1053 Recte
1174 988 1258 1051 Can-

157 1098 259 1148 tetus:
283 1107 353 1149 nam
369 1086 479 1150 futuro
493 1110 573 1174 opus
587 1104 642 1152 est.

204 1203 295 1270 1145.
312 1187 415 1251 Verba
431 1191 458 1252 εἰ
473 1192 530 1270 γαρ
553 1189 680 1271 γένοιτο,
697 1189 924 1255 τέκνον-εὕδει
945 1190 976 1254 in
993 1190 1070 1255 Ald.
1090 1190 1256 1277 praefixum

158 1287 275 1353 habent
294 1288 354 1372 -Ἰφ,
376 1290 396 1353 i.
413 1315 439 1355 e.
456 1289 549 1373 Ἶφις,
570 1292 685 1379 inepte.
724 1294 792 1357 Nec
813 1292 917 1358 minus
937 1293 1043 1380 inepte
1063 1294 1152 1356 Parr.
1175 1293 1257 1357 B.C.

157 1388 242 1454 hunc
258 1414 356 1454 unum
373 1415 496 1456 versum
513 1392 653 1458 Adrasto
668 1393 823 1458 tribuunt.
848 1395 1038 1459 MATTH.

205 1495 297 1574 1146.
314 1494 353 1558 ἔτ’
369 1494 407 1558 ἂν
422 1495 636 1582 Musgravius.
664 1495 849 1582 Legebatur
862 1497 945 1561 ὅταν.
970 1495 1065 1561 Pueri
1081 1494 1149 1560 hoec
1163 1494 1260 1559 verba

159 1618 225 1658 esse
239 1595 319 1660 vidit
334 1597 551 1682 Musgravius.

203 1696 304 1782 ἔλθοι]
321 1700 394 1787 ἔλθῃ
410 1702 483 1764 Par.
499 1701 541 1764 Β.

202 1825 252 1879 μοι
267 1800 299 1863 in
316 1801 402 1867 Flor.
419 1821 447 1867 ι.
463 1803 505 1867 ab
519 1802 579 1866 alia
593 1825 689 1868 manu
705 1803 896 1893 suppletum.

208 1921 298 1985 1147.
315 1904 412 1991 οὔπα]
429 1907 504 1969 οὕτω
521 1908 593 1971 Par.
612 1906 651 1969 Β.

208 2022 300 2088 115ο.
315 2005 339 2068 δ’
355 2006 547 2071 addiderunt
562 2009 723 2071 Porsonus
738 2020 769 2071 et
784 2009 999 2071 Hermannus.

207 2108 272 2186 ἐμοὶ
292 2106 437 2188 πάρεστιν
453 2110 664 2172 Hermannus.
696 2134 747 2188 μοι
764 2108 891 2189 πάρεστι
904 2107 1033 2171 codices.
1065 2106 1194 2188 πάρεστί
1212 2132 1263 2186 μοι

164 2207 242 2270 Ald.

210 2327 302 2394 1151.
319 2309 359 2373 ἔτ’
373 2309 514 2375 Ἀσωποῦ
529 2310 708 2378 Elmsleius.
733 2313 836 2377 σπάσα
854 2317 911 2376 ποῦ
932 2311 1012 2376 libri.
1053 2310 1263 2398 Tyrwhittus‚

164 2428 293 2498 propter
314 2413 532 2500 interpolatam
554 2402 662 2478 ve'rsus
684 2413 832 2502 strophici
855 2414 1052 2500 scripturam,
1076 2411 1120 2494 ἆρ’
1137 2411 1200 2477 ἔσθ’
1220 2411 1262 2476 ὅτ’

163 2512 316 2578 Ἀσωποῦ.

212 2634 304 2701 1152.
321 2617 464 2700 χαλκέοις
478 2620 552 2682 Par.
568 2620 610 2683 A.
629 2618 715 2683 Flor.
734 2639 762 2683 1.
787 2617 893 2705 Vulgo
907 2617 1092 2702 χολκέοισιν.

209 2721 333 2784 ὅπλοισι
348 2720 528 2786 Elmsleiua.
568 2720 658 2784 Libri
674 2723 787 2789 ὅπλοις.
826 2720 888 2784 Sed
903 2734 1032 2807 praestat
1046 2720 1176 2783 fortasse
1190 2726 1265 2802 χαλ·

167 2820 245 2887 κέοις
260 2823 294 2885 ἔν
308 2824 414 2889 ὅπλοις
428 2823 560 2888 scribere
574 2845 646 2887 cum
662 2821 863 2887 Marklando.

210 2924 419 3004 στρατηλάταν
435 2924 602 2988 Heathius.
641 2924 824 3010 Legebatur
839 2930 1058 3006 στρατηλατῶν.

214 3041 306 3108 1153.
322 3025 500 3089 ἐκδικαστάν
513 3025 635 3089 codices
651 3025 723 3108 (nisi
737 3026 825 3112 quod
842 3029 1024 3091 ἔκδικοστῶν
1037 3024 1123 3089 Flor.
1143 3028 1199 3108 1.).
1215 3026 1264 3087 ἔκ-

167 3126 288 3188 δικατάν
303 3125 380 3190 Ald.
422 3126 526 3190 Verbo
541 3129 667 3191 ἐκδικεῖν
681 3144 713 3192 et
727 3128 922 3192 substantivo
938 3126 1086 3206 ἔκδικητής
1100 3125 1266 3214 saepissime

169 3241 304 3291 utuntur
334 3228 499 3313 scriptores
523 3229 717 3303 recentiores,
745 3228 887 3316 inprimis
910 3227 1123 3293 ecclesiastici:
1151 3227 1267 3314 quibus

168 3328 318 3393 adsuetus
332 3346 488 3394 corrector
501 3329 642 3394 Aldinus
655 3331 811 3395 ἔκδικατάν
825 3330 976 3417 praetulit.

216 3433 440 3516 1154-1158.
465 3434 548 3497 Haec
562 3432 667 3496 omnia
681 3432 827 3497 Euadnae
846 3432 990 3496 tribuunt
1004 3430 1085 3496 libri.
1123 3429 1268 3495 Correxit

170 3532 349 3598 Elmsleius.

217 3652 311 3720 1155.
326 3635 461 3724 τιθέντο]
479 3635 569 3701 θέντα
584 3636 659 3700 Par.
676 3638 720 3700 A.

217 3753 308 3822 1157.
327 3737 413 3802 ἔλιπε
429 3738 641 3801 Hermannus.
667 3739 770 3803 ἔλιπεν
786 3737 994 3825 Tyrwhittua.
1019 3735 1119 3801 ἔλιπες
1134 3734 1214 3799 libri.

218 3839 308 3922 1158.
325 3841 429 3920 λείψει
444 3839 573 3904 codices.
598 3842 694 3926 λείφνῃ
709 3839 786 3904 Ald.

220 3956 311 4023 1159.
323 3937 388 4022 Ἰφ.
406 3941 524 4023 ἔχω-.
548 3942 601 4006 Εὖ.
618 3942 809 4006 ἔκλαυσα-.
828 3938 892 4022 Ἰφ.
907 3938 930 4003 ὦ
943 3939 1092 4004 τέκνον-
1103 3936 1181 4003 Ald.
1204 3936 1271 4000 Pro

166 4038 232 4121 Ἰφ.
249 4042 323 4103 Par.
336 4041 374 4104 C.
390 4041 485 4106 habet
499 4049 557 4106 Xo.

220 4142 312 4206 1160.
328 4142 443 4206 σποδὸν
458 4141 494 4230 *]
512 4142 718 4209 Scribendum
735 4143 849 4208 σποδὸν
863 4143 967 4208 τέκνου
981 4164 1052 4205 cum
1068 4142 1261 4204 Hermanno.

220 4243 312 4323 1164.
329 4244 420 4324 φίλας
432 4244 647 4332 Musgravius.
671 4247 776 4327 φιλίας
790 4247 865 4309 Par.
878 4246 916 4309 B.
939 4246 1031 4327 φίλος
1046 4245 1117 4306 Par.
1132 4243 1171 4306 C.
1184 4240 1270 4305 Flor.

177 4363 204 4407 1.
222 4362 250 4409 2.
274 4344 369 4425 φίλον
383 4343 462 4409 Ald.

697 4447 748 4510 rf
