2864 4914
543 297 611 360 ΑΙ)
635 297 885 360 HECUBAM.
1225 298 1267 363 49

164 486 275 550 margo
291 466 336 528 H.
352 472 374 503 “
385 464 564 528 Imitatione
579 489 635 531 sua
649 493 686 548 γε
700 469 863 532 confirmat
879 466 1046 531 Cleanthes
1060 467 1147 554 apud
1169 464 1266 552 Epic·

166 581 267 632 tetum
286 567 417 632 Euchir.
435 583 486 651 77.
505 567 602 651 Ἀγον
625 570 658 633 δέ
677 567 758 650 μ’,ιθ
780 576 851 648 Ζεῦ,
868 573 916 636 καὶ
931 573 971 636 ον’
989 572 1019 651 γ’
1041 568 1266 650 ὴπεπρωμένη,

160 668 257 734 Ὀποι
281 669 348 735 ποθ’
373 674 443 752 ὑμῖν
469 673 528 752 εἰμλ
557 673 793 753 διατεταγμένος·
816 672 874 742 Ὡς
896 676 1013 758 ἕψομαί
1040 671 1067 756 γ’
1092 674 1208 739 ἄοκνος·
1231 668 1268 749 ἣν

165 773 200 835 ὀὶ
214 773 254 853 μὴ
269 774 359 851 θέλω,
376 773 474 841 {taxas
488 775 661 853 γενόμενος,
676 777 763 840 οὐδὲν
777 777 876 856 ἧσσον
892 774 1031 859 ἕψομαι.”
1054 777 1158 840 ΡΟΒ.

209 896 228 961 3
231 892 285 962 50.
299 879 430 962 πρῶτον]
449 879 607 954 Primum,
623 883 698 943 κατὰ
711 879 745 943 τὸ
760 882 883 961 ιἰξίομα,
899 893 935 944 ut
949 893 1055 944 monet
1070 878 1241 943 scholiasta.

210 996 283 1065 355.
307 981 464 1063 παρθένοις
477 981 568 1045 codd.
585 982 742 1047 tredecim.
779 982 938 1065 παρθένοις
960 981 983 1044 τ’
1001 983 1039 1045 Β.
1056 981 1171 1067 aliique
1194 1001 1269 1043 nou-

165 1081 254 1147 nulli.
277 1084 454 1165 παρθένοισι
469 1084 553 1147 Flor.
571 1107 662 1149 unuS.
686 1085 864 1167 παρθένοισί
876 1083 901 1146 τ’
916 1084 994 1150 Ald.

211 1187 286 1270 356.
302 1191 399 1250 θεοῖσι
414 1189 459 1250 Η.
473 1200 505 1250 et
519 1186 652 1250 sedecim
672 1187 722 1250 alii
738 1187 829 1252 codd.
875 1188 972 1252 Pauci
987 1210 1060 1252 cum
1076 1186 1153 1251 Ald.
1172 1190 1269 1273 θεῇσι,

167 1286 254 1373 quod
270 1287 455 1375 significaret
471 1288 683 1376 pulcritudine
698 1289 757 1353 diis
773 1313 877 1377 parem
894 1315 960 1356 esee
977 1291 1180 1378 Polyxenam.

211 1404 286 1473 370.
303 1394 368 1476 τον]
393 1417 437 1459 τις
451 1390 559 1456 eodem
576 1391 670 1455 modo
687 1391 856 1456 collocatur
878 1393 909 1457 in
930 1393 1072 1480 AEschyl.
1091 1394 1198 1457 Prom.
1216 1410 1269 1458 21.

163 1490 221 1557 ''Iv’
233 1495 300 1558 αι”πε
312 1495 427 1575 φωνὴν,
442 1497 571 1559 οἴσετον
581 1496 701 1576 μορφὴν
711 1502 829 1577 βροτῶν
836 1495 943 1579 Ὀψει.
968 1495 1064 1583 Soph.
1076 1493 1227 1559 Trachin.
1237 1512 1269 1578 3.

169 1595 230 1660 οὔτ’
249 1600 275 1660 εἷ
288 1598 429 1680 χρηστὸς,
445 1597 503 1662 οὔτ’
520 1602 549 1663 εἴ
561 1624 601 1684 τῳ
618 1601 713 1666 κακός.
740 1601 843 1664 POR.

213 1717 289 1785 372.
303 1703 409 1786 μῆτερ]
426 1708 518 1784 μᾶτερ
532 1701 609 1766 Altl.
650 1703 833 1765 Correctum
850 1725 888 1765 ex
904 1701 994 1765 codd.

213 1824 288 1889 373.
311 1805 446 1886 λέγουσα
466 1809 540 1888 μηδὲ
563 1805 676 1888 δρῶσα]
708 1805 748 1868 Id
772 1818 818 1869 est
840 1807 880 1886 μὴ
905 1805 1040 1887 λέγουσα
1065 1806 1138 1885 μηδὲ
1162 1809 1270 1886 δρῶσα.

169 1906 243 1986 μήτε
267 1909 416 1974 Bruncltii
432 1923 464 1973 et
480 1907 610 1974 Porsoni
626 1907 697 1971 edd.
715 1909 844 1972 fortasse
862 1932 901 1973 ex
924 1931 989 1973 uno
1003 1908 1139 1974 alterove
1153 1908 1272 1986 codice,

170 2031 271 2095 quum
287 2011 406 2075 variare
429 2013 528 2076 MSS.
544 2011 627 2075 dicat
648 2014 816 2076 Porsonns.
861 2014 1003 2091 Quocum
1027 2012 1273 2098 comparandum

172 2113 279 2176 έκόντα
292 2112 356 2194 μήτ’
370 2115 480 2178 ἄκοντα
494 2114 581 2201 apud
598 2114 696 2202 Soph.
712 2114 794 2179 Phil.
813 2133 887 2198 771.

214 2215 287 2299 381.
305 2219 400 2296 ὄνομα
413 2216 505 2280 codd.
520 2215 662 2303 plerique
676 2240 792 2282 omnes.
816 2219 945 2298 τοῦνομα
961 2219 1000 2281 Β.
1013 2233 1044 2282 et
1059 2217 1136 2284 Ald.
1161 2220 1274 2297 οὔνομα

173 2332 306 2404 uterque
321 2319 418 2382 codex
436 2319 551 2383 Stobaei
568 2319 675 2383 Floril.
693 2322 745 2397 88,
763 2324 791 2385 6.

216 2422 290 2503 389.
307 2421 341 2483 οὐ
357 2420 385 2481 σ’
401 2423 569 2485 Porsouus.
593 2424 627 2485 οὔ
643 2422 671 2485 σ’
688 2422 764 2486 Ald.

216 2543 290 2608 392.
313 2523 402 2608 πῶμ’]
429 2522 497 2604 πόμ’
521 2526 619 2588 MSS.
639 2539 670 2587 et
692 2525 763 2588 edd.
786 2525 840 2589 aed
859 2525 926 2589 haec
945 2525 1046 2589 forma
1069 2524 1186 2591 Atticis
1208 2541 1274 2589 erat

172 2627 338 2714 incognita.
384 2628 478 2706 Quod
499 2627 558 2692 hoc
582 2649 645 2691 uno
664 2642 851 2714 argumento
865 2628 938 2691 satis
960 2627 1122 2715 probetur.
1168 2627 1275 2692 Multa

173 2746 247 2794 sunt
269 2730 347 2808 loca,
363 2732 395 2795 in
411 2732 527 2818 quibus
548 2745 682 2795 metrum
706 2737 793 2811 πῶμα
807 2730 946 2816 flagitet;
972 2729 1105 2807 nullum,
1125 2729 1179 2794 ubi
1194 2731 1275 2809 πόμα

174 2837 322 2920 postulet,
338 2857 449 2920 pauca,
465 2836 519 2900 ubi
535 2834 690 2899 admittat.
714 2834 816 2897 POR.

218 2937 294 3021 398.
318 2939 407 3001 ὁποῖα
430 2936 535 3004 κισσὸς
549 2936 635 3016 δρυὸς
654 2937 747 3024 ὅπως]
776 2938 908 3000 Secum
932 2935 1057 3013 hedera,
1080 2934 1273 3023 Polyxenam

174 3059 245 3100 cum
262 3060 379 3123 quercu
395 3052 566 3124 comparat.
614 3037 758 3124 Speciosa
773 3039 873 3125 magis
887 3062 981 3125 quam
998 3062 1072 3104 vera
1086 3054 1132 3102 est
1155 3037 1275 3102 Reiskii

174 3143 353 3228 conjecture
382 3144 479 3221 ὅμοια.
525 3140 692 3228 Duplicem
715 3142 976 3229 comparationem
1003 3142 1143 3207 similiter
1166 3155 1201 3205 ut
1225 3139 1275 3202 hic

172 3242 332 3331 duplicata
352 3243 506 3331 particula
527 3245 678 3331 expressit
703 3245 812 3331 Eurip.
839 3247 899 3308 Tr.
921 3260 989 3326 147.
1015 3244 1110 3325 μότηρ
1133 3241 1158 3306 δ’
1175 3240 1213 3309 ὥς
1233 3268 1276 3308 τις

172 3355 294 3416 πτανοῖς
309 3352 446 3431 κλαγγὰν
460 3351 576 3430 ὄρνισιν
590 3350 669 3414 ὅπως
684 3347 793 3429 ἐξάρξω
808 3346 861 3429 ’γὼ
875 3351 996 3426 μολπὰν
1010 3348 1046 3410 οὗ
1060 3351 1115 3410 τὰν
1129 3343 1232 3410 αὐτόν.

218 3471 291 3536 399.
316 3451 379 3528 ote,
394 3452 432 3532 ἤν
446 3453 496 3536 γε]
514 3453 549 3516 οὖ
563 3451 622 3531 μήν
635 3477 673 3534 γε
687 3451 764 3516 Ald.
803 3453 987 3515 Correctum
1002 3473 1041 3515 ex
1058 3449 1150 3514 codd.
1175 3448 1273 3536 pluri·

174 3574 244 3615 mis.

219 3678 291 3740 404
308 3660 347 3724 σό
361 3657 385 3721 τ’
400 3658 491 3724 codd.
508 3656 665 3723 tredecim.
689 3657 728 3722 σὺ
742 3655 765 3720 δ’
782 3656 859 3721 ΑΙθ.

219 3763 292 3841 408.
315 3764 335 3826 ἃ
356 3766 455 3828 πείσει
473 3764 575 3850 (πείσῃ
593 3759 700 3844 Ald.)]
727 3758 857 3846 Supple‚
874 3763 935 3824 τοῖς
957 3763 1114 3838 κρατοῦσιν
1129 3760 1156 3821 εἶ
1172 3764 1272 3839 μαχεῖ.

176 3865 278 3929 ΡΟΒ.

220 3988 292 4046 411.
309 3970 499 4033 πανύστατον
509 3967 601 4032 codd.
615 3964 764 4054 plerique.
788 3966 962 4028 nardorum
971 3962 1047 4028 Ald.
1071 3982 1145 4041 411.
1158 3979 1275 4044 et412.

177 4087 248 4158 post
264 4073 384 4136 Alcest.
400 4094 430 4135 v.
448 4072 519 4136 206.
535 4070 648 4145 illatos,
664 4068 859 4149 προσόψομαι
880 4066 911 4130 in
932 4067 1122 4149 προσόψεται
1144 4081 1276 4143 mutato,

175 4172 238 4236 illic
253 4173 402 4237 delendos
415 4197 479 4237 esse
494 4174 573 4238 vidit
585 4171 766 4238 Valckenar.

218 4297 294 4361 413.
318 4276 399 4360 δέχει
422 4278 591 4340 Porsonus.
632 4274 801 4339 Librorum
818 4270 1034 4358 discrepantia»
1056 4287 1128 4335 sunt
1151 4270 1234 4353 δέχῃ,
1251 4270 1276 4332 δ’

175 4383 251 4463 ἔχει,
268 4380 367 4463 δέχου.

716 4499 738 4541 n
