<?xml version="1.0" encoding="UTF-8"?>
<!DOCTYPE html PUBLIC "-//W3C//DTD XHTML 1.0 Transitional//EN"
    "http://www.w3.org/TR/xhtml1/DTD/xhtml1-transitional.dtd">
<html xmlns="http://www.w3.org/1999/xhtml" xml:lang="en" lang="en">
 <head>
  <title>
</title>
<meta http-equiv="Content-Type" content="text/html;charset=utf-8" />
  <meta name='ocr-system' content='tesseract 3.04.00' />
  <meta name='ocr-capabilities' content='ocr_page ocr_carea ocr_par ocr_line ocrx_word'/>
</head>
<body>
  <div class='ocr_page' id='page_1' title='image "./tragoediaesuper01eurigoog_0148.png"; bbox 0 0 2864 4914; ppageno 0'>
   <div class='ocr_carea' id='block_1_1' title="bbox 515 296 895 366">
    <p class='ocr_par' dir='ltr' id='par_1_1' title="bbox 515 296 895 366">
     <span class='ocr_line' id='line_1_1' title="bbox 515 296 895 366; baseline 0 -2"><span class='ocrx_word' id='word_1_1' title='bbox 515 300 583 364; x_wconf 90' lang='lat' dir='ltr'><strong>AD</strong></span> <span class='ocrx_word' id='word_1_2' title='bbox 606 296 895 366; x_wconf 87' lang='lat' dir='ltr'><strong>PHOENISSAS.</strong></span> 
     </span>
    </p>
   </div>
   <div class='ocr_carea' id='block_1_2' title="bbox 454 471 773 556">
    <p class='ocr_par' dir='ltr' id='par_1_2' title="bbox 454 471 773 556">
     <span class='ocr_line' id='line_1_2' title="bbox 454 471 773 556; baseline 0.006 -21"><span class='ocrx_word' id='word_1_3' title='bbox 454 474 604 554; x_wconf 69' lang='lat' dir='ltr'><strong>aupaldus</strong></span> <span class='ocrx_word' id='word_1_4' title='bbox 619 471 642 536; x_wconf 88' lang='grc' dir='ltr'><strong>τ’</strong></span> <span class='ocrx_word' id='word_1_5' title='bbox 659 474 773 556; x_wconf 79' lang='grc' dir='ltr'>ὄρεγμα</span> 
     </span>
    </p>
   </div>
   <div class='ocr_carea' id='block_1_3' title="bbox 454 575 884 759">
    <p class='ocr_par' dir='ltr' id='par_1_3' title="bbox 454 575 884 759">
     <span class='ocr_line' id='line_1_3' title="bbox 454 575 884 659; baseline 0.005 -21"><span class='ocrx_word' id='word_1_6' title='bbox 454 577 634 658; x_wconf 71' lang='grc' dir='ltr'>βοστρύχων</span> <span class='ocrx_word' id='word_1_7' title='bbox 648 601 680 639; x_wconf 92' lang='grc' dir='ltr'><strong>τε</strong></span> <span class='ocrx_word' id='word_1_8' title='bbox 695 575 884 659; x_wconf 78' lang='grc' dir='ltr'>κυανόχρωτα</span> 
     </span>
     <span class='ocr_line' id='line_1_4' title="bbox 456 676 731 759; baseline 0.004 -17"><span class='ocrx_word' id='word_1_9' title='bbox 456 679 562 759; x_wconf 78' lang='grc' dir='ltr'>χαίτας</span> <span class='ocrx_word' id='word_1_10' title='bbox 575 676 731 757; x_wconf 84' lang='grc' dir='ltr'>πλόκαμον</span> 
     </span>
    </p>
   </div>
   <div class='ocr_carea' id='block_1_4' title="bbox 155 779 1253 1377">
    <p class='ocr_par' dir='ltr' id='par_1_4' title="bbox 155 779 1253 1377">
     <span class='ocr_line' id='line_1_5' title="bbox 455 779 788 861; baseline 0.003 -19"><span class='ocrx_word' id='word_1_11' title='bbox 455 779 583 856; x_wconf 79' lang='grc' dir='ltr'>σκιάζων</span> <span class='ocrx_word' id='word_1_12' title='bbox 597 779 687 861; x_wconf 76' lang='grc' dir='ltr'>δέραν</span> <span class='ocrx_word' id='word_1_13' title='bbox 703 779 788 860; x_wconf 73' lang='grc' dir='ltr'>ἐμάν.</span> 
     </span>
     <span class='ocr_line' id='line_1_6' title="bbox 196 879 929 967; baseline 0.004 -25"><span class='ocrx_word' id='word_1_14' title='bbox 196 879 271 964; x_wconf 84' lang='lat'><strong>308.</strong></span> <span class='ocrx_word' id='word_1_15' title='bbox 287 879 490 967; x_wconf 82' lang='grc' dir='ltr'>κυανόχρωτα]</span> <span class='ocrx_word' id='word_1_16' title='bbox 508 886 699 964; x_wconf 79' lang='grc' dir='ltr'>κυανοχριῖτα</span> <span class='ocrx_word' id='word_1_17' title='bbox 712 883 820 967; x_wconf 92' lang='lat' dir='ltr'><strong>Mosq.</strong></span> <span class='ocrx_word' id='word_1_18' title='bbox 837 903 929 945; x_wconf 91' lang='lat' dir='ltr'><strong>unus.</strong></span> 
     </span>
     <span class='ocr_line' id='line_1_7' title="bbox 197 982 816 1070; baseline 0.006 -26"><span class='ocrx_word' id='word_1_19' title='bbox 197 1000 271 1066; x_wconf 89' lang='lat'>310.</span> <span class='ocrx_word' id='word_1_20' title='bbox 287 982 433 1047; x_wconf 87' lang='lat' dir='ltr'><strong>Alterum</strong></span> <span class='ocrx_word' id='word_1_21' title='bbox 450 985 484 1047; x_wconf 73' lang='lat' dir='ltr'><strong>to</strong></span> <span class='ocrx_word' id='word_1_22' title='bbox 498 1006 560 1048; x_wconf 92' lang='lat' dir='ltr'><strong>om.</strong></span> <span class='ocrx_word' id='word_1_23' title='bbox 576 1006 649 1070; x_wconf 90' lang='lat' dir='ltr'><strong>pars</strong></span> <span class='ocrx_word' id='word_1_24' title='bbox 663 982 816 1048; x_wconf 91' lang='lat' dir='ltr'><strong>codicum.</strong></span> 
     </span>
     <span class='ocr_line' id='line_1_8' title="bbox 196 1083 1253 1172; baseline 0.005 -26"><span class='ocrx_word' id='word_1_25' title='bbox 196 1103 270 1171; x_wconf 77' lang='lat'><strong>313.</strong></span> <span class='ocrx_word' id='word_1_26' title='bbox 293 1083 414 1167; x_wconf 82' lang='grc' dir='ltr'>λόγοισι</span> <span class='ocrx_word' id='word_1_27' title='bbox 435 1084 527 1150; x_wconf 81' lang='lat' dir='ltr'><strong>codd.</strong></span> <span class='ocrx_word' id='word_1_28' title='bbox 547 1084 657 1172; x_wconf 85' lang='lat' dir='ltr'><strong>optimi</strong></span> <span class='ocrx_word' id='word_1_29' title='bbox 682 1100 714 1148; x_wconf 89' lang='lat' dir='ltr'><strong>et</strong></span> <span class='ocrx_word' id='word_1_30' title='bbox 740 1085 817 1150; x_wconf 86' lang='lat' dir='ltr'><strong>Ald.</strong></span> <span class='ocrx_word' id='word_1_31' title='bbox 856 1085 923 1149; x_wconf 88' lang='lat' dir='ltr'><strong>Alii</strong></span> <span class='ocrx_word' id='word_1_32' title='bbox 950 1085 1079 1167; x_wconf 80' lang='grc' dir='ltr'>κόμαισι,</span> <span class='ocrx_word' id='word_1_33' title='bbox 1106 1087 1195 1172; x_wconf 87' lang='lat' dir='ltr'><strong>quod</strong></span> <span class='ocrx_word' id='word_1_34' title='bbox 1214 1109 1253 1151; x_wconf 86' lang='lat' dir='ltr'><strong>ex</strong></span> 
     </span>
     <span class='ocr_line' id='line_1_9' title="bbox 155 1183 1195 1275; baseline 0.002 -26"><span class='ocrx_word' id='word_1_35' title='bbox 155 1183 281 1249; x_wconf 88' lang='lat' dir='ltr'><strong>Hecub.</strong></span> <span class='ocrx_word' id='word_1_36' title='bbox 298 1187 370 1271; x_wconf 86' lang='lat'><strong>837.</strong></span> <span class='ocrx_word' id='word_1_37' title='bbox 385 1185 505 1250; x_wconf 88' lang='lat' dir='ltr'><strong>illatum</strong></span> <span class='ocrx_word' id='word_1_38' title='bbox 521 1209 587 1250; x_wconf 90' lang='lat' dir='ltr'><strong>esse</strong></span> <span class='ocrx_word' id='word_1_39' title='bbox 601 1186 804 1273; x_wconf 82' lang='lat' dir='ltr'>probabiliter</span> <span class='ocrx_word' id='word_1_40' title='bbox 817 1188 949 1275; x_wconf 86' lang='lat' dir='ltr'><strong>conjecit</strong></span> <span class='ocrx_word' id='word_1_41' title='bbox 965 1186 1195 1252; x_wconf 80' lang='lat' dir='ltr'><strong>Valckenarius.</strong></span> 
     </span>
     <span class='ocr_line' id='line_1_10' title="bbox 196 1288 1251 1377; baseline 0.005 -29"><span class='ocrx_word' id='word_1_42' title='bbox 196 1305 270 1371; x_wconf 85' lang='lat'><strong>314.</strong></span> <span class='ocrx_word' id='word_1_43' title='bbox 293 1288 417 1374; x_wconf 82' lang='grc' dir='ltr'>ἀδονάν]</span> <span class='ocrx_word' id='word_1_44' title='bbox 442 1289 552 1368; x_wconf 81' lang='grc' dir='ltr'>ἡδονάν</span> <span class='ocrx_word' id='word_1_45' title='bbox 571 1288 642 1352; x_wconf 80' lang='lat' dir='ltr'>libri</span> <span class='ocrx_word' id='word_1_46' title='bbox 658 1289 797 1376; x_wconf 87' lang='lat' dir='ltr'><strong>quidam.</strong></span> <span class='ocrx_word' id='word_1_47' title='bbox 830 1289 941 1354; x_wconf 79' lang='grc' dir='ltr'>ἁδονάν</span> <span class='ocrx_word' id='word_1_48' title='bbox 961 1289 1123 1354; x_wconf 89' lang='lat' dir='ltr'><strong>confirmat</strong></span> <span class='ocrx_word' id='word_1_49' title='bbox 1146 1292 1251 1377; x_wconf 87' lang='lat' dir='ltr'><strong>Hesy-</strong></span> 
     </span>
    </p>
   </div>
   <div class='ocr_carea' id='block_1_5' title="bbox 48 1388 1255 1474">
    <p class='ocr_par' dir='ltr' id='par_1_5' title="bbox 48 1388 1255 1474">
     <span class='ocr_line' id='line_1_11' title="bbox 48 1388 1255 1474; baseline 0.006 -24"><span class='ocrx_word' id='word_1_50' title='bbox 48 1433 50 1436; x_wconf 28' lang='grc' dir='ltr'><em>ψ</em></span> <span class='ocrx_word' id='word_1_51' title='bbox 152 1388 243 1453; x_wconf 84' lang='lat' dir='ltr'>chius</span> <span class='ocrx_word' id='word_1_52' title='bbox 270 1391 478 1456; x_wconf 76' lang='grc' dir='ltr'>Πολυέλικτον</span> <span class='ocrx_word' id='word_1_53' title='bbox 507 1392 634 1457; x_wconf 75' lang='grc' dir='ltr'>ἀδανάνι</span> <span class='ocrx_word' id='word_1_54' title='bbox 667 1395 866 1457; x_wconf 82' lang='grc' dir='ltr'>πολύκυκλαν.</span> <span class='ocrx_word' id='word_1_55' title='bbox 915 1391 1037 1474; x_wconf 87' lang='lat' dir='ltr'><strong>(Codex</strong></span> <span class='ocrx_word' id='word_1_56' title='bbox 1067 1394 1255 1458; x_wconf 83' lang='grc' dir='ltr'>παλύκυκλον</span> 
     </span>
    </p>
   </div>
   <div class='ocr_carea' id='block_1_6' title="bbox 152 1493 250 1576">
    <p class='ocr_par' dir='ltr' id='par_1_6' title="bbox 152 1493 250 1576">
     <span class='ocr_line' id='line_1_12' title="bbox 152 1493 250 1576; baseline 0 0"><span class='ocrx_word' id='word_1_57' title='bbox 152 1493 250 1576; x_wconf 69' lang='lat' dir='ltr'><strong>saon.)</strong></span> 
     </span>
    </p>
   </div>
   <div class='ocr_carea' id='block_1_7' title="bbox 148 1594 1256 4547">
    <p class='ocr_par' dir='ltr' id='par_1_7' title="bbox 150 1594 1254 1864">
     <span class='ocr_line' id='line_1_13' title="bbox 194 1594 1253 1683; baseline -0.001 -24"><span class='ocrx_word' id='word_1_58' title='bbox 194 1614 270 1681; x_wconf 84' lang='lat'><strong>315.</strong></span> <span class='ocrx_word' id='word_1_59' title='bbox 287 1596 596 1683; x_wconf 76' lang='grc' dir='ltr'>ἐκεῖσε-χαρμονᾶν]</span> <span class='ocrx_word' id='word_1_60' title='bbox 622 1598 703 1661; x_wconf 86' lang='lat' dir='ltr'><strong>Haec</strong></span> <span class='ocrx_word' id='word_1_61' title='bbox 717 1596 750 1660; x_wconf 91' lang='lat' dir='ltr'><strong>in</strong></span> <span class='ocrx_word' id='word_1_62' title='bbox 766 1619 863 1661; x_wconf 92' lang='lat' dir='ltr'><strong>unum</strong></span> <span class='ocrx_word' id='word_1_63' title='bbox 881 1619 1004 1660; x_wconf 88' lang='lat' dir='ltr'><strong>versum</strong></span> <span class='ocrx_word' id='word_1_64' title='bbox 1021 1594 1253 1682; x_wconf 89' lang='lat' dir='ltr'><strong>conjungenda,</strong></span> 
     </span>
     <span class='ocr_line' id='line_1_14' title="bbox 151 1696 1254 1783; baseline 0.002 -23"><span class='ocrx_word' id='word_1_65' title='bbox 151 1696 208 1783; x_wconf 92' lang='lat' dir='ltr'><strong>qui</strong></span> <span class='ocrx_word' id='word_1_66' title='bbox 235 1721 273 1762; x_wconf 85' lang='lat' dir='ltr'><strong>ex</strong></span> <span class='ocrx_word' id='word_1_67' title='bbox 301 1698 436 1762; x_wconf 85' lang='lat' dir='ltr'><strong>dimetro</strong></span> <span class='ocrx_word' id='word_1_68' title='bbox 464 1697 607 1775; x_wconf 90' lang='lat' dir='ltr'><strong>iambico,</strong></span> <span class='ocrx_word' id='word_1_69' title='bbox 637 1699 783 1763; x_wconf 90' lang='lat' dir='ltr'><strong>dochmio</strong></span> <span class='ocrx_word' id='word_1_70' title='bbox 811 1715 843 1764; x_wconf 92' lang='lat' dir='ltr'><strong>et</strong></span> <span class='ocrx_word' id='word_1_71' title='bbox 871 1699 986 1764; x_wconf 89' lang='lat' dir='ltr'><strong>cretico</strong></span> <span class='ocrx_word' id='word_1_72' title='bbox 1014 1696 1154 1762; x_wconf 85' lang='lat' dir='ltr'>trimetro</span> <span class='ocrx_word' id='word_1_73' title='bbox 1182 1722 1254 1764; x_wconf 90' lang='lat' dir='ltr'><strong>con-</strong></span> 
     </span>
     <span class='ocr_line' id='line_1_15' title="bbox 150 1815 223 1864; baseline 0 0"><span class='ocrx_word' id='word_1_74' title='bbox 150 1815 223 1864; x_wconf 87' lang='lat' dir='ltr'><strong>stat.</strong></span> 
     </span>
    </p>

    <p class='ocr_par' dir='ltr' id='par_1_8' title="bbox 150 1901 1254 2089">
     <span class='ocr_line' id='line_1_16' title="bbox 193 1901 1254 1993; baseline 0.005 -28"><span class='ocrx_word' id='word_1_75' title='bbox 193 1901 269 1987; x_wconf 84' lang='lat'><strong>316.</strong></span> <span class='ocrx_word' id='word_1_76' title='bbox 282 1907 614 1986; x_wconf 78' lang='grc' dir='ltr'>παλαιᾶν-χαρμονᾶν</span> <span class='ocrx_word' id='word_1_77' title='bbox 628 1903 720 1969; x_wconf 89' lang='lat' dir='ltr'><strong>codd.</strong></span> <span class='ocrx_word' id='word_1_78' title='bbox 734 1904 862 1993; x_wconf 90' lang='lat' dir='ltr'><strong>optimi:</strong></span> <span class='ocrx_word' id='word_1_79' title='bbox 886 1904 938 1969; x_wconf 93' lang='lat' dir='ltr'><strong>alii</strong></span> <span class='ocrx_word' id='word_1_80' title='bbox 950 1920 982 1969; x_wconf 93' lang='lat' dir='ltr'><strong>et</strong></span> <span class='ocrx_word' id='word_1_81' title='bbox 993 1903 1071 1968; x_wconf 83' lang='lat' dir='ltr'><strong>Ald.</strong></span> <span class='ocrx_word' id='word_1_82' title='bbox 1083 1908 1254 1970; x_wconf 77' lang='grc' dir='ltr'>παλαιᾶς-</span> 
     </span>
     <span class='ocr_line' id='line_1_17' title="bbox 150 2009 311 2089; baseline -0.006 -21"><span class='ocrx_word' id='word_1_83' title='bbox 150 2009 311 2089; x_wconf 80' lang='grc' dir='ltr'>χαρμονᾶς.</span> 
     </span>
    </p>

    <p class='ocr_par' dir='ltr' id='par_1_9' title="bbox 152 2106 1254 2297">
     <span class='ocr_line' id='line_1_18' title="bbox 195 2106 1254 2192; baseline 0.003 -22"><span class='ocrx_word' id='word_1_84' title='bbox 195 2121 268 2192; x_wconf 87' lang='lat'>317.</span> <span class='ocrx_word' id='word_1_85' title='bbox 286 2107 358 2188; x_wconf 74' lang='grc' dir='ltr'>ἐμὸν</span> <span class='ocrx_word' id='word_1_86' title='bbox 371 2106 455 2175; x_wconf 78' lang='grc' dir='ltr'>τέκος</span> <span class='ocrx_word' id='word_1_87' title='bbox 468 2107 611 2173; x_wconf 89' lang='lat' dir='ltr'><strong>additum</strong></span> <span class='ocrx_word' id='word_1_88' title='bbox 628 2131 667 2172; x_wconf 88' lang='lat' dir='ltr'><strong>ex</strong></span> <span class='ocrx_word' id='word_1_89' title='bbox 681 2108 750 2173; x_wconf 91' lang='lat' dir='ltr'><strong>cod.</strong></span> <span class='ocrx_word' id='word_1_90' title='bbox 767 2110 854 2173; x_wconf 86' lang='lat' dir='ltr'><strong>Flor.</strong></span> <span class='ocrx_word' id='word_1_91' title='bbox 867 2131 941 2173; x_wconf 92' lang='lat' dir='ltr'><strong>uno.</strong></span> <span class='ocrx_word' id='word_1_92' title='bbox 966 2110 1083 2173; x_wconf 86' lang='lat' dir='ltr'>Versus</span> <span class='ocrx_word' id='word_1_93' title='bbox 1098 2121 1143 2172; x_wconf 89' lang='lat' dir='ltr'><strong>est</strong></span> <span class='ocrx_word' id='word_1_94' title='bbox 1158 2107 1254 2173; x_wconf 90' lang='lat' dir='ltr'><strong>doch-</strong></span> 
     </span>
     <span class='ocr_line' id='line_1_19' title="bbox 152 2207 915 2297; baseline 0.003 -26"><span class='ocrx_word' id='word_1_95' title='bbox 152 2207 271 2272; x_wconf 89' lang='lat' dir='ltr'><strong>miacus</strong></span> <span class='ocrx_word' id='word_1_96' title='bbox 285 2207 397 2273; x_wconf 92' lang='lat' dir='ltr'><strong>ultima</strong></span> <span class='ocrx_word' id='word_1_97' title='bbox 411 2207 529 2296; x_wconf 79' lang='lat' dir='ltr'><strong>syllaba</strong></span> <span class='ocrx_word' id='word_1_98' title='bbox 544 2209 682 2296; x_wconf 88' lang='lat' dir='ltr'><strong>ancipiti,</strong></span> <span class='ocrx_word' id='word_1_99' title='bbox 698 2210 858 2297; x_wconf 84' lang='lat' dir='ltr'><strong>praemisso</strong></span> <span class='ocrx_word' id='word_1_100' title='bbox 873 2213 915 2275; x_wconf 76' lang='lat' dir='ltr'><strong>ld.</strong></span> 
     </span>
    </p>

    <p class='ocr_par' dir='ltr' id='par_1_10' title="bbox 151 2311 1253 2498">
     <span class='ocr_line' id='line_1_20' title="bbox 194 2311 1253 2400; baseline 0.001 -25"><span class='ocrx_word' id='word_1_101' title='bbox 194 2329 270 2397; x_wconf 74' lang='lat'><strong>322.</strong></span> <span class='ocrx_word' id='word_1_102' title='bbox 285 2338 322 2395; x_wconf 87' lang='grc' dir='ltr'><strong>γε</strong></span> <span class='ocrx_word' id='word_1_103' title='bbox 338 2311 571 2377; x_wconf 78' lang='lat' dir='ltr'><strong>Valckenarius.</strong></span> <span class='ocrx_word' id='word_1_104' title='bbox 595 2312 685 2377; x_wconf 85' lang='lat' dir='ltr'>Libri</span> <span class='ocrx_word' id='word_1_105' title='bbox 701 2338 744 2390; x_wconf 87' lang='grc' dir='ltr'><strong>τε,</strong></span> <span class='ocrx_word' id='word_1_106' title='bbox 760 2312 847 2399; x_wconf 92' lang='lat' dir='ltr'><strong>quod</strong></span> <span class='ocrx_word' id='word_1_107' title='bbox 862 2313 1082 2378; x_wconf 86' lang='lat' dir='ltr'><strong>revocandum.</strong></span> <span class='ocrx_word' id='word_1_108' title='bbox 1106 2314 1253 2400; x_wconf 52' lang='lat' dir='ltr'><strong>Responff</strong></span> 
     </span>
     <span class='ocr_line' id='line_1_21' title="bbox 151 2413 387 2498; baseline -0.008 -20"><span class='ocrx_word' id='word_1_109' title='bbox 151 2413 207 2478; x_wconf 88' lang='lat' dir='ltr'><strong>det</strong></span> <span class='ocrx_word' id='word_1_110' title='bbox 222 2416 254 2479; x_wconf 69' lang='grc' dir='ltr'><strong>δὲ</strong></span> <span class='ocrx_word' id='word_1_111' title='bbox 269 2437 299 2478; x_wconf 93' lang='lat' dir='ltr'><strong>v.</strong></span> <span class='ocrx_word' id='word_1_112' title='bbox 314 2433 387 2498; x_wconf 85' lang='lat'><strong>325.</strong></span> 
     </span>
    </p>

    <p class='ocr_par' dir='ltr' id='par_1_11' title="bbox 148 2515 1255 3626">
     <span class='ocr_line' id='line_1_22' title="bbox 193 2515 1254 2604; baseline 0 -24"><span class='ocrx_word' id='word_1_113' title='bbox 193 2535 269 2601; x_wconf 83' lang='lat'><strong>323.</strong></span> <span class='ocrx_word' id='word_1_114' title='bbox 294 2515 468 2599; x_wconf 89' lang='grc' dir='ltr'>δακρυόεσσ’</span> <span class='ocrx_word' id='word_1_115' title='bbox 490 2518 611 2582; x_wconf 79' lang='grc' dir='ltr'>ἀνιεῖσα</span> <span class='ocrx_word' id='word_1_116' title='bbox 633 2517 871 2597; x_wconf 82' lang='lat' dir='ltr'><strong>Valckenarius,</strong></span> <span class='ocrx_word' id='word_1_117' title='bbox 893 2518 985 2604; x_wconf 84' lang='lat' dir='ltr'><strong>cujus</strong></span> <span class='ocrx_word' id='word_1_118' title='bbox 1006 2517 1254 2581; x_wconf 84' lang='lat' dir='ltr'><strong>emendationem</strong></span> 
     </span>
     <span class='ocr_line' id='line_1_23' title="bbox 150 2617 1253 2708; baseline 0.003 -27"><span class='ocrx_word' id='word_1_119' title='bbox 150 2618 296 2682; x_wconf 86' lang='lat' dir='ltr'><strong>restituto</strong></span> <span class='ocrx_word' id='word_1_120' title='bbox 318 2617 492 2700; x_wconf 88' lang='grc' dir='ltr'>δακρυόεσσ’</span> <span class='ocrx_word' id='word_1_121' title='bbox 516 2621 624 2683; x_wconf 82' lang='grc' dir='ltr'>ἀνεῖσα</span> <span class='ocrx_word' id='word_1_122' title='bbox 647 2620 777 2708; x_wconf 83' lang='lat' dir='ltr'><strong>perfecit</strong></span> <span class='ocrx_word' id='word_1_123' title='bbox 802 2623 1005 2684; x_wconf 88' lang='lat' dir='ltr'><strong>Hermannus</strong></span> <span class='ocrx_word' id='word_1_124' title='bbox 1027 2619 1130 2685; x_wconf 86' lang='lat' dir='ltr'><strong>Elem.</strong></span> <span class='ocrx_word' id='word_1_125' title='bbox 1154 2619 1253 2687; x_wconf 84' lang='lat' dir='ltr'><strong>doctr.</strong></span> 
     </span>
     <span class='ocr_line' id='line_1_24' title="bbox 150 2722 1254 2809; baseline 0.003 -26"><span class='ocrx_word' id='word_1_126' title='bbox 150 2735 240 2784; x_wconf 86' lang='lat' dir='ltr'><strong>metr.</strong></span> <span class='ocrx_word' id='word_1_127' title='bbox 258 2743 288 2808; x_wconf 89' lang='lat' dir='ltr'><strong>p.</strong></span> <span class='ocrx_word' id='word_1_128' title='bbox 305 2723 378 2806; x_wconf 88' lang='lat'><strong>765.</strong></span> <span class='ocrx_word' id='word_1_129' title='bbox 416 2722 599 2809; x_wconf 89' lang='lat' dir='ltr'><strong>Legebatur</strong></span> <span class='ocrx_word' id='word_1_130' title='bbox 622 2722 829 2805; x_wconf 85' lang='grc' dir='ltr'>δακρυόεσσαν</span> <span class='ocrx_word' id='word_1_131' title='bbox 847 2726 936 2787; x_wconf 83' lang='grc' dir='ltr'>ἱεῖσα.</span> <span class='ocrx_word' id='word_1_132' title='bbox 975 2724 1103 2801; x_wconf 87' lang='lat' dir='ltr'><strong>Versus,</strong></span> <span class='ocrx_word' id='word_1_133' title='bbox 1124 2722 1148 2785; x_wconf 91' lang='lat' dir='ltr'><strong>si</strong></span> <span class='ocrx_word' id='word_1_134' title='bbox 1172 2736 1254 2786; x_wconf 88' lang='lat' dir='ltr'><strong>recte</strong></span> 
     </span>
     <span class='ocr_line' id='line_1_25' title="bbox 150 2821 1255 2911; baseline 0.003 -25"><span class='ocrx_word' id='word_1_135' title='bbox 150 2821 245 2887; x_wconf 88' lang='lat' dir='ltr'><strong>habet</strong></span> <span class='ocrx_word' id='word_1_136' title='bbox 268 2822 422 2909; x_wconf 85' lang='lat' dir='ltr'><strong>scriptura</strong></span> <span class='ocrx_word' id='word_1_137' title='bbox 448 2823 577 2910; x_wconf 85' lang='lat' dir='ltr'><strong>vulgata</strong></span> <span class='ocrx_word' id='word_1_138' title='bbox 601 2824 741 2906; x_wconf 77' lang='grc' dir='ltr'>πενθήρη,</span> <span class='ocrx_word' id='word_1_139' title='bbox 768 2849 807 2889; x_wconf 85' lang='lat' dir='ltr'><strong>cx</strong></span> <span class='ocrx_word' id='word_1_140' title='bbox 836 2825 983 2889; x_wconf 91' lang='lat' dir='ltr'><strong>dochmio</strong></span> <span class='ocrx_word' id='word_1_141' title='bbox 1011 2823 1201 2911; x_wconf 88' lang='lat' dir='ltr'><strong>compositus</strong></span> <span class='ocrx_word' id='word_1_142' title='bbox 1222 2839 1255 2889; x_wconf 90' lang='lat' dir='ltr'><strong>et</strong></span> 
     </span>
     <span class='ocr_line' id='line_1_26' title="bbox 149 2920 1251 3013; baseline 0.004 -26"><span class='ocrx_word' id='word_1_143' title='bbox 149 2957 172 2987; x_wconf 84' lang='grc' dir='ltr'>υ</span> <span class='ocrx_word' id='word_1_144' title='bbox 185 2921 208 2971; x_wconf 85' lang='grc'><strong>-’</strong></span> <span class='ocrx_word' id='word_1_145' title='bbox 221 2962 244 2972; x_wconf 93' lang='grc'><strong>-</strong></span> <span class='ocrx_word' id='word_1_146' title='bbox 263 2923 268 3010; x_wconf 75' lang='lat' dir='ltr'><strong>l</strong></span> <span class='ocrx_word' id='word_1_147' title='bbox 286 2920 309 2975; x_wconf 69' lang='grc' dir='ltr'><strong>-ί</strong></span> <span class='ocrx_word' id='word_1_148' title='bbox 323 2959 344 2988; x_wconf 75' lang='lat' dir='ltr'><strong>o</strong></span> <span class='ocrx_word' id='word_1_149' title='bbox 357 2963 391 2988; x_wconf 94' lang='lat'><strong>-.</strong></span> <span class='ocrx_word' id='word_1_150' title='bbox 430 2932 452 2964; x_wconf 76' lang='lat'><strong>‘⁴</strong></span> <span class='ocrx_word' id='word_1_151' title='bbox 465 2927 495 2989; x_wconf 91' lang='grc' dir='ltr'><em>Ε</em></span> <span class='ocrx_word' id='word_1_152' title='bbox 519 2925 635 2990; x_wconf 90' lang='lat' dir='ltr'><strong>scholio</strong></span> <span class='ocrx_word' id='word_1_153' title='bbox 651 2929 739 3013; x_wconf 86' lang='lat' dir='ltr'><strong>Aug.</strong></span> <span class='ocrx_word' id='word_1_154' title='bbox 757 2930 858 2992; x_wconf 90' lang='lat' dir='ltr'><strong>Taur.</strong></span> <span class='ocrx_word' id='word_1_155' title='bbox 874 2928 1016 3002; x_wconf 79' lang='grc' dir='ltr'>ἀπευθέα,</span> <span class='ocrx_word' id='word_1_156' title='bbox 1033 2930 1050 2991; x_wconf 86' lang='grc' dir='ltr'>ὅ</span> <span class='ocrx_word' id='word_1_157' title='bbox 1073 2930 1138 2992; x_wconf 75' lang='grc' dir='ltr'>ἔστι</span> <span class='ocrx_word' id='word_1_158' title='bbox 1160 2935 1251 2992; x_wconf 87' lang='grc' dir='ltr'>πολυ-</span> 
     </span>
     <span class='ocr_line' id='line_1_27' title="bbox 148 3024 1253 3114; baseline 0.003 -24"><span class='ocrx_word' id='word_1_159' title='bbox 148 3031 243 3107; x_wconf 88' lang='grc' dir='ltr'>πενθῆ</span> <span class='ocrx_word' id='word_1_160' title='bbox 259 3024 361 3108; x_wconf 78' lang='grc' dir='ltr'>κόμην,</span> <span class='ocrx_word' id='word_1_161' title='bbox 378 3027 518 3114; x_wconf 87' lang='lat' dir='ltr'><strong>suspicor</strong></span> <span class='ocrx_word' id='word_1_162' title='bbox 532 3027 623 3092; x_wconf 92' lang='lat' dir='ltr'><strong>aliam</strong></span> <span class='ocrx_word' id='word_1_163' title='bbox 639 3028 689 3092; x_wconf 92' lang='lat' dir='ltr'><strong>hic</strong></span> <span class='ocrx_word' id='word_1_164' title='bbox 703 3029 775 3092; x_wconf 93' lang='lat' dir='ltr'><strong>olim</strong></span> <span class='ocrx_word' id='word_1_165' title='bbox 792 3029 953 3094; x_wconf 92' lang='lat' dir='ltr'><strong>lectionem</strong></span> <span class='ocrx_word' id='word_1_166' title='bbox 969 3030 1065 3095; x_wconf 87' lang='lat' dir='ltr'><strong>fuisse</strong></span> <span class='ocrx_word' id='word_1_167' title='bbox 1078 3027 1253 3111; x_wconf 84' lang='grc' dir='ltr'>δακρυόεσσ’</span> 
     </span>
     <span class='ocr_line' id='line_1_28' title="bbox 149 3128 1255 3219; baseline 0.001 -26"><span class='ocrx_word' id='word_1_168' title='bbox 149 3131 245 3194; x_wconf 68' lang='lat' dir='ltr'><strong>aveto·</strong></span> <span class='ocrx_word' id='word_1_169' title='bbox 261 3131 373 3210; x_wconf 81' lang='grc' dir='ltr'>ἀπενθῆ</span> <span class='ocrx_word' id='word_1_170' title='bbox 396 3128 499 3210; x_wconf 84' lang='grc' dir='ltr'>κόμαν,</span> <span class='ocrx_word' id='word_1_171' title='bbox 516 3154 589 3217; x_wconf 69' lang='lat' dir='ltr'><strong>quae</strong></span> <span class='ocrx_word' id='word_1_172' title='bbox 611 3144 711 3195; x_wconf 90' lang='lat' dir='ltr'><strong>metro</strong></span> <span class='ocrx_word' id='word_1_173' title='bbox 725 3131 851 3218; x_wconf 90' lang='lat' dir='ltr'><strong>quidem</strong></span> <span class='ocrx_word' id='word_1_174' title='bbox 875 3131 998 3219; x_wconf 81' lang='lat' dir='ltr'><strong>egregie</strong></span> <span class='ocrx_word' id='word_1_175' title='bbox 1012 3131 1169 3209; x_wconf 88' lang='lat' dir='ltr'><strong>convenit,</strong></span> <span class='ocrx_word' id='word_1_176' title='bbox 1188 3154 1255 3195; x_wconf 88' lang='lat' dir='ltr'><strong>sen-</strong></span> 
     </span>
     <span class='ocr_line' id='line_1_29' title="bbox 149 3232 1252 3299; baseline 0.003 -4"><span class='ocrx_word' id='word_1_177' title='bbox 149 3232 198 3296; x_wconf 91' lang='lat' dir='ltr'><strong>sui</strong></span> <span class='ocrx_word' id='word_1_178' title='bbox 221 3255 282 3297; x_wconf 88' lang='lat' dir='ltr'><strong>non</strong></span> <span class='ocrx_word' id='word_1_179' title='bbox 303 3233 407 3297; x_wconf 86' lang='lat' dir='ltr'><strong>item.”</strong></span> <span class='ocrx_word' id='word_1_180' title='bbox 430 3235 621 3298; x_wconf 89' lang='lat' dir='ltr'><strong>MATTH.</strong></span> <span class='ocrx_word' id='word_1_181' title='bbox 668 3235 767 3298; x_wconf 87' lang='lat' dir='ltr'><strong>Recte</strong></span> <span class='ocrx_word' id='word_1_182' title='bbox 792 3247 898 3297; x_wconf 86' lang='lat' dir='ltr'><strong>monet</strong></span> <span class='ocrx_word' id='word_1_183' title='bbox 923 3233 1070 3299; x_wconf 73' lang='lat' dir='ltr'><strong>Matthiae</strong></span> <span class='ocrx_word' id='word_1_184' title='bbox 1093 3234 1167 3298; x_wconf 85' lang='lat' dir='ltr'><strong>ferri</strong></span> <span class='ocrx_word' id='word_1_185' title='bbox 1192 3257 1252 3298; x_wconf 90' lang='lat' dir='ltr'><strong>uon</strong></span> 
     </span>
     <span class='ocr_line' id='line_1_30' title="bbox 150 3335 1255 3423; baseline 0.001 -24"><span class='ocrx_word' id='word_1_186' title='bbox 150 3358 240 3422; x_wconf 86' lang='lat' dir='ltr'><strong>posse</strong></span> <span class='ocrx_word' id='word_1_187' title='bbox 268 3335 353 3400; x_wconf 89' lang='lat' dir='ltr'><strong>istud</strong></span> <span class='ocrx_word' id='word_1_188' title='bbox 379 3337 503 3416; x_wconf 81' lang='grc' dir='ltr'>ἀπενθῆ.</span> <span class='ocrx_word' id='word_1_189' title='bbox 549 3337 602 3400; x_wconf 90' lang='lat' dir='ltr'><strong>Ex</strong></span> <span class='ocrx_word' id='word_1_190' title='bbox 627 3360 665 3400; x_wconf 92' lang='lat' dir='ltr'><strong>eo</strong></span> <span class='ocrx_word' id='word_1_191' title='bbox 690 3351 792 3400; x_wconf 90' lang='lat' dir='ltr'><strong>tamen</strong></span> <span class='ocrx_word' id='word_1_192' title='bbox 816 3335 877 3399; x_wconf 89' lang='lat' dir='ltr'><strong>alia</strong></span> <span class='ocrx_word' id='word_1_193' title='bbox 898 3336 1075 3400; x_wconf 91' lang='lat' dir='ltr'><strong>concinnari</strong></span> <span class='ocrx_word' id='word_1_194' title='bbox 1100 3337 1255 3423; x_wconf 89' lang='lat' dir='ltr'><strong>scriptura</strong></span> 
     </span>
     <span class='ocr_line' id='line_1_31' title="bbox 149 3436 1254 3525; baseline 0.001 -23"><span class='ocrx_word' id='word_1_195' title='bbox 149 3453 253 3524; x_wconf 85' lang='lat' dir='ltr'><strong>potest</strong></span> <span class='ocrx_word' id='word_1_196' title='bbox 274 3436 448 3520; x_wconf 80' lang='grc' dir='ltr'>δακρυόεσσ’</span> <span class='ocrx_word' id='word_1_197' title='bbox 464 3440 573 3502; x_wconf 82' lang='grc' dir='ltr'>ἀνεῖσα</span> <span class='ocrx_word' id='word_1_198' title='bbox 593 3438 697 3503; x_wconf 82' lang='grc' dir='ltr'>πένθει</span> <span class='ocrx_word' id='word_1_199' title='bbox 719 3436 822 3518; x_wconf 87' lang='grc' dir='ltr'>κόμαν,</span> <span class='ocrx_word' id='word_1_200' title='bbox 845 3462 919 3524; x_wconf 84' lang='lat' dir='ltr'><strong>quae</strong></span> <span class='ocrx_word' id='word_1_201' title='bbox 940 3461 1040 3525; x_wconf 91' lang='lat' dir='ltr'><strong>quum</strong></span> <span class='ocrx_word' id='word_1_202' title='bbox 1063 3439 1254 3525; x_wconf 85' lang='lat' dir='ltr'><strong>aptissimam</strong></span> 
     </span>
     <span class='ocr_line' id='line_1_32' title="bbox 150 3539 985 3626; baseline 0.001 -23"><span class='ocrx_word' id='word_1_203' title='bbox 150 3539 289 3626; x_wconf 68' lang='lat' dir='ltr'><strong>praebeat</strong></span> <span class='ocrx_word' id='word_1_204' title='bbox 304 3540 394 3604; x_wconf 88' lang='lat' dir='ltr'><strong>metri</strong></span> <span class='ocrx_word' id='word_1_205' title='bbox 410 3540 556 3620; x_wconf 87' lang='lat' dir='ltr'><strong>formam,</strong></span> <span class='ocrx_word' id='word_1_206' title='bbox 573 3563 657 3605; x_wconf 92' lang='lat' dir='ltr'><strong>nunc</strong></span> <span class='ocrx_word' id='word_1_207' title='bbox 672 3540 747 3604; x_wconf 93' lang='lat' dir='ltr'><strong>mihi</strong></span> <span class='ocrx_word' id='word_1_208' title='bbox 764 3564 838 3605; x_wconf 89' lang='lat' dir='ltr'><strong>vera</strong></span> <span class='ocrx_word' id='word_1_209' title='bbox 854 3541 985 3606; x_wconf 87' lang='lat' dir='ltr'><strong>videtur.</strong></span> 
     </span>
    </p>

    <p class='ocr_par' dir='ltr' id='par_1_12' title="bbox 193 3641 799 3728">
     <span class='ocr_line' id='line_1_33' title="bbox 193 3641 799 3728; baseline 0 -21"><span class='ocrx_word' id='word_1_210' title='bbox 193 3659 268 3727; x_wconf 78' lang='lat'><strong>324·</strong></span> <span class='ocrx_word' id='word_1_211' title='bbox 283 3641 405 3728; x_wconf 67' lang='grc' dir='ltr'>τέκνον]</span> <span class='ocrx_word' id='word_1_212' title='bbox 423 3643 630 3708; x_wconf 85' lang='lat' dir='ltr'><strong>Scribeudum</strong></span> <span class='ocrx_word' id='word_1_213' title='bbox 646 3641 799 3708; x_wconf 80' lang='grc' dir='ltr'>ὧτέκναν.</span> 
     </span>
    </p>

    <p class='ocr_par' dir='ltr' id='par_1_13' title="bbox 149 3745 1253 3936">
     <span class='ocr_line' id='line_1_34' title="bbox 193 3745 1253 3832; baseline 0.003 -26"><span class='ocrx_word' id='word_1_214' title='bbox 193 3763 266 3829; x_wconf 82' lang='lat'><strong>325.</strong></span> <span class='ocrx_word' id='word_1_215' title='bbox 292 3746 493 3829; x_wconf 83' lang='grc' dir='ltr'>δυσόρφναια]</span> <span class='ocrx_word' id='word_1_216' title='bbox 519 3747 691 3828; x_wconf 81' lang='grc' dir='ltr'>δυσόρφνεα</span> <span class='ocrx_word' id='word_1_217' title='bbox 712 3745 810 3809; x_wconf 87' lang='lat' dir='ltr'><strong>codex</strong></span> <span class='ocrx_word' id='word_1_218' title='bbox 828 3745 992 3810; x_wconf 87' lang='lat' dir='ltr'><strong>Leidensis</strong></span> <span class='ocrx_word' id='word_1_219' title='bbox 1005 3759 1037 3810; x_wconf 91' lang='lat' dir='ltr'><strong>et</strong></span> <span class='ocrx_word' id='word_1_220' title='bbox 1062 3745 1253 3832; x_wconf 86' lang='lat' dir='ltr'><strong>Hesychius,</strong></span> 
     </span>
     <span class='ocr_line' id='line_1_35' title="bbox 149 3845 698 3936; baseline 0.002 -27"><span class='ocrx_word' id='word_1_221' title='bbox 149 3845 205 3933; x_wconf 93' lang='lat' dir='ltr'><strong>qui</strong></span> <span class='ocrx_word' id='word_1_222' title='bbox 219 3868 276 3932; x_wconf 90' lang='lat' dir='ltr'><strong>per</strong></span> <span class='ocrx_word' id='word_1_223' title='bbox 289 3846 418 3927; x_wconf 73' lang='grc' dir='ltr'>μέλανα,</span> <span class='ocrx_word' id='word_1_224' title='bbox 435 3849 537 3930; x_wconf 78' lang='grc' dir='ltr'>ἀφανῆ</span> <span class='ocrx_word' id='word_1_225' title='bbox 552 3849 698 3936; x_wconf 86' lang='lat' dir='ltr'><strong>explicat.</strong></span> 
     </span>
    </p>

    <p class='ocr_par' dir='ltr' id='par_1_14' title="bbox 148 3949 1256 4547">
     <span class='ocr_line' id='line_1_36' title="bbox 193 3949 1256 4036; baseline 0.003 -25"><span class='ocrx_word' id='word_1_226' title='bbox 193 3949 270 4030; x_wconf 84' lang='grc' dir='ltr'>ἀμφὶ</span> <span class='ocrx_word' id='word_1_227' title='bbox 292 3970 354 4011; x_wconf 93' lang='lat' dir='ltr'><strong>non</strong></span> <span class='ocrx_word' id='word_1_228' title='bbox 373 3949 573 4036; x_wconf 90' lang='lat' dir='ltr'><strong>jungendum</strong></span> <span class='ocrx_word' id='word_1_229' title='bbox 589 3973 661 4014; x_wconf 93' lang='lat' dir='ltr'><strong>cum</strong></span> <span class='ocrx_word' id='word_1_230' title='bbox 677 3950 849 4030; x_wconf 83' lang='grc' dir='ltr'>ἀμείβομαι,</span> <span class='ocrx_word' id='word_1_231' title='bbox 866 3949 920 4013; x_wconf 90' lang='lat' dir='ltr'><strong>sed</strong></span> <span class='ocrx_word' id='word_1_232' title='bbox 943 3971 998 4035; x_wconf 90' lang='lat' dir='ltr'><strong>per</strong></span> <span class='ocrx_word' id='word_1_233' title='bbox 1013 3973 1046 4013; x_wconf 90' lang='lat' dir='ltr'><strong>se</strong></span> <span class='ocrx_word' id='word_1_234' title='bbox 1062 3962 1109 4013; x_wconf 88' lang='lat' dir='ltr'><strong>est</strong></span> <span class='ocrx_word' id='word_1_235' title='bbox 1128 3972 1187 4036; x_wconf 90' lang='lat' dir='ltr'><strong>pro</strong></span> <span class='ocrx_word' id='word_1_236' title='bbox 1202 3952 1256 4031; x_wconf 74' lang='grc' dir='ltr'><strong>ἀμ</strong></span> 
     </span>
     <span class='ocr_line' id='line_1_37' title="bbox 150 4052 1254 4141; baseline 0.004 -27"><span class='ocrx_word' id='word_1_237' title='bbox 150 4052 359 4132; x_wconf 79' lang='grc' dir='ltr'>φιβάλλουσα.</span> <span class='ocrx_word' id='word_1_238' title='bbox 383 4053 576 4116; x_wconf 87' lang='grc' dir='ltr'><strong>ΜΑΤΤΗ.</strong></span> <span class='ocrx_word' id='word_1_239' title='bbox 616 4055 693 4135; x_wconf 78' lang='grc' dir='ltr'>ἀμφὶ</span> <span class='ocrx_word' id='word_1_240' title='bbox 714 4055 806 4137; x_wconf 74' lang='grc' dir='ltr'>τρύχη</span> <span class='ocrx_word' id='word_1_241' title='bbox 831 4053 920 4135; x_wconf 78' lang='grc' dir='ltr'>(ἀμφὶ</span> <span class='ocrx_word' id='word_1_242' title='bbox 941 4054 1028 4135; x_wconf 81' lang='grc' dir='ltr'>τρίχη</span> <span class='ocrx_word' id='word_1_243' title='bbox 1051 4052 1097 4115; x_wconf 91' lang='grc' dir='ltr'><strong>Η.</strong></span> <span class='ocrx_word' id='word_1_244' title='bbox 1118 4067 1150 4116; x_wconf 87' lang='lat' dir='ltr'><strong>et</strong></span> <span class='ocrx_word' id='word_1_245' title='bbox 1165 4056 1254 4141; x_wconf 91' lang='lat' dir='ltr'><strong>Aug.</strong></span> 
     </span>
     <span class='ocr_line' id='line_1_38' title="bbox 150 4153 1254 4243; baseline 0.003 -27"><span class='ocrx_word' id='word_1_246' title='bbox 150 4155 245 4232; x_wconf 88' lang='lat' dir='ltr'><strong>unus)</strong></span> <span class='ocrx_word' id='word_1_247' title='bbox 272 4153 366 4240; x_wconf 86' lang='lat' dir='ltr'><strong>pauci</strong></span> <span class='ocrx_word' id='word_1_248' title='bbox 388 4153 528 4219; x_wconf 88' lang='lat' dir='ltr'><strong>codices:</strong></span> <span class='ocrx_word' id='word_1_249' title='bbox 558 4154 699 4243; x_wconf 90' lang='lat' dir='ltr'><strong>plerique</strong></span> <span class='ocrx_word' id='word_1_250' title='bbox 728 4157 890 4238; x_wconf 79' lang='grc' dir='ltr'>ἀμφιπρῖχη</span> <span class='ocrx_word' id='word_1_251' title='bbox 920 4154 969 4218; x_wconf 89' lang='lat' dir='ltr'><strong>vel</strong></span> <span class='ocrx_word' id='word_1_252' title='bbox 999 4156 1167 4238; x_wconf 83' lang='grc' dir='ltr'>ἀμφιπρυχῆ</span> <span class='ocrx_word' id='word_1_253' title='bbox 1192 4155 1254 4233; x_wconf 89' lang='lat' dir='ltr'><strong>vel,</strong></span> 
     </span>
     <span class='ocr_line' id='line_1_39' title="bbox 148 4253 1255 4345; baseline 0.003 -27"><span class='ocrx_word' id='word_1_254' title='bbox 148 4253 236 4341; x_wconf 92' lang='lat' dir='ltr'><strong>quod</strong></span> <span class='ocrx_word' id='word_1_255' title='bbox 252 4270 299 4319; x_wconf 91' lang='lat' dir='ltr'><strong>est</strong></span> <span class='ocrx_word' id='word_1_256' title='bbox 314 4253 346 4318; x_wconf 90' lang='lat' dir='ltr'><strong>in</strong></span> <span class='ocrx_word' id='word_1_257' title='bbox 362 4254 441 4320; x_wconf 84' lang='lat' dir='ltr'><strong>Ald.</strong></span> <span class='ocrx_word' id='word_1_258' title='bbox 457 4259 635 4341; x_wconf 81' lang='grc' dir='ltr'>ἀμφιτρύχη.</span> <span class='ocrx_word' id='word_1_259' title='bbox 668 4259 836 4341; x_wconf 84' lang='grc' dir='ltr'>ἀμφιπρυχῆ</span> <span class='ocrx_word' id='word_1_260' title='bbox 858 4256 1001 4345; x_wconf 86' lang='lat' dir='ltr'><strong>legerunt</strong></span> <span class='ocrx_word' id='word_1_261' title='bbox 1021 4256 1202 4344; x_wconf 84' lang='lat' dir='ltr'><strong>Hesychius</strong></span> <span class='ocrx_word' id='word_1_262' title='bbox 1223 4271 1255 4321; x_wconf 85' lang='lat' dir='ltr'><strong>et</strong></span> 
     </span>
     <span class='ocr_line' id='line_1_40' title="bbox 148 4356 1256 4447; baseline 0.001 -26"><span class='ocrx_word' id='word_1_263' title='bbox 148 4356 372 4445; x_wconf 86' lang='lat' dir='ltr'><strong>grammaticus</strong></span> <span class='ocrx_word' id='word_1_264' title='bbox 394 4356 529 4423; x_wconf 90' lang='lat' dir='ltr'><strong>Bekkeri</strong></span> <span class='ocrx_word' id='word_1_265' title='bbox 547 4359 668 4424; x_wconf 89' lang='lat' dir='ltr'><strong>Anecd.</strong></span> <span class='ocrx_word' id='word_1_266' title='bbox 685 4382 718 4446; x_wconf 93' lang='lat' dir='ltr'><strong>p.</strong></span> <span class='ocrx_word' id='word_1_267' title='bbox 733 4360 807 4447; x_wconf 84' lang='lat'><strong>389.</strong></span> <span class='ocrx_word' id='word_1_268' title='bbox 823 4358 879 4446; x_wconf 91' lang='lat' dir='ltr'><strong>qui</strong></span> <span class='ocrx_word' id='word_1_269' title='bbox 901 4382 958 4446; x_wconf 87' lang='lat' dir='ltr'><strong>per</strong></span> <span class='ocrx_word' id='word_1_270' title='bbox 976 4360 1182 4441; x_wconf 81' lang='grc' dir='ltr'>κατερρωγθπα</span> <span class='ocrx_word' id='word_1_271' title='bbox 1202 4381 1256 4423; x_wconf 88' lang='lat' dir='ltr'><strong>ex-</strong></span> 
     </span>
     <span class='ocr_line' id='line_1_41' title="bbox 149 4458 278 4547; baseline 0.016 -24"><span class='ocrx_word' id='word_1_272' title='bbox 149 4458 278 4547; x_wconf 91' lang='lat' dir='ltr'><strong>plicant.</strong></span> 
     </span>
    </p>
   </div>
   <div class='ocr_carea' id='block_1_8' title="bbox 0 0 1436 4914">
    <p class='ocr_par' dir='ltr' id='par_1_15' title="bbox 0 0 1436 4914">
     <span class='ocr_line' id='line_1_42' title="bbox 0 0 1436 4914; baseline 0 0"><span class='ocrx_word' id='word_1_273' title='bbox 0 0 1436 4914; x_wconf 95' lang='lat' dir='ltr'><strong> </strong></span> 
     </span>
    </p>
   </div>
  </div>
 </body>
</html>
