2864 4914
196 271 273 336 xxvi
665 273 822 337 INDEX
886 295 889 301 ·

196 442 322 513 tiorem
350 441 499 513 Porson.
539 443 595 514 De
616 467 657 514 eo
678 444 789 539 King.
808 446 853 514 ad
877 442 1005 513 Phoen.
1029 460 1108 536 175.
1135 441 1296 512 ‘Mirum

196 581 281 628 sane
298 567 362 641 est,
380 559 509 650 inquit,
527 560 681 630 codicem
700 561 801 631 illum
821 569 894 631 tam
912 570 1034 630 exacte
1060 581 1199 649 semper
1215 581 1297 628 cum

196 673 340 745 scholiis
358 675 555 758 convenire,
572 675 642 745 nisi
669 676 730 745 illo
747 676 825 766 ipso
841 699 927 746 usus
950 675 1067 749 fuerit,
1081 674 1298 756 scholiastes,

98 856 106 887 x
197 793 251 860 vel
276 793 401 860 saltem
420 793 626 882 exemplari,
644 816 665 863 a
687 815 759 884 quo
776 792 1010 881 transcriptus
1028 799 1102 860 est:
1128 792 1223 881 quod
1242 813 1299 859 ve·

197 904 382 976 risimilius
400 905 563 977 videtur.’
616 907 744 979 Verius
771 906 917 977 Scidler.
935 908 978 974 de
996 928 1085 974 vers.
1102 907 1240 975 dochm.
1262 928 1297 996 p.

200 1039 282 1115 297.
299 1045 350 1113 sq.
368 1024 492 1093 multis
513 1024 733 1119 argumentis
757 1047 794 1093 se
812 1024 1034 1112 exploratum
1053 1021 1182 1091 habere
1199 1020 1298 1104 dicit,

197 1136 351 1207 codicem
373 1138 474 1208 illum
494 1141 539 1209 ad
565 1140 803 1210 recensionem
831 1138 968 1208 metrici
987 1138 1172 1231 cujusdam
1198 1137 1300 1206 scho-

197 1253 312 1325 liastae
331 1265 516 1326 exaratum
531 1280 617 1339 esse,
631 1267 672 1326 ut
690 1258 784 1347 apud
799 1278 836 1325 se
852 1255 995 1345 quidem
1014 1253 1209 1347 perexigua
1221 1253 1298 1344 ejus

197 1369 246 1439 sit
262 1370 486 1440 auctoritas.”
513 1372 715 1441 MATTH.

247 1502 307 1578 45.
335 1496 354 1524 “
371 1486 415 1556 L.
442 1485 512 1555 Ms,
529 1487 738 1582 Ayscougb.
756 1504 866 1581 4951.
884 1488 923 1555 in
943 1485 1071 1555 Museo
1090 1483 1299 1554 Britannico

197 1624 254 1692 ap.
280 1601 427 1671 Porson.
471 1601 562 1672 Tres
591 1603 727 1693 priores
757 1603 896 1673 fabulas
925 1600 1105 1672 continere
1135 1598 1297 1681 videtur;

197 1738 281 1785 nam
307 1717 352 1785 ad
376 1715 503 1787 Phoen.
521 1718 640 1798 etiam,
658 1743 690 1788 v.
707 1742 736 1788 c.
752 1743 810 1813 30.
829 1741 889 1812 91.
908 1739 966 1811 92.
984 1724 1049 1786 etc.
1076 1716 1120 1784 ad
1147 1713 1190 1782 L.
1208 1713 1298 1782 Cod.

197 1840 366 1922 provocat
384 1831 554 1902 Porson.'’
581 1833 784 1904 MATTH.

248 1946 308 2036 46.
326 1966 386 2041 47.
405 1957 426 1987 ‘⁴
441 1945 547 2018 Leid.
565 1951 612 2019 A.
629 1950 672 2018 Β.
691 1950 836 2020 Codices
854 1951 925 2019 duo
942 1947 1143 2027 Leidenses‚
1160 1948 1204 2017 de
1221 1946 1301 2038 qui-

199 2064 265 2134 bus
291 2065 361 2134 vid.
381 2064 551 2135 Valcken.
580 2065 684 2135 Praef.
705 2066 830 2135 Phoen.
856 2088 891 2156 p.
909 2065 979 2135 IX.
1022 2065 1185 2147 Quatuor
1211 2063 1301 2133 vidit

198 2178 255 2250 Jo.
273 2180 432 2274 Lenting
449 2179 534 2268 (vid.
551 2182 628 2274 ejus
645 2182 745 2271 praef.
766 2181 861 2251 Med.
885 2204 920 2271 p.
935 2180 1022 2251 VII.
1040 2185 1128 2271 not.)
1146 2203 1299 2272 quorum

200 2303 271 2366 tres
299 2295 497 2377 Hecubam,
515 2297 679 2379 Oresten,
707 2298 912 2368 Phoenissae
938 2298 1133 2379 continent,
1150 2306 1300 2389 quartus

199 2421 341 2482 tantum
359 2414 448 2482 duas
466 2413 633 2502 priores.'’
659 2414 862 2483 MATTH.

249 2527 409 2618 48-51.
445 2528 679 2620 Mosquenses
714 2540 896 2621 quattuor,
930 2552 1083 2621 quorum
1116 2552 1141 2599 a
1176 2529 1299 2620 (seculi

205 2646 274 2734 15.)
305 2641 491 2713 Hecubam
519 2655 555 2714 et
577 2646 752 2728 Orestem,
774 2643 796 2715 b
825 2647 949 2737 (seculi
976 2651 1046 2740 17.)
1067 2655 1102 2716 et
1130 2667 1150 2715 c
1177 2645 1301 2732 (seculi

206 2757 274 2849 16.)
305 2758 503 2842 Hecubam,
531 2756 560 2827 d
587 2760 709 2847 (seculi
743 2768 809 2854 15.)
842 2762 1039 2846 Hecubam,
1071 2762 1233 2833 Orestem
1265 2770 1301 2830 et

201 2872 407 2943 Phoenissas
423 2876 681 2966 complectitur.

253 3008 312 3082 51.
331 3007 390 3083 53.
413 2987 507 3060 Por.
527 2995 562 3072 β.
582 3016 636 3061 nr.
657 3013 765 3087 1714.
785 2995 823 3064 in
842 2994 1042 3089 Musgravii
1060 2993 1300 3064 annotationi-

199 3105 267 3176 bus
296 3106 342 3173 ad
375 3105 565 3176 Herculem
599 3108 778 3180 furentem
812 3121 847 3180 et
882 3111 1076 3182 Electram.
1129 3113 1229 3182 ldem
1263 3111 1301 3180 in

200 3221 347 3293 Electra
368 3222 556 3313 aliquoties
581 3236 756 3295 memorat
772 3227 925 3297 codicem
948 3256 982 3319 9,
999 3230 1042 3298 de
1059 3252 1131 3319 quo
1148 3228 1201 3297 ita
1217 3227 1303 3297 scri-

200 3338 254 3409 bit
271 3337 432 3408 “Alium
450 3362 557 3430 porro
574 3339 729 3412 Electrae
748 3343 894 3413 MStum
912 3344 1058 3425 contuli,
1076 3345 1138 3414 sed
1159 3345 1303 3413 mendo-

200 3454 381 3525 sissimum
399 3465 434 3525 et
452 3479 558 3547 quem
575 3457 621 3526 ab
638 3458 782 3528 homine
798 3457 1012 3555 ἅναλφαβῆτῳ
1035 3461 1109 3529 fere
1126 3459 1303 3549 conscrip-

200 3580 277 3641 tum
296 3572 460 3640 diceres.’'

251 3704 310 3779 54.
337 3693 358 3725 “
372 3682 467 3755 Por.
489 3682 540 3769 G,
559 3688 661 3778 cujus
679 3687 845 3759 lectiones
862 3692 1035 3781 quasdam
1051 3690 1097 3760 ad
1116 3688 1301 3759 Hecubam

200 3801 357 3872 enotavit
387 3805 522 3873 amicus
549 3807 680 3872 meus.’'
702 3803 916 3876 PORSON.
956 3804 1160 3876 Parisinum
1193 3805 1302 3892 2648.

203 3917 363 3988 Hecubae
404 3919 559 4010 inspexit
596 3919 781 4004 Faehsius,
816 3924 918 4014 cujus
951 3920 1031 3990 vide
1066 3919 1233 4014 Syllogen
1268 3943 1303 4010 p.

203 4051 286 4128 177.

252 4168 310 4242 55.
333 4150 439 4219 Alius
465 4151 576 4220 codex
603 4151 826 4223 bibliothecae
852 4151 961 4244 regiae
988 4150 1103 4222 Paris.
1123 4151 1304 4242 bombyci-

200 4287 269 4335 nus
286 4287 340 4335 nr.
360 4283 467 4358 1794.
494 4264 595 4336 Inest
612 4268 853 4362 fragmentum
873 4267 1012 4339 Orestis
1029 4268 1125 4339 foliis
1147 4291 1202 4361 13.
1221 4290 1303 4337 con-
