2864 4914
452 306 520 368 AD
542 304 940 370 ANDROMACHAM.
1182 304 1247 372 878

145 474 214 559 ejus
228 477 361 556 πρόσθεν
375 476 498 540 όνασσα
508 499 538 538 v.
550 478 571 539 6
570 492 603 562 5.
618 475 686 540 haeo
697 476 898 541 videturesse
910 476 1024 540 Graeca
1033 489 1066 539 et
1076 497 1148 539 vero
1159 476 1244 540 Her-

147 576 265 639 miones
278 579 409 659 Τροφός,
426 594 460 642 ut
475 593 637 665 apparete
652 578 755 643 verbis
769 580 792 642 d
806 585 863 643 παῖ
875 602 903 643 v.
919 579 993 644 828.
1009 577 1115 644 τέκνον
1131 600 1158 641 v.
1172 579 1245 664 833.

145 693 177 741 et
198 678 221 742 ὦ
240 681 331 761 φίλος
345 705 373 742 v.
391 681 463 762 844.
484 704 549 767 quo
572 680 724 745 vocabulo
746 680 920 745 Hermione
941 702 1008 744 eam
1027 679 1174 767 appellat,
1190 680 1245 746 vix

146 780 189 844 sic
214 782 411 869 appellatura
434 784 606 870 Trojanam
633 782 804 846 mulierem.
851 783 967 868 Itaque
992 781 1023 845 in
1051 781 1099 846 his
1123 782 1189 848 Gu.
1214 797 1247 848 et

149 885 257 947 Havn.
278 901 402 949 secutus
424 909 504 949 sum.
523 885 625 966 Ἀλλη
644 884 820 967 Θερόπαινα
840 883 963 949 addidit
982 883 1121 948 Brunck.
1144 883 1247 950 nescio

148 983 244 1064 unde,
260 1009 317 1050 neo
331 1010 395 1074 qua
410 987 451 1051 de
465 989 587 1052 cousa.”

192 1089 264 1154 802.
283 1091 376 1176 κακῷ]
394 1095 489 1153 κακῶν
505 1091 550 1153 Η.
567 1095 659 1157 κακῶς
674 1090 748 1153 Par.
765 1089 805 1152 Ε.
823 1087 908 1152 Flor.
926 1107 955 1154 2.
972 1090 1072 1154 Ταντ.
1089 1089 1155 1154 Gn.

192 1191 265 1254 808.
287 1192 327 1271 μὴ
346 1191 402 1255 ’ντὶ
419 1194 464 1255 Η.
482 1193 574 1255 Lasc.
621 1191 686 1254 Alii
699 1191 787 1270 μῆντι
802 1189 849 1254 vel
863 1190 904 1270 μὴ
919 1192 996 1255 ἀντί.
1041 1188 1246 1255 scribendum

147 1294 246 1371 μὰντὶ,
263 1307 298 1356 ut
313 1295 418 1373 μόλλλ
432 1294 587 1357 scribitur.
1073 1339 1078 1350 ·

193 1397 265 1458 810.
286 1397 441 1480 κτείνασα]
460 1398 532 1460 Hoc
547 1419 607 1459 non
623 1396 769 1460 occidione
784 1393 836 1459 sed
852 1396 989 1459 occidere
1003 1396 1139 1461 νολιόσσσ
1152 1393 1245 1483 signi·

149 1496 229 1560 fient.
254 1501 410 1563 κτείνουσα
425 1501 499 1564 Par.
513 1502 556 1564 A.
574 1499 660 1563 Flor.
677 1500 769 1563 AH.
786 1500 888 1563 Taur.
905 1501 972 1564 Gu.
990 1498 1068 1563 Ald.

192 1603 268 1683 χρῆν
283 1598 461 1665 Elmsleiut.
506 1601 597 1666 Libri
610 1602 678 1685 χρή.

195 1701 267 1765 812.
289 1705 421 1784 φύλακες
442 1705 547 1788 δμῶες]
574 1709 667 1784 δμῶες
688 1705 822 1786 φύλακες
845 1704 917 1768 Pur.
941 1705 982 1768 E.
1004 1703 1090 1768 Flor.
1106 1720 1155 1789 15.
1172 1707 1206 1787 (2
1216 1704 1247 1786 i)

194 1908 268 1989 819.
293 1906 526 1993 εὐπειθέστεροι]
543 1907 750 1991 εὐηνχέστεροι
768 1906 888 1994 aliquot
905 1906 1008 1985 codd„
1024 1907 1078 1972 sed
1093 1908 1249 1995 adscripto

149 2008 181 2071 in
197 2008 323 2072 duobus
337 2007 379 2095 gl.
391 2015 509 2089 μᾶλλον
523 2017 626 2075 πεῖσαι
641 2011 808 2099 δυνάμενοι.
832 2010 1034 2092 εὖπιθέστεραι
1045 2011 1249 2077 Blomlieldus

150 2110 190 2172 ad
210 2109 318 2173 AEsch.
335 2112 441 2174 Prom.
457 2131 532 2196 341.

195 2213 267 2277 822.
282 2214 403 2298 δείξειν]
421 2219 512 2293 δεῖξαι
528 2216 601 2278 Par.
617 2215 654 2277 B.
672 2213 757 2277 Flor.
775 2216 817 2278 A.
832 2233 881 2277 10.
900 2233 908 2275 t
913 2233 945 2297 5.

195 2315 309 2400 στένει]
328 2316 416 2379 Libri
432 2316 574 2381 nonnulli
589 2316 700 2380 σθένει.

196 2417 269 2480 826.
286 2417 491 2481 scribendum
508 2441 571 2484 uno
586 2442 676 2482 versu

281 2518 445 2601 σπάραγμα
459 2525 550 2602 κόμας
563 2524 681 2605 ὀνύχων
694 2547 728 2585 τε
742 2519 798 2585 θόῗ
814 2522 971 2603 ἄμόγματα
986 2520 1122 2602 θήσομαι.

150 2635 183 2684 et
197 2643 271 2685 mox
286 2621 398 2685 iterum
415 2623 488 2708 830.

280 2721 338 2805 ἔρρ’
354 2725 485 2806 αἰθέριον
499 2724 661 2806 πλοκάμων
676 2727 753 2805 ἔμόν
768 2725 836 2798 dno,
853 2727 1033 2806 λετπόμιπον
1047 2725 1152 2808 φόρος.

152 2825 306 2912 Ejusdem
321 2827 410 2891 metri
426 2826 571 2915 exempla
584 2842 658 2892 sunt
674 2830 729 2892 Or.
745 2829 837 2912 1256.

282 2929 402 2996 σταθεὶς
417 2931 465 2993 ἐπὶ
480 2930 600 3012 φοίνιον
614 2932 686 3011 αξμα
699 2929 817 3010 πήματα
831 2929 965 3009 πήμασιν
978 2932 1090 3017 ἐξεύρῃ.

152 3048 182 3095 et
204 3032 236 3094 in
259 3031 490 3114 antistr.1276.
514 3032 633 3097 Tmad.
658 3034 837 3115 257=267.
862 3033 960 3096 Herc.
983 3033 1249 3119 s.1029=1032.

154 3134 287 3197 Videtur
301 3150 405 3198 autem
422 3135 465 3197 sic
480 3157 544 3198 esse
559 3133 752 3198 metiendum

368 3232 990 3321 υ-υυ-υυ-υΙᾸυνΙ-ύυέῦ·

155 3338 267 3402 Minus
280 3352 363 3402 recte
379 3336 535 3401 Seidlerus
547 3335 588 3400 de
602 3359 680 3401 vers.
696 3335 818 3401 dochm.
835 3359 868 3424 p.
885 3357 953 3420 149.
977 3337 1049 3399 Non
1065 3359 1131 3400 esse
1144 3350 1249 3401 autem

154 3441 212 3506 hos
233 3463 378 3505 numeros
399 3440 432 3503 in
454 3439 519 3503 duo
540 3462 647 3503 versus
672 3438 855 3503 dividendos
877 3462 915 3504 ex
940 3438 998 3503 hoo
1019 3438 1252 3504 Andromache

154 3569 245 3610 vernn
269 3543 455 3630 intelligitur
472 3543 546 3607 826.
570 3540 624 3605 ubi
646 3541 821 3617 dochinus,
843 3565 908 3628 quo
929 3539 981 3606 ille
1003 3541 1196 3619 terminatur,
1219 3541 1251 3605 in

154 3647 257 3712 medio
271 3644 422 3710 votnbulo
436 3644 555 3731 incipit.

198 3751 270 3812 828.
286 3759 371 3830 τροφ.
388 3748 552 3834 praelixum
568 3746 599 3810 ln
617 3749 689 3812 Par.
706 3749 749 3811 A.
764 3752 825 3827 θερ.
840 3744 872 3809 ln
890 3748 935 3811 Η.
952 3747 1043 3809 Late.
1059 3771 1108 3830 χο.
1122 3745 1154 3809 ln
1171 3745 1250 3809 Ald.

199 3852 271 3935 830.
295 3849 352 3932 ἔρρ’
370 3849 512 3932 αἰθέριον]
535 3848 670 3912 Photius
693 3849 773 3911 Lex.
797 3848 904 3928 ἔρρων,
929 3850 971 3914 εἰς
993 3846 1119 3929 φθοράν.
1167 3847 1252 3929 Εὐρι-

154 3956 248 4032 πίδης.
264 3952 316 4016 ubi
333 3951 392 4037 leg.
408 3951 467 4033 ἔρρ’
484 3950 624 4031 αἰθέριον,
642 3952 684 4015 εἶς
695 3953 750 4029 φθ.
769 3948 961 4012 ΜΑΤΤΗ.

200 4057 273 4139 833.
288 4069 319 4117 et
335 4055 409 4137 837.
424 4061 511 4134 τροφ.
527 4053 691 4138 praelixum
707 4050 738 4113 in
755 4053 828 4114 Pnr.
847 4051 930 4114 AB.
977 4049 1083 4136 Vulgo
1096 4056 1140 4114 θε.

198 4155 356 4238 σόνδησαι]
376 4156 527 4234 σόνδησαν
543 4155 617 4218 Par.
633 4154 675 4216 A.

197 4259 337 4341 πέπλοις]
355 4255 488 4322 πέπλους
502 4254 587 4318 Flor.
606 4257 649 4318 A.
665 4270 713 4318 ιο.

198 4365 272 4446 834.
288 4363 359 4425 τέ-
378 4357 383 4445 Ι
403 4363 523 4437 δῆλα-
541 4356 547 4443 Ι
566 4359 831 4438 ἄκρισττα-πόσιν
846 4357 924 4421 Ald.

198 4469 245 4529 δεῖ
255 4485 315 4526 om.
334 4463 405 4525 Par.
422 4461 461 4525 B.
480 4459 565 4524 Flor.
581 4461 626 4524 A.
644 4477 693 4524 10.
711 4480 720 4522 ι
726 4479 758 4542 5.

659 4583 676 4624 Β
692 4559 713 4623 b
727 4580 747 4646 3
