2864 4914
200 293 262 355 100
556 289 935 355 ANNOTATIONES

197 464 324 528 tentiam
347 461 430 528 conf.
447 461 543 550 Soph.
563 463 673 549 Antig.
691 479 765 548 715.
788 464 882 529 atras
904 464 937 525 δὲ
960 462 1031 528 ναὸς
1052 461 1136 527 ὅστις
1157 459 1301 542 ἐγκρατὴς

198 569 276 630 πόδα
298 570 396 633 τείνας
417 568 530 629 ὑπείκει
550 569 654 645 μηδὲν,
670 568 783 632 ὑπτίοις
803 564 881 628 πότοι
895 565 1032 647 στρέψας
1049 566 1084 627 τὸ
1099 563 1208 627 λοιπὸν
1222 562 1298 625 σέλ-

198 695 292 749 μασιν
308 670 509 732 ναυτίλλεται.
532 666 601 730 ἀλλ’
618 667 679 731 εἶκε
693 671 786 747 θυμοῦ
800 695 826 731 ιι.
844 693 870 731 τ.
885 676 915 730 λ.
942 666 1133 729 ΜΑΤΤΗ.

243 772 316 854 716.
336 772 413 834 Post
428 770 513 834 hunc
528 792 650 832 versum
666 793 705 834 ex
721 792 811 833 scena
825 769 892 833 abit
908 768 1082 832 Menelaus

243 893 318 959 723.
335 875 407 958 ὅπη]
426 876 494 937 ὅποι
510 875 556 935 Η.
572 872 687 958 aliique
701 894 762 936 nun
779 872 889 961 pauci:
913 871 1000 958 quod
1015 868 1239 958 recipiendum.

246 993 320 1059 724.
337 977 495 1060 σωτηρίας]
512 981 563 1055 τῆς
577 981 732 1058 συμφορᾶς
744 976 935 1063 adscriptum
949 975 980 1039 in
993 975 1119 1039 duobus
1131 971 1303 1048 codicibus,

198 1103 236 1145 ex
252 1081 432 1167 conjectura
447 1079 572 1142 librarii.

244 1201 317 1265 729.
341 1181 376 1245 δι’
392 1184 506 1250 ἄστεος
522 1184 568 1245 H.
602 1185 640 1246 δι’
655 1184 764 1250 ἄστεος
777 1182 868 1246 codd.
885 1181 979 1246 ceteri
994 1196 1025 1245 et
1044 1178 1208 1242 Maximus
1231 1174 1302 1239 Pla-

200 1284 300 1349 nudes
325 1284 357 1348 in
383 1285 480 1349 schol.
505 1286 715 1372 Hermogenis
737 1286 797 1349 rol.
818 1306 849 1371 5.
877 1309 909 1370 p.
931 1303 1006 1369 525.
1028 1282 1077 1347 ed.
1099 1279 1205 1343 Walz.
1243 1279 1303 1359 πρὸ

200 1389 308 1455 ἇστεος
323 1386 400 1451 Ald.

245 1509 317 1575 731.
342 1491 532 1578 κτενοῦντας]
556 1490 708 1554 Refertur
722 1490 762 1555 ad
778 1494 944 1573 σύλλογον,
960 1511 1072 1554 nomen
1092 1485 1300 1553 collectivum.

202 1592 296 1671 Quod
312 1614 410 1678 quum
428 1615 489 1655 non
505 1592 702 1658 intellexisset
719 1594 889 1673 Planudes
902 1593 1005 1679 posuit
1016 1597 1189 1660 θανοῦντας,
1205 1587 1302 1673 idque

201 1694 314 1759 soloece
328 1717 386 1781 pm
400 1695 608 1774 θανουμίνονς.

248 1812 322 1882 735.
345 1798 617 1879 ξογκατασκάπτοις
638 1799 676 1862 ἂν
693 1799 781 1884 ἡμᾶς]
808 1799 955 1864 Similiter
971 1796 1142 1885 Lyoophro
1157 1812 1229 1859 222.
1244 1797 1304 1855 τᾶν

203 1901 393 1979 αιἰθομοίμον
407 1902 676 1981 συγκατασκάπτην
689 1901 780 1966 dixit.
806 1904 997 1966 MATTH.

247 2004 321 2087 736.
343 2005 374 2070 ἔς
392 2003 444 2086 με]
472 2002 523 2066 Sic
545 2003 698 2091 scriptura
713 2003 833 2069 Aldina
848 2006 891 2071 είς
906 2006 957 2085 ἐμὲ
972 2017 1111 2068 correcta
1124 2016 1224 2066 estex
1246 1998 1303 2062 ali·

200 2122 279 2192 quot
293 2103 463 2182 codicibus,
479 2106 510 2169 in
525 2106 642 2193 quibus
657 2112 700 2174 είς
712 2134 750 2189 με
764 2107 924 2195 scriptum.
948 2106 1043 2172 Conf.
1059 2129 1088 2168 v.
1103 2125 1177 2190 394

248 2224 320 2293 737.
344 2207 529 2272 Notandum
556 2213 675 2277 εἰκότος
698 2234 756 2299 pro
779 2214 897 2279 εἰκότος
922 2212 987 2294 ἔχει
1012 2210 1062 2273 vel
1085 2208 1162 2275 εἰκὸς
1183 2205 1303 2270 dictum

204 2310 338 2397 ideoque
352 2333 423 2374 cum
438 2310 593 2376 infinitivo
607 2314 822 2399 conjunctum.

249 2416 321 2499 738.
346 2415 473 2478 Horum
496 2415 663 2479 verborum
685 2438 809 2481 sensum
833 2432 916 2481 recte
938 2415 1106 2480 declaravit
1129 2412 1305 2489 scholiasta,

205 2520 297 2586 οὕτως
311 2518 377 2597 ἐμοὶ
390 2519 582 2602 προσηνέχθη
597 2520 636 2586 ὥς
647 2520 689 2600 μὴ
703 2521 956 2602 παραγενόμενος,
971 2518 991 2581 i.
1004 2542 1031 2582 e.
1045 2518 1129 2580 nihil
1141 2538 1211 2602 ςριισ
1218 2537 1306 2603 prae-

202 2622 305 2684 centio
320 2619 397 2682 milti
409 2620 548 2706 proficit.

249 2724 323 2804 746.
339 2723 426 2806 ἰδεῖν]
445 2723 575 2786 Dictum
591 2744 650 2810 pro
666 2723 780 2788 usitato
795 2729 945 2805 περιιδεῖν.

248 2842 322 2906 747.
345 2827 415 2888 τόδε
434 2829 492 2907 γὰρ
515 2827 560 2888 Η.
583 2824 699 2912 aliique
718 2827 860 2890 nonnulli
880 2849 952 2891 cum
977 2826 1053 2890 Ald.
1076 2825 1147 2890 τόδε
1168 2827 1227 2907 γὰρ
1240 2822 1308 2887 duo

205 2926 337 2992 codices.
374 2926 560 3005 Quindecim
577 2928 738 2992 minimum
753 2929 806 2992 alii
825 2933 913 2994 τοῦτό
934 2929 973 3013 γ’,
989 2929 1087 3015 idque
1107 2929 1238 2992 fortasse
1253 2937 1306 2990 σε’-

205 3053 289 3107 rum,
305 3029 363 3093 nisi
378 3034 464 3094 τοῦτο
479 3053 519 3095 ex
533 3053 562 3092 υ.
578 3048 652 3114 749.
669 3044 831 3118 sumptum
846 3047 901 3096 est.

251 3133 323 3215 748.
347 3131 516 3217 ηὖλαβεθθ]
543 3133 675 3198 Codices
698 3132 748 3197 rel
774 3134 925 3215 εὐλαβεῖθ’
949 3133 996 3199 rel
1019 3158 1090 3199 cum
1115 3133 1191 3198 Ald.
1216 3133 1308 3196 εθλα·

206 3236 317 3315 βεῖσθ.

252 3359 326 3424 749.
343 3341 388 3424 lc]
407 3343 449 3408 είς
463 3356 581 3427 septem
595 3339 700 3420 codd„
715 3364 777 3405 non
794 3340 871 3405 Ald.

253 3461 270 3524 7
273 3460 326 3526 5ο.
343 3444 472 3522 σπείρων
486 3442 592 3507 decem
607 3443 737 3507 codices
761 3447 884 3524 σπείρας
898 3442 975 3507 Ald.

254 3546 326 3628 756.
343 3543 416 3624 ἄμφ’
431 3545 553 3608 codices
567 3569 689 3610 norem.
714 3546 766 3628 ὰφ’
783 3545 860 3609 Ald.
893 3544 956 3608 καθ
973 3547 1017 3608 Η.
1034 3543 1149 3631 aliique
1166 3543 1310 3626 (fortasse

208 3671 247 3710 ex
263 3671 292 3709 v.
307 3647 413 3727 440.).

254 3767 327 3835 757.
342 3753 441 3832 χρῆμα
458 3751 494 3813 Β.
510 3750 625 3837 aliique
639 3750 775 3837 plurimi.
798 3755 918 3831 πρᾶγμα
934 3750 1010 3814 Ald.

253 3870 325 3936 759.
342 3852 438 3932 φεῦγέ
453 3878 506 3915 ννν
520 3852 610 3916 oodd.
627 3852 779 3917 nonnulli.
813 3858 909 3934 φτίγε
924 3858 976 3916 νῦν
991 3852 1068 3915 Ald.

254 3959 326 4038 760.
347 3958 589 4036 φυλασσόμεσθα
611 3958 779 4037 φρουρίοισι
805 3961 942 4038 πανταχῆ
965 3955 1056 4018 codd.
1080 3955 1217 4042 plurimi.
1252 3968 1310 4039 φο-

208 4060 409 4136 λασσόμεσθα
439 4059 589 4138 φρουρίοις
614 4061 789 4140 ἁπανταχοῦ
816 4058 852 4120 Β.
890 4060 1041 4138 φρουρίοις
1067 4062 1312 4140 φυλασσόμεσθα

208 4164 363 4242 πανταχοῦ
378 4158 453 4222 Ald.

254 4264 326 4343 761.
342 4263 456 4327 ἄστεως
469 4259 561 4324 codd.
576 4261 676 4324 inulti.
717 4262 780 4325 Alii
795 4284 865 4325 enni
884 4261 960 4325 Ald.
977 4265 1094 4330 ἄστεος.

254 4364 482 4451 πεφραγμένας]
494 4363 699 4428 Scribeudum
712 4364 817 4449 potim
827 4366 1048 4447 πεφοργμὲιας.
1075 4365 1126 4428 De
1134 4387 1198 4451 qua
1209 4365 1312 4428 fornia

210 4466 274 4528 (lixi
291 4467 330 4530 ad
349 4467 510 4553 Sophoclis
526 4467 637 4552 Autig.
654 4485 726 4552 235.
