2864 4914
155 253 221 323 css
336 329 339 332 ,
515 246 898 329 111011110111

203 440 297 506 1277.
313 427 365 485 τοῦ
381 425 436 486 σοῦ
452 420 620 485 Heathius.
644 445 700 485 σον
715 418 795 485 libri.

205 541 296 610 1279.
312 528 404 605 μῆτερ
417 522 525 609 μῆτερ]
540 527 632 604 μῆτερ
646 527 737 603 μᾶτερ
750 520 834 591 Flor.
851 539 879 582 1.
893 537 922 585 2.
949 515 1157 582 Scribendum
1174 519 1277 595 μᾶτερ

182 632 233 692 ’τε
254 675 261 691 .

157 654 309 794 ματοῦτὸν
324 728 493 791 Porsonus.
515 726 604 790 ταντά
619 729 677 809 γὰρ
692 724 773 791 libri.
796 725 868 789 Non
885 721 965 786 male
980 720 1141 786 Dobraeus
1154 718 1278 789 ταυτὸν

158 833 217 925 yde
231 830 277 910 δὴ,
294 828 398 893 deleto
412 830 510 893 altero
524 833 625 912 μῆτερ.

206 932 428 1016 1283-1314,
450 931 502 994 De
522 930 640 994 ratione
662 927 789 993 metrica
803 926 900 1015 hujus
920 924 1073 1003 carminis,
1096 921 1149 989 cui
1164 922 1276 988 Euri·

158 1031 248 1121 pides
263 1031 403 1096 ultimum
421 1054 546 1096 manum
562 1030 735 1101 admovisse
750 1051 812 1093 non
828 1028 964 1108 videtur,
975 1027 1041 1093 dixi
1057 1026 1098 1093 ud
1113 1049 1145 1093 v.
1160 1026 1267 1091 1080.
1315 1012 1333 1030 ’

206 1134 297 1200 1286.
312 1135 435 1219 μητρὸς]
454 1133 660 1198 scribendum
675 1131 786 1214 ματρὸς
799 1153 872 1201 cum
888 1132 1084 1205 Hermanno.

205 1255 300 1322 1291·
316 1237 462 1321 ὤφειλεν]
479 1236 600 1318 ὤφελεν
616 1237 828 1303 Hermanuus.

206 1341 300 1424 1296.
315 1346 448 1422 χλωραῖς
462 1361 548 1402 error
564 1337 737 1425 typothetae
753 1358 811 1424 pro
824 1339 964 1420 χλωροῖς.

207 1458 299 1526 1299.
322 1441 416 1508 ἀνθεά
437 1438 463 1504 θ’
484 1462 522 1509 ex
544 1438 692 1513 Matthite
712 1437 848 1505 editione
869 1436 1026 1511 remansit.
1070 1436 1174 1508 Recte
1194 1434 1276 1500 libri

161 1544 266 1624 ἀνθεα,
281 1542 315 1608 id
329 1558 376 1609 est
392 1540 484 1608 ἄνθε’.

207 1646 430 1730 13αο-13οό.
459 1646 512 1711 Ex
539 1642 589 1706 his
612 1641 808 1729 potissimum
832 1640 946 1721 verbis,
966 1663 1039 1729 que
1061 1639 1275 1707 manifestum

160 1764 207 1821 est
228 1770 323 1834 quam
347 1767 458 1833 purum
481 1745 543 1811 sint
564 1743 733 1823 elaborata,
752 1742 937 1830 intelligitur
959 1765 1066 1808 verum
1089 1745 1277 1830 essequod

161 1871 257 1935 supra
270 1848 411 1915 dicebam
426 1847 466 1912 de
481 1845 616 1917 carmine
631 1845 691 1911 hcc
704 1869 724 1910 a
737 1858 830 1932 poeta
844 1867 906 1910 non
920 1843 1073 1913 absoluto.
1114 1845 1214 1911 Idem
1230 1846 1280 1913 de

161 1950 303 2014 renibus
317 1951 540 2034 1326-1329.
555 1946 676 2012 dictum
691 1947 761 2012 volo
776 1946 1049 2021 nimiaverbornm
1061 1945 1155 2034 copis
1164 1947 1280 2015 abun,

162 2050 333 2116 dantibus

208 2154 300 2238 1308.
318 2155 467 2218 καλλονᾶς
483 2149 642 2215 Matthiae.
681 2148 772 2214 Libri
786 2154 838 2216 τάς
852 2154 1011 2219 καλλονᾶε.

209 2275 302 2340 1310.
318 2254 388 2338 μὲν]
405 2255 466 2332 μὰν
480 2274 575 2339 supra
590 2250 739 2337 scriptum
755 2250 787 2326 in
803 2252 876 2315 Par.
892 2252 972 2316 lte.
987 2250 1072 2317 Flor.
1090 2269 1121 2325 2.

210 2378 302 2442 1311.
320 2354 423 2420 Verbo
445 2352 580 2435 πρόθυμά
595 2351 623 2415 σ’
642 2357 728 2436 (num
744 2351 787 2415 sic
805 2352 956 2440 scriptum
975 2353 1006 2417 in
1029 2352 1130 2435 libris)
1149 2354 1277 2435 ἔλαβεν

159 2459 300 2543 Ἀρτερις
320 2458 395 2540 πρὸς
411 2455 510 2534 Ἴλιον
528 2456 560 2531 in
581 2455 735 2520 senarium
750 2454 906 2543 descripto
920 2456 1018 2521 choro
1029 2454 1274 2522 tribuebantur.

164 2560 309 2626 Correxit
324 2557 494 2623 Elmsleius
508 2572 539 2622 et
553 2556 713 2640 npodv'ucr’
729 2557 875 2623 restituit.

209 2685 244 2748 13
256 2683 299 2748 ¹3·
322 2660 346 2735 ὦ
366 2666 459 2742 μᾶτερ
480 2658 504 2727 ὦ
524 2665 616 2742 μάτερ
641 2660 725 2724 Flor.
745 2681 771 2724 1.
789 2679 817 2725 2.
855 2659 959 2746 Vulgo
973 2657 999 2726 ὦ
1015 2664 1105 2741 μῆτερ
1122 2658 1275 2742 ὧμῆτερ.

164 2765 308 2838 Botlrius,
324 2763 428 2827 deleto
441 2762 539 2828 altero
553 2762 577 2826 ὦ
590 2768 692 2844 ρᾶτερ,
709 2785 807 2833 unum
828 2785 869 2835 ex
889 2761 1015 2829 duobus
1029 2761 1169 2829 versibus
1190 2761 1277 2831 tecit

163 2868 259 2945 hunc,
275 2864 299 2930 ὦ
313 2871 414 2946 μᾶτερ,
432 2866 546 2945 οἴχεται
560 2864 685 2944 προδοὺς
701 2864 820 2944 ἔρημον.

210 2987 299 3052 1321.
319 2964 376 3050 είς]
395 2963 601 3037 scribendum
618 2966 659 3030 le.

209 3089 299 3156 1321.
322 3071 345 3131 J
349 3091 431 3155 unge
445 3090 517 3131 cum
535 3066 674 3145 Heathio
690 3067 801 3133 ἐλάταν
814 3069 967 3148 πομπαίαν
982 3069 1024 3139 sis
1036 3067 1164 3148 Τροίαν,
1180 3066 1275 3132 abie-

164 3191 225 3236 tem
242 3196 314 3259 qnae
331 3172 461 3235 Graecos
475 3169 507 3233 in
524 3169 654 3255 Trojam
671 3168 849 3233 deduceret.

211 3295 302 3360 1323.
317 3272 397 3357 μήτ’]
416 3270 622 3336 Scribendum
637 3268 702 3351 μηδ’
719 3293 790 3334 cum
807 3272 1002 3335 Hermanno.

208 3376 378 3462 Sequentia
398 3372 568 3460 Tyrwhitt.
589 3372 632 3435 sic
653 3371 876 3436 constituebat:
904 3372 980 3452 Μήτ’
1006 3375 1129 3438 ἀνταίαν
1143 3374 1272 3463 Εὐρίπῳ

165 3484 291 3541 πνεῦσαι
314 3476 431 3540 πνοιάν.
476 3474 549 3541 Ζεὺς
573 3474 740 3552 μειλίσσων
760 3475 853 3554 αὔραν
876 3476 982 3542 ἀλλοις
1002 3473 1125 3540 'Antan
1146 3479 1272 3542 θνατῶν

163 3581 290 3659 λαίφεσι
318 3579 427 3660 χαίρει,
453 3580 541 3640 Τοῖσι
567 3577 599 3640 δὲ
625 3577 734 3648 λύπαν,
761 3582 841 3639 τοῖσι
865 3574 888 3640 δ’
915 3576 1049 3657 ἀνάγκαν
1072 3591 1130 3640 etc.
1176 3578 1269 3658 Non,

163 3694 252 3765 puto,
277 3678 387 3762 junxit
415 3675 479 3756 μήτ’
503 3676 624 3759 ὤφελεν
650 3674 693 3739 ἅδ’
721 3677 814 3744 Αὐλὶς
838 3681 965 3740 πνεῦσαι
993 3679 1118 3741 ἀνταίαν
1142 3682 1269 3760 πνοιόν,

163 3778 250 3866 quod
266 3778 317 3841 vix
333 3777 394 3842 dici
409 3791 522 3865 potest,
538 3777 593 3842 sed
609 3792 760 3842 mutatum
776 3801 841 3842 esse
859 3793 1049 3843 structuram
1063 3780 1184 3845 censuit
1197 3784 1268 3863 μήτ’

163 3883 283 3964 ὄφελεν
298 3880 423 3945 ἀνταίαν
437 3884 545 3946 πνοιλν
563 3885 701 3958 πνεῦσαι,
716 3903 788 3967 quae
809 3881 997 3946 constructio
1012 3905 1074 3945 non
1095 3882 1153 3946 nisi
1176 3886 1270 3970 apud

163 3983 291 4047 seriores
313 3982 479 4070 scriptores
500 3983 658 4047 invenitur
677 4005 735 4069 pro
749 3983 813 4063 μήτ’
830 3986 937 4049 ἀνταία
950 3989 1041 4049 πνοιά
1055 3986 1157 4067 ὤφελε
1171 3992 1268 4052 πνεῦ-

164 4112 225 4151 σαι.
273 4084 384 4176 Potius
398 4099 445 4148 est
458 4085 531 4165 μήτε
554 4087 628 4153 Ζεὺς
642 4087 755 4167 ὤφειλε
769 4091 905 4152 πνεῦσαι.
944 4088 1065 4167 πομπάν
1078 4110 1137 4174 pro
1152 4090 1270 4168 ἀνεμον

163 4211 228 4250 esse
250 4201 333 4251 recte
355 4200 460 4251 monet
484 4189 651 4273 Musgrnv.
674 4187 743 4254 coll.
768 4213 795 4252 v.
815 4209 890 4274 341.
936 4192 976 4254 In
999 4214 1068 4276 sqq.
1089 4190 1169 4264 dues
1191 4214 1269 4256 con-

163 4290 346 4354 structiones
368 4292 399 4355 in
423 4312 516 4354 unam
539 4290 687 4355 conflasse
709 4290 833 4355 videtur
855 4292 1036 4378 Euripides,
1053 4295 1126 4361 Zeis
1147 4295 1268 4373 μειλίσ-

162 4417 224 4457 σων
239 4394 332 4476 αὔραν
347 4396 453 4463 ἄλλοις
472 4399 588 4460 θνατῶν
605 4393 698 4478 [ὥστε
713 4393 828 4479 αὐτοὺς]
847 4397 973 4479 λαίφεσι
994 4397 1123 4479 χαίοειν,
1139 4411 1171 4459 et
1188 4397 1266 4464 Ζεὺς
