2864 4914
191 299 256 361 244
544 292 924 359 ANNOTATIONES

179 467 225 532 .id
241 480 299 545 est,
314 488 423 532 vereor
435 476 472 531 ut
488 467 708 554 persuadeam,
725 488 788 530 non
800 473 879 553 puto
897 485 946 527 me
961 482 1207 549 persuasurum.
1252 462 1294 525 In

193 569 303 636 ceteris
316 569 408 633 etiam
424 568 576 655 exemplis
590 569 685 633 verba
706 570 759 633 οὐκ
780 568 848 632 οἶδα
870 570 896 631 εί
918 565 1094 651 significant
1115 585 1225 629 versor
1244 573 1293 629 ut.

195 673 271 736 Hoc
294 694 415 747 moneo,
440 687 474 735 ut
498 670 658 735 ostendam
682 684 836 756 quantum
860 667 980 732 intersit
1002 667 1083 731 inter
1107 667 1220 731 Graeco
1240 668 1295 732 οὐκ

195 775 262 839 οἶδα
280 777 307 839 εί
325 789 357 839 et
376 774 491 838 Latina
505 775 608 838 stescio
625 795 679 836 an.
725 775 807 836 Haec
829 771 910 835 enim
927 770 1022 834 verba
1036 768 1122 856 apud
1145 769 1294 856 probatos

194 877 359 964 scriptores
380 875 555 940 affirmandi
576 899 699 941 sensum
725 876 851 940 habent.
898 874 1011 937 Graeca
1032 887 1140 936 contra
1158 888 1215 936 aut
1238 895 1293 936 ne-

194 994 282 1068 gent,
296 994 352 1044 aut
369 1002 435 1043 rem
456 979 487 1042 in
510 979 612 1043 medio
631 979 823 1066 relinquunt,
846 990 881 1040 ut
903 976 998 1062 hujus
1017 974 1135 1039 fabulae
1154 998 1185 1040 v.
1201 994 1254 1058 71.
1277 979 1294 1040 δ

193 1082 295 1163 pluro
308 1087 410 1163 μῦθος,
426 1085 452 1146 εί
466 1083 566 1165 σαφὴς
581 1085 632 1147 ὅδε
651 1081 656 1170 Ι
675 1083 727 1146 οὐκ
742 1081 818 1145 οἶδα.
843 1080 957 1143 ELM.

239 1201 314 1270 945.
340 1188 422 1265 εἴπερ
443 1189 589 1266 γυναικῶν
612 1187 677 1248 ἐστὶ
698 1186 757 1248 τῶν
781 1185 885 1247 ἄλλων
904 1184 967 1263 μία,
991 1181 1012 1246 i.
1027 1205 1055 1245 e.
1074 1184 1156 1263 είπερ
1175 1184 1294 1262 τοιαύτη

194 1289 261 1352 ἐστὶ
275 1288 350 1369 γυνὴ
362 1288 425 1352 οἶαί
438 1291 516 1351 είσιν
531 1291 562 1352 αἱ
576 1290 678 1361 ἄλλοι,
696 1302 731 1351 ut
746 1286 881 1373 explicat
897 1285 1065 1349 Heindorf.
1081 1285 1121 1348 nd
1138 1285 1219 1349 Plut.
1238 1286 1294 1349 So·

194 1388 289 1477 phist.
304 1414 335 1476 p.
353 1392 416 1453 260
431 1391 470 1454 B.
485 1413 557 1453 cum
575 1405 679 1453 nostro
694 1389 780 1453 illum
798 1387 899 1452 locum
915 1411 1115 1474 comparans:
1140 1387 1173 1451 τὸ
1188 1389 1294 1468 μὲνδὴ

193 1492 233 1574 μὴ
248 1491 284 1557 δν
298 1494 368 1573 ἡμῖν
384 1493 459 1558 ἕντι
473 1498 533 1557 τῶν
548 1495 651 1556 ἄλλων
666 1492 755 1574 γένος
769 1490 915 1572 ὰνεφόνη.
938 1492 1130 1555 ΜΑΤΤΗ.

239 1615 313 1681 949.
335 1596 465 1683 πλόκον]
493 1595 604 1676 στέφος
624 1594 709 1658 Flor.
734 1613 763 1661 υ.
789 1595 883 1660 Rom.
907 1596 945 1659 C.
968 1608 999 1658 et
1022 1593 1099 1657 Ald.
1138 1593 1231 1658 Conf.
1251 1592 1294 1657 od

194 1722 224 1763 v.
242 1702 315 1782 786.

240 1820 314 1887 953.
331 1804 430 1867 Hunc
444 1825 568 1867 versum
584 1803 615 1867 in
632 1803 771 1890 margine
786 1801 880 1868 habet
896 1804 935 1866 B.

237 1904 262 1966 τ’
278 1906 364 1970 ΑΒ.
381 1904 506 1992 aliique.
547 1907 643 1971 Pauci
659 1906 686 1990 γ’
702 1930 773 1971 cum
791 1908 882 1971 Lasc.
897 1920 929 1970 et
945 1906 1022 1970 Ald.

238 2024 311 2092 955.
326 2008 436 2089 carptis
450 2009 561 2097 πατὴρ]
577 2010 672 2092 πατὴρ
686 2009 797 2092 πατρὸς
812 2010 898 2074 Flor.
915 2028 944 2074 2.
960 2011 1054 2074 Rom.
1071 2010 1109 2074 C.
1124 2024 1156 2073 et
1171 2010 1249 2074 Ald.

237 2109 296 2197 οἷς]
306 2108 377 2184 Ὃς,
393 2133 483 2191 ntus,
498 2134 559 2176 non
575 2112 666 2177 valde
683 2113 902 2199 frequentatur
916 2136 935 2177 a
950 2112 1084 2199 tragicis,
1121 2113 1294 2202 AEschylus

197 2227 301 2278 tomen
324 2215 416 2277 λιτῶν
437 2219 497 2278 τῶν
518 2212 559 2278 ὦν
580 2214 661 2278 dixit
685 2215 790 2278 Theb.
812 2217 887 2296 646.
921 2215 1090 2302 Sophocles
1114 2213 1157 2280 ὦν
1180 2219 1294 2282 παιδον

198 2316 277 2381 (Ed.
295 2319 333 2381 C.
352 2319 446 2402 1639.
468 2322 527 2381 τῶν
548 2320 590 2381 ὥν
611 2318 723 2381 τέκνων
738 2317 856 2383 Trach.
875 2320 948 2381 266.
968 2317 1022 2383 τὸν
1041 2318 1077 2382 δν
1095 2318 1294 2400 προσμένονσ’

197 2421 319 2485 όκοιταν
332 2419 407 2485 ibid.
417 2437 493 2505 525.
506 2421 566 2483 τῶν
581 2421 684 2482 ὅπλων
698 2425 757 2483 τῶν
772 2422 813 2483 ὧν
825 2421 880 2507 Aj.
897 2440 970 2501 442.
994 2421 1096 2508 Apud
1107 2422 1294 2509 Euripidem

199 2523 274 2588 Hel.
295 2544 325 2586 ιι
332 2543 385 2608 34.
408 2525 449 2585 ὧν
472 2525 594 2605 ἀλόχων
615 2545 674 2608 ρτο
691 2527 751 2586 τῶν
771 2524 893 2606 ἀλόχων
915 2524 1005 2588 metri
1026 2548 1136 2589 caussa
1157 2528 1297 2613 reposuit

198 2624 356 2689 Matthiae.
402 2624 495 2688 Plato
509 2625 601 2688 etiam
617 2628 653 2688 τὸ
669 2625 688 2688 δ
702 2624 813 2704 δάκρυα
829 2627 911 2711 Rep.
927 2645 958 2710 3.
975 2648 1005 2712 p.
1020 2647 1087 2711 394
1103 2630 1144 2693 A.
1167 2630 1284 2696 ELM.

241 2729 315 2812 958.
339 2730 419 2793 οὗτοι
441 2731 519 2810 δῶρα
539 2731 657 2807 μεμπτδ
681 2727 809 2810 δέξεται]
842 2727 945 2792 Schol.
968 2731 1059 2794 Οὗτοι
1086 2735 1181 2811 δῶραε
1209 2739 1295 2798 τοῦτο

197 2834 305 2908 διπλῆν
320 2830 385 2913 ἔχει
406 2830 460 2910 τὴν
475 2830 605 2902 ἔννοιαν,
619 2830 691 2908 μίαν
704 2831 761 2909 μὲν
777 2828 815 2907 ἣν
836 2832 852 2892 ὁ
873 2828 983 2895 Ἰάσων
997 2832 1158 2916 ἐκδέχεται,
1175 2837 1220 2899 ὅτι
1242 2838 1295 2902 οὐκ

195 2936 354 3013 ἀπόβλητα
383 2935 455 3014 αὐτῇ
485 2937 522 2997 τὰ
551 2938 641 3015 δῶρα,
668 2934 751 2996 ἀλλὰ
779 2934 944 3012 θαυμαστά·
969 2936 1075 3017 ἑτέρον
1103 2939 1136 3000 δὲ
1159 2938 1196 3017 ἣν
1222 2940 1295 3021 αὐτὴ

196 3038 324 3118 κρύπτει,
341 3037 407 3102 ἀντὶ
421 3042 483 3110 τοῦ,
500 3037 534 3100 οὐ
548 3035 674 3117 γελόσει
695 3035 729 3098 τὸ
750 3039 846 3115 δῶρον
860 3037 899 3103 ὡς
914 3038 1050 3111 ἀσθενὲς,
1067 3040 1222 3121 ἀναιρήσει
1236 3047 1294 3124 γὰρ

197 3138 299 3218 αὐτήν.
323 3140 440 3203 ELM.

241 3244 315 3327 963.
333 3243 407 3330 ἐγώ]
424 3244 469 3305 ὅτι
485 3241 570 3306 Flor.
588 3260 616 3307 υ.
632 3258 662 3306 et
679 3243 772 3306 Lasc.

241 3347 315 3427 964.
330 3346 444 3409 πείθειν
459 3349 538 3425 δῶρα
553 3346 600 3409 καὶ
616 3346 701 3412 θεοὺς
713 3344 820 3432 λόγος]
840 3347 969 3409 Versum
986 3370 1004 3410 a
1020 3348 1152 3415 Platone
1166 3352 1296 3418 citatum

199 3448 282 3533 Rep.
297 3467 328 3531 3.
351 3470 384 3534 p.
400 3467 464 3531 390
479 3447 520 3509 Ε.
536 3463 696 3532 comparat
712 3448 891 3526 Burnesius,
906 3455 985 3532 δῶρα
1004 3454 1089 3521 θεοὺς
1107 3457 1213 3530 πείθει,
1230 3456 1296 3538 δῶρ’

199 3550 327 3617 αἰδοίους
341 3553 502 3629 βασιλῆας.

242 3656 315 3735 969.
332 3653 509 3739 πλουσίους]
526 3653 672 3730 πλησίους
687 3653 780 3717 Rom.
797 3657 834 3719 C.
851 3678 921 3718 cuni
939 3657 1030 3721 Lasc.
1043 3673 1073 3722 et
1088 3660 1166 3724 Ald.

242 3775 316 3838 970.
333 3752 359 3835 γ’
377 3755 591 3817 Hermannus.
621 3753 645 3816 τ’
660 3755 740 3820 libri.
786 3757 1117 3826 Scribendumo‘cum
1135 3763 1296 3844 Elmsleio,

198 3856 252 3943 qui
269 3870 351 3919 recte
365 3856 501 3919 ostendit
517 3856 570 3920 ubi
586 3858 649 3920 dun
664 3859 858 3923 substantiva
873 3861 913 3924 ad
930 3885 1022 3927 unam
1039 3866 1233 3953 eandemque
1249 3867 1298 3931 vel

198 3981 264 4023 rem
287 3956 335 4021 vel
358 3980 519 4044 personam
543 3960 714 4044 spectantia
735 3963 977 4048 conjungantur,
994 3968 1043 4031 vel
1065 3969 1202 4033 secundo
1223 3971 1298 4035 addi

199 4063 244 4140 δὲ,
256 4059 304 4125 vel
317 4061 365 4125 bis
373 4060 448 4148 poni
459 4086 502 4126 τε.
526 4063 609 4125 Nam
620 4062 749 4149 simplex
759 4089 791 4127 τε
801 4065 824 4127 si
836 4065 972 4150 ponitur,
983 4068 1115 4134 diversae
1125 4072 1299 4158 significan-

199 4181 252 4230 tur
264 4187 403 4252 personae
419 4180 455 4228 ut
470 4188 498 4227 v.
518 4182 566 4246 ¹7·
582 4166 707 4246 προδοὺς
722 4171 779 4249 γὰρ
795 4171 884 4233 αὑτοῦ
900 4170 989 4235 τέκνα
1004 4178 1144 4239 δεσπότιν
1158 4175 1183 4238 τ’
1201 4176 1283 4256 ἐμήν.

242 4287 315 4353 971.
338 4264 477 4352 φεύγειν]
501 4273 609 4348 φυγεῖν
632 4269 659 4330 F
664 4266 717 4331 lor.
735 4288 764 4333 2.
788 4271 881 4336 Rom.
899 4274 937 4336 C.
953 4289 984 4338 et
999 4273 1077 4340 Ald.
1111 4278 1205 4341 Conf.
1224 4281 1298 4365 785.

199 4389 465 4559 943739όίεείνην]
481 4472 595 4553 ἐκείνης
608 4471 729 4559 aliquot
743 4472 834 4539 codd.
850 4492 882 4540 et
897 4476 975 4541 Ald.
