2864 4914
544 290 612 355 AD
635 290 886 355 HECUBAM.
1224 295 1267 360 47

207 460 308 543 πόλις]
334 457 482 524 Similiter
503 461 671 526 Tecmessa
689 484 740 548 ap.
766 462 865 548 Soph.
889 461 944 548 Aj.
959 463 1034 547 518.
1060 465 1104 530 τίς
1124 461 1183 542 δῆτ’
1203 462 1269 543 ἐμοὶ

164 560 273 643 γένοιτ’
289 561 328 626 ἂν
342 563 409 627 ἀντὶ
423 568 479 626 omi
493 566 617 645 πατρίς;
642 565 834 628 ΜΑΤΤΗ.

206 663 354 749 βάκτρον]
383 665 433 730 Sic
456 666 598 753 OEdipus
616 689 668 754 up.
695 666 790 754 Soph.
815 666 892 731 OEd.
917 667 955 730 C.
976 667 1048 746 848.
1072 686 1164 753 1109.
1188 666 1268 732 filias

162 787 237 828 suas
251 770 384 849 σκῆπτρα
398 782 499 833 vocat.
523 770 713 832 MATTH.

209 870 283 932 282.
299 869 366 936 τοὺς
381 872 571 956 κρατοῦντας]
590 871 644 935 τὸν
660 875 822 953 κρατοῦντα
840 870 985 936 Stobaeus
1000 871 1108 936 Floril.
1129 888 1200 958 105,
1215 892 1266 939 20.

209 972 282 1055 283.
297 972 446 1053 πράσσειν
461 973 546 1037 Flor.
563 995 657 1038 unus.
685 973 826 1054 πράττειν
841 976 886 1037 Η.
902 987 934 1038 et
949 974 1199 1060 quattuordecim
1215 973 1267 1038 alii

162 1072 293 1137 codices.
316 1073 440 1155 πράξειν
454 1074 545 1140 Ald.:
569 1075 654 1162 quod
672 1076 890 1141 revocandum.
937 1077 1027 1142 Idem
1042 1101 1126 1142 nunc
1142 1077 1269 1143 Stobaeo

162 1197 202 1238 ex
219 1173 306 1238 libris
319 1176 445 1262 optimis
461 1177 640 1243 restitutum
656 1202 715 1266 pro
728 1179 878 1261 πράττειν.

210 1277 281 1359 287.
303 1276 463 1364 Ἀχαϊκὸν]
489 1281 695 1346 Scribendum
718 1305 788 1347 cum
814 1281 976 1347 Brunckio
989 1280 1155 1365 Ἀχαιικὸν,
1171 1304 1267 1368 quam

163 1378 350 1467 scripturam
377 1382 494 1447 librarii
520 1384 552 1448 iu
577 1384 734 1472 Euripide
756 1385 851 1449 modo
874 1399 1048 1462 servarunt,
1076 1383 1169 1448 modo
1195 1406 1268 1448 cum

162 1481 329 1549 alterailla
342 1503 592 1551 commutarunt:
618 1487 690 1551 vide
711 1486 792 1551 infra
815 1511 843 1550 v.
859 1504 935 1572 510.
952 1506 1028 1570 521.
1053 1487 1175 1552 Troad.
1193 1490 1267 1573 236.

163 1589 240 1671 652.
258 1604 333 1669 702.
350 1589 422 1675 863.
441 1605 535 1673 1017.
559 1588 689 1655 Hemcl.
709 1609 779 1674 194.
796 1606 828 1655 et
840 1588 994 1674 Ἀχαιίδος
1009 1590 1084 1654 Hel.
1102 1594 1193 1676 1560.
1214 1591 1266 1657 El.

166 1690 262 1774 1285.
305 1691 484 1755 Homerum
513 1690 653 1775 Ἀχαιίδα
681 1706 713 1756 et
741 1690 907 1776 Ἀχαιικὸν,
938 1693 1006 1761 τοὺς
1040 1693 1105 1774 μεθ’
1131 1693 1268 1778 Ὅμηρον

161 1790 293 1875 Ἀχαΐδα
307 1808 339 1857 et
352 1791 497 1876 Ἀχαϊκὸν
511 1793 613 1859 dicere
628 1794 724 1859 tradit
738 1795 927 1860 Eustathius
941 1819 974 1882 p.
990 1817 1043 1880 99,
1060 1816 1091 1879 7.
1110 1801 1203 1883 1465,
1212 1814 1267 1883 57.

162 1895 233 1957 Nos
254 1895 404 1982 potiorem
429 1896 581 1961 habemus
603 1896 774 1984 Phrynichi
796 1898 1024 1975 auctoritatem,
1040 1899 1096 1984 qui
1115 1901 1269 1983 ἀρχαιικὸς

161 2011 196 2063 et
217 1996 278 2063 ulis
292 1998 472 2086 hujusmodi
495 2002 619 2088 probet,
639 2001 797 2089 improbat
819 2003 977 2085 ἆρχαικέςε
1002 2001 1121 2088 dequo
1137 2002 1202 2066 dixi
1225 2003 1266 2068 ad

162 2100 333 2189 Aristoph.
350 2103 435 2167 Nub.
451 2104 526 2168 821.

210 2204 284 2269 288.
301 2205 354 2287 ὣς]
371 2204 411 2269 Id
426 2220 473 2270 est
486 2205 587 2288 λέγων
601 2209 648 2276 ὡς.

209 2324 284 2392 293.
307 2309 415 2392 κακῶς]
442 2309 574 2374 Sensum
600 2325 683 2375 recte
710 2311 869 2398 perspexit
897 2309 991 2375 schol.
1016 2309 1131 2375 codicis
1157 2311 1267 2376 Guelf.

165 2409 347 2490 ὰονμφέρως
362 2412 410 2475 καὶ
424 2412 464 2492 μὴ
479 2416 553 2477 κατὰ
565 2415 687 2495 γνώμην
702 2416 743 2499 τῷ
756 2412 872 2492 πλήθει.
1077 2468 1080 2473 ,

208 2511 300 2593 λέγῃς
323 2514 472 2578 Muretus
486 2516 583 2602 Oper.
600 2516 661 2580 vol.
676 2536 707 2601 3.
724 2538 755 2603 p.
770 2536 846 2601 595.
875 2515 952 2598 λέγῃ
973 2514 1046 2578 libri
1068 2529 1100 2579 et
1123 2515 1269 2580 Stobaeus

165 2613 254 2678 Flor.
268 2631 326 2700 45,
341 2619 370 2680 6.
386 2631 420 2682 et
434 2616 559 2682 Gellius
576 2639 625 2698 11,
638 2638 669 2699 4.
695 2620 816 2685 Tzetza
830 2622 935 2705 Exeg.
951 2618 983 2681 iu
1001 2616 1092 2681 Iliad.
1116 2639 1149 2704 p.
1164 2638 1197 2702 5,
1218 2637 1267 2698 14.

164 2717 200 2781 τὸ
214 2722 273 2801 γὰρ
287 2721 401 2800 ἀξίωμα
410 2723 515 2787 τούτου
531 2725 605 2787 κατὰ
620 2721 671 2787 τὸν
687 2722 847 2804 Εὐριπίδην
858 2722 906 2786 καὶ
921 2727 1015 2786 κακῶς
1029 2718 1124 2802 λέγον
1140 2721 1266 2786 ἔπειθεν.

208 2820 310 2907 λέγῃς,
326 2822 361 2886 τὸ
376 2822 449 2907 σὸν]
466 2823 500 2886 τὸ
514 2823 573 2888 σὸν
586 2822 663 2910 λέγῃ
679 2824 716 2886 Β.
733 2841 765 2886 et
780 2822 868 2886 Flor.
885 2843 977 2884 unus.

212 2937 285 3009 294.
307 2927 420 3010 πείσει]
446 2930 513 3011 νικᾷ
537 2925 670 3005 Gellius,
695 2925 750 3013 qui
771 2924 869 2990 Ennii
890 2947 999 2989 versus
1020 2923 1126 2989 attulit
1146 2947 1184 2988 ex
1209 2923 1268 2989 hoc

166 3025 235 3090 loco
247 3050 419 3114 expressos,
431 3030 516 3094 Huc
526 3039 560 3094 tu
575 3031 633 3094 etsi
643 3050 798 3116 pervorse
811 3028 1014 3112 dices,fucilc
1023 3027 1268 3113 Achivosflece-

163 3131 235 3203 ris,·
259 3131 348 3194 Nam
368 3132 507 3219 opulenti
528 3153 625 3218 quum
648 3132 820 3219 loquuntur
839 3134 964 3217 pariter
984 3136 1077 3216 atqrae
1098 3129 1267 3216 ignobiles,

164 3234 291 3298 Eadem
304 3236 390 3301 dictu
403 3236 569 3323 eademque
583 3236 687 3299 oratio
701 3256 791 3322 ecqua
804 3254 869 3298 uon
883 3252 968 3318 teque
983 3230 1076 3295 vater.

211 3352 284 3421 295.
300 3338 388 3406 αὑτὸς
403 3339 573 3402 Porsouus.
605 3336 806 3402 Scribebatur
821 3335 917 3401 αὐτός.
941 3334 958 3395 ὁ
973 3330 1060 3399 αὐτὸς
1075 3331 1159 3397 Flor.
1176 3354 1268 3397 unus.

211 3441 282 3522 296.
305 3440 372 3526 οὐκ]
396 3441 441 3508 τίς
456 3440 554 3526 Greg.
571 3441 643 3504 Cor.
662 3462 693 3526 p.
710 3441 761 3519 64.
801 3437 863 3502 Sed
885 3434 966 3501 alius
986 3434 1084 3500 codex
1108 3435 1178 3500 οὖκι
1201 3435 1268 3499 vid.

167 3540 317 3608 Schoet'er.
332 3566 363 3630 p.
377 3564 449 3609 110.

210 3647 381 3732 ἆνθρῶπον]
398 3648 561 3727 ἆνθριέπον
576 3645 616 3708 Β.

211 3766 282 3834 297.
306 3748 657 3832 ὀδυρμάτων-θρήνους]
683 3747 780 3812 Tales
807 3745 976 3834 pleonasmi
1002 3744 1089 3832 apud
1116 3744 1270 3832 Tragicos

164 3850 329 3916 abundant
350 3867 382 3914 et
406 3850 564 3916 interdum
589 3850 831 3938 reciprocantur,
852 3864 889 3915 ut
910 3851 1025 3914 Noster
1050 3847 1169 3913 Troud.
1194 3851 1268 3933 609.

165 3953 248 4018 dixit
270 3952 385 4035 θρήνων
405 3954 536 4034 ὀδυρμοί.
582 3953 633 4019 Sic
658 3955 754 4021 κοίτας
778 3953 903 4035 λέκτρον
926 3953 1015 4017 Med.
1038 3953 1113 4037 436.
1136 3950 1271 4033 λέκτρων

165 4057 267 4124 κοίτας
281 4055 354 4120 Alc.
370 4057 447 4140 946.
486 4055 651 4143 Singulare
665 4071 710 4121 est
728 4056 935 4144 Sophocleum
952 4060 1030 4121 Ant.
1046 4074 1121 4136 424.
1139 4055 1179 4122 ὥς
1198 4055 1271 4119 ὅταν

165 4163 253 4239 κενῆς
275 4160 372 4240 Εὔνῆς
388 4165 525 4225 νεοσοῦν
539 4159 676 4242 ὀρφανὸν
690 4158 798 4243 βλέψῃ
812 4158 914 4243 λέχος.
939 4159 1042 4224 POR.
1080 4159 1148 4234 (dos
1161 4155 1271 4236 βιοτάν

164 4264 266 4327 Herc.
281 4263 305 4328 f.
320 4265 395 4342 664.

209 4383 283 4450 299.
298 4369 340 4452 τῷ
354 4365 540 4452 ὢρονρένιρ]
560 4364 601 4432 Id
616 4381 663 4431 est
677 4368 717 4451 τῷ
733 4369 823 4452 θυμῷ.

206 4488 282 4555 501.
298 4469 456 4555 εἰσίχονν]
475 4468 574 4535 Scrib.
588 4469 745 4552 pdrdxouv.
