2864 4914
556 286 824 352 LIBRORUM.
1179 307 1242 348 xxv

192 456 300 532 Flos.
321 478 376 554 15.
396 460 629 554 Hippolytus,
643 460 784 545 Medea,
798 460 965 545 Alcestis,
977 460 1240 531 Andromacha.

192 572 299 650 Flor.
322 596 377 672 17.
406 577 556 648 Hecuba
571 586 607 646 et
625 577 780 648 Orestes.

192 689 298 764 Flor.
322 694 377 765 18.
395 702 432 763 et
450 716 508 763 21.
536 692 697 775 Hecuba,
715 693 872 777 Orestes,
891 693 1097 763 Phoenissae.

190 804 298 880 Flor.
319 833 340 879 2
343 828 377 903 5.
405 809 555 880 Hecuba
572 817 608 878 et
624 810 782 880 Orestes.

189 921 298 995 F'Ior.
327 925 456 1017 (plutei
486 929 560 1018 32.)
587 944 646 1018 33.
670 934 707 994 et
733 923 859 1016 <plutei
886 931 960 1019 31.)
985 948 1043 1020 34.
1082 926 1240 1006 Hecuba,

139 1043 295 1125 Orestes,
314 1041 525 1113 Phoenissae.
1298 1073 1300 1076 ·

189 1157 297 1232 Flor.
317 1157 394 1244 21¹³,
411 1183 518 1252 quem
534 1160 570 1229 in
589 1156 880 1229 annotationibus
901 1160 944 1228 ad
966 1158 1150 1229 Hecubam
1169 1182 1242 1229 me-

139 1287 255 1348 morat
274 1277 455 1359 Mattbiae,
471 1276 614 1346 videtur
630 1297 705 1344 esse
722 1276 835 1364 plutei
853 1297 913 1368 32,
933 1297 990 1344 21.

188 1414 248 1484 40.
263 1402 284 1433 “
297 1389 426 1488 Gueffi
437 1410 492 1485 15.
505 1391 599 1462 Sunt
612 1390 638 1459 ii
652 1392 724 1460 duo
734 1391 834 1460 codd.
849 1390 1241 1471 Mss.,un0v01umine

137 1511 393 1601 comprehensi,
409 1532 562 1601 quorum
586 1510 677 1578 alter
695 1506 893 1589 Hecubam,
910 1506 1063 1577 Oresten
1079 1514 1115 1576 et
1133 1505 1242 1577 Phoe·

138 1625 264 1709 nissas,
282 1628 373 1696 alter
388 1624 666 1696 Andromachen
683 1623 850 1694 continet.
887 1622 991 1692 Prior
1008 1646 1083 1693 esse
1100 1622 1242 1695 videtur

138 1763 207 1811 sec.
229 1763 284 1831 14.
300 1752 463 1813 accurate
488 1742 618 1812 litteris
638 1739 911 1836 elegantissimis
937 1739 975 1810 in
1001 1741 1125 1812 charta
1143 1741 1242 1812 born-

139 1857 269 1950 bycina
284 1859 449 1950 scriptus.
490 1857 607 1939 Alter,
624 1856 688 1948 qui
704 1855 982 1926 Andromachen
999 1856 1169 1940 continet,
1186 1867 1241 1928 est

137 1973 248 2043 seculi
271 1990 324 2066 15.
341 1973 450 2044 etiam
474 1973 721 2066 bombycinus,
737 1976 929 2067 eleganter,
947 1982 985 2042 at
1002 1994 1097 2063 saepe
1115 1973 1241 2044 vitiose

138 2089 324 2180 scriptus.”
350 2089 553 2162 MATTH.

187 2225 250 2293 41.
279 2201 401 2275 Harl.
433 2224 541 2301 5725.
576 2204 613 2275 in
649 2205 776 2275 Museo
804 2204 1025 2287 Britannico,
1055 2204 1238 2276 Hecubam

138 2320 334 2403 continens,
352 2344 372 2390 a
390 2319 550 2392 Porsono
566 2322 742 2391 collatam.

187 2455 248 2523 42.
276 2445 297 2476 ‘⁶
311 2436 341 2505 I.
361 2437 577 2507 Harleianus
596 2436 704 2530 6300.
721 2436 760 2506 in
783 2437 911 2508 Museo
928 2437 1150 2521 Britannico,
1167 2448 1240 2509 tres

137 2553 274 2642 priores
296 2552 435 2624 fabulas
459 2577 540 2623 curn
563 2554 611 2647 gl.
638 2553 795 2624 interlin.
813 2565 849 2624 et
872 2552 1024 2648 margin.
1043 2553 1239 2638 continens,

138 2668 400 2739 recentissimus
418 2669 574 2761 quidem,
591 2691 663 2739 non
681 2680 799 2741 tamen
816 2671 1106 2752 contemnendus,
1118 2670 1241 2764 judice

139 2781 300 2854 Porsono
316 2786 362 2855 ad
380 2785 497 2855 Orest.
517 2803 574 2879 73.
594 2805 653 2879 74.
697 2785 792 2855 Eum
807 2793 889 2876 post
908 2785 1105 2856 Porsonum
1123 2787 1241 2857 denuo

138 2923 218 2970 cum
245 2901 330 2972 edit.
350 2902 476 2973 Phoen.
495 2902 737 2997 Burgessiana
754 2902 905 2971 contulit
922 2901 967 2973 V.
979 2902 1025 2971 D.
1042 2902 1080 2971 in
1101 2897 1240 2973 Classi-

139 3012 201 3084 cal
212 3013 349 3087 Journ.
368 3017 399 3088 I.
417 3041 451 3109 p.
471 3020 569 3112 ι35.”
596 3017 799 3087 ΜΑΤΤΗ.

188 3151 248 3225 43.
274 3132 360 3203 “Ia
380 3133 597 3205 Harleianus
624 3151 731 3229 5743.
755 3135 818 3226 qui
839 3133 1033 3205 Alcestidis
1058 3136 1240 3229 fragmen-

138 3254 217 3316 trnn
235 3270 257 3317 a
273 3271 305 3318 v.
329 3271 433 3343 1032.
452 3251 504 3319 ed.
524 3251 631 3320 Beck.
662 3250 823 3320 Rhesum
840 3260 877 3319 et
894 3249 1054 3320 Troades
1071 3250 1240 3321 continet.
1378 3274 1382 3283 ’

138 3361 230 3432 Cum
249 3362 430 3435 Alcestide
452 3366 605 3436 contulit
622 3367 750 3451 Monk,
766 3367 949 3460 signatum
968 3361 1140 3459 Frngm,
1157 3389 1238 3437 cum

139 3477 259 3550 Rheso
284 3492 321 3552 et
341 3482 474 3553 Troad.
500 3484 685 3578 Musgrav.
704 3483 855 3571 (Harl),
872 3506 954 3553 cum
972 3482 1103 3553 Troad.
1122 3485 1240 3553 denuo

140 3595 202 3666 Ge.
221 3597 391 3694 Burgess.
409 3599 504 3687 (Hl.)
530 3599 623 3670 Vide
639 3600 749 3694 hujus
766 3600 868 3690 praef.
888 3598 1020 3669 Troad.
1038 3622 1074 3690 p.
1095 3599 1147 3670 ΙΙ.
1167 3600 1239 3670 Ill.

139 3712 208 3783 Est
241 3713 348 3784 etiam
381 3724 533 3807 quartus
568 3714 796 3795 Harleianus,
833 3715 1017 3785 Hecubam
1054 3715 1240 3786 continens

138 3830 324 3920 praemissa
352 3831 544 3925 hypothesi
572 3840 607 3901 et
639 3830 908 3926 epigrammatis
942 3830 980 3899 in
1014 3830 1240 3921 Euripidem,

138 3968 205 4015 sec.
229 3966 283 4034 14
309 3969 363 4016 nr.
380 3964 489 4040 5724.
506 3970 529 4016 a
552 3947 705 4029 nemine,
727 3949 825 4040 quod
846 3948 968 4030 sciam,
994 3947 1110 4016 adhuc
1135 3949 1239 4018 colla-

139 4065 229 4130 tus.’'
253 4060 455 4131 MATTH.

188 4197 248 4265 44.
276 4185 297 4215 ‘⁶
312 4176 359 4246 K.
385 4178 507 4247 Codex
530 4178 657 4273 Regiae
683 4179 861 4249 societatis
887 4201 940 4247 nr.
961 4195 992 4270 7.
1010 4187 1083 4248 tres
1100 4179 1241 4249 fabulas

139 4291 275 4381 priores
301 4293 497 4378 continens,
519 4318 624 4386 quem
652 4295 828 4386 optimum
857 4304 959 4366 vocat
984 4295 1096 4388 King.
1122 4317 1242 4365 recen·
