2864 4914
502 286 571 350 AD
594 285 863 353 SUPPLICES.
1166 286 1231 356 409

139 476 228 518 versu
253 455 356 520 subito
380 457 586 524 exardescere.
631 459 736 527 Etiam
767 474 838 548 post
860 458 1033 547 longiorem
1059 457 1230 524 orationem

138 578 259 645 semper
279 558 365 623 chori
391 561 475 641 ῥῆσις
495 561 702 649 interponitur
724 586 753 626 v.
772 581 845 648 192.
866 581 938 647 249.
958 581 1033 650 330.
1057 561 1132 649 463.
1153 563 1230 648 564.

142 676 213 745 733.
238 660 428 726 ΜΑΤΤΗ.

182 778 255 845 5ι1.
272 761 304 848 δ]
322 773 383 846 σφε
399 764 556 830 Mutthiae.
593 768 667 830 Nou
681 789 770 854 opus.

181 885 256 948 512.
271 866 394 955 τοιάνδ’]
411 871 548 949 τοιαύτην
563 869 637 934 Pur.
653 871 696 933 A.
713 869 800 936 Flor.
820 890 847 933 1.

181 987 258 1051 514.
272 967 443 1055 ’πίπροσθε]
459 968 634 1052 ’πίπροσθεν
647 972 676 1035 F
680 971 735 1038 lor.
756 992 784 1037 1.
802 989 832 1037 2.

182 1087 256 1155 520.
272 1073 333 1136 άνω
348 1076 405 1154 γὰρ
420 1073 458 1137 ἀν
471 1073 549 1159 ῥίοι]
574 1075 716 1162 Respicit
730 1074 772 1140 ud
794 1073 992 1161 proverbium
1011 1073 1072 1139 άνιι
1094 1078 1233 1154 ποταμῶν

141 1177 270 1255 χωροῦσι
284 1175 385 1255 πηγαὶ,
401 1174 441 1238 de
455 1197 519 1262 quo
534 1173 597 1241 vid.
612 1175 653 1240 ud
669 1175 760 1240 Med.
775 1197 850 1258 410.

182 1295 258 1361 521.
274 1280 301 1340 εί
313 1276 539 1364 ’πιταξάμεσθα]
556 1281 583 1342 εί
595 1277 820 1359 ’πιτενξάμεσθα
835 1279 907 1342 Pur.
923 1279 968 1342 A.
983 1276 1069 1342 Flor.
1084 1298 1114 1342 1.

183 1381 257 1461 526.
273 1379 371 1461 θάψαι
383 1380 512 1445 codices.
536 1381 637 1464 θάψας
651 1380 729 1446 Ald.

183 1483 258 1565 528.
280 1480 437 1548 πεπόνθατ’
453 1483 530 1548 Ald.
563 1483 696 1549 πέπονθε
717 1483 744 1567 γ’
760 1483 892 1565 οοάῖοεε,
914 1483 973 1548 nisi
991 1483 1079 1570 quod
1101 1481 1187 1549 Flor.
1205 1504 1233 1547 1.

143 1583 292 1649 πέπονθεν
305 1582 343 1665 γ’.

185 1703 259 1771 530.
277 1686 300 1750 δ’
317 1686 536 1752 Marklandus.
558 1688 583 1752 τ’
598 1688 679 1753 libri.

187 1789 290 1853 Verba
302 1791 342 1873 χὴ
357 1791 421 1871 δίκη
436 1794 577 1875 διοίχεται
595 1791 780 1878 significant,
795 1803 826 1858 et
839 1792 1088 1879 vindictofinitu
1100 1807 1158 1857 est.
1184 1792 1235 1858 Sic

142 1890 173 1955 in
192 1892 287 1978 Soph.
304 1892 383 1957 OEd.
399 1892 471 1958 Col.
483 1910 559 1979 574.
578 1895 623 1978 χῶ
637 1891 730 1976 λόγος
749 1898 900 1979 διοίχεται,
916 1895 1010 1976 nillil,
1024 1896 1107 1983 quod
1119 1898 1234 1976 dicam,

143 1997 300 2082 reliquom
314 2006 367 2061 est.
395 1999 549 2062 HERM.

185 2118 261 2183 533.
277 2101 403 2184 ἀπῆλθε]
422 2101 564 2164 ἀπελθεῖν
580 2099 724 2164 Stobaeus
742 2118 813 2184 123,
828 2121 860 2186 3.
893 2100 990 2178 Quasi
1002 2123 1077 2165 vero
1090 2100 1151 2180 dici
1165 2122 1235 2188 pos-

144 2200 184 2264 sit
198 2201 307 2266 ἑάσοτε
318 2203 470 2276 ἀπελθεῖν,
484 2201 524 2266 de
538 2225 572 2267 re
586 2226 658 2290 quae
671 2202 755 2266 lacta
767 2216 857 2281 esset,
873 2202 992 2266 etiamsi
1006 2224 1069 2267 non
1083 2203 1237 2289 permisis-

145 2319 224 2382 sent,
246 2327 345 2390 quum
367 2304 518 2391 impedire
537 2328 599 2370 non
620 2317 756 2392 possent,
771 2305 939 2391 quominus
960 2305 1063 2369 enimn
1080 2304 1112 2369 in
1133 2327 1236 2369 aerem

145 2405 255 2483 abiret,
270 2430 382 2494 corpus
395 2421 500 2472 autem
515 2408 546 2471 in
563 2424 684 2473 terreno
699 2407 852 2472 elementa
862 2406 1043 2472 solveretur.
1078 2409 1237 2474 Sententia

145 2525 192 2574 est
211 2509 372 2597 generalis,
388 2533 452 2597 qua
473 2511 684 2576 demonstrare
705 2511 775 2575 vult
797 2509 979 2598 Euripides,
998 2509 1158 2575 humanda
1171 2534 1237 2576 esse

145 2613 308 2693 cadevera,
330 2628 362 2678 et
382 2613 484 2701 ipsum
509 2614 639 2679 verbum
667 2636 802 2679 servasse
825 2613 961 2692 videtur,
987 2636 1052 2700 quo
1074 2635 1150 2678 usus
1170 2629 1238 2680 erat

145 2716 355 2804 Epicharmus
375 2739 425 2804 np.
442 2715 602 2782 Plutarch.
619 2716 744 2782 Consul.
766 2715 806 2781 sd
823 2714 930 2801 Apoll.
952 2739 986 2803 p.
1005 2735 1067 2780 110
1080 2718 1124 2780 Α
1147 2741 1236 2783 συνε-

146 2821 228 2901 κρίθη
251 2821 299 2884 καὶ
318 2822 445 2902 διεκρίθη
467 2822 627 2900 κάπῆλθεν,
643 2821 714 2885 ὅθεν
728 2820 832 2901 ἦλθεν,
846 2818 949 2893 πάλιν,
965 2823 1008 2883 Γᾶ
1027 2821 1085 2900 μὶν
1105 2822 1147 2887 είς
1168 2825 1237 2902 γᾶν,

145 2928 261 3002 πνεῦμα
282 2922 305 2986 δ’
322 2925 392 2987 dvo·
416 2925 446 2987 τί
464 2929 556 2988 τῶνδε
574 2921 730 3006 χαλεπάν;
754 2924 822 2988 οὐδὲ
842 2923 885 3001 tv,
910 2938 946 2986 ut
968 2944 1076 2986 versus
1096 2921 1239 2988 distinxit

146 3023 315 3088 Elmsleius
327 3025 360 3088 in
375 3024 552 3111 Edinburg.
569 3027 650 3090 Rev.
667 3048 700 3089 n.
716 3045 771 3110 37.
786 3049 818 3113 p.
834 3027 888 3107 76.
912 3024 1104 3090 MATTH.

188 3145 260 3210 539.
278 3129 426 3208 νοσφίσας
441 3126 659 3191 Marklaudus.
685 3128 842 3208 νοσφίσεις
855 3124 937 3192 libri.

189 3233 266 3312 χρῆν
278 3228 407 3293 codices.
430 3234 477 3294 δεῖ
489 3229 566 3294 Ald.

189 3352 264 3418 542.
279 3332 449 3413 ἀπειλήσων
462 3333 593 3399 codices.
616 3332 783 3414 ἀπειλήσας
797 3331 876 3396 Ald.

189 3453 263 3521 545.
279 3439 313 3500 ἐν
325 3441 408 3523 μυχῷ
422 3435 545 3524 χθονός]
563 3438 663 3524 LegO,
678 3443 794 3520 μυχοῖς.
831 3432 992 3500 Dicuntur
1005 3455 1071 3499 esse
1086 3436 1121 3500 ἔν
1133 3440 1239 3519 μυχοῖς

146 3540 257 3623 χθονὸς
271 3537 320 3602 vel
334 3539 389 3626 qui
405 3539 466 3603 vivi
480 3541 538 3604 sud
553 3549 641 3604 terra
654 3555 739 3617 sunt,
752 3554 788 3605 ut
803 3537 959 3604 Hercules
975 3537 1115 3624 (quando
1125 3536 1240 3603 inferos

147 3641 256 3722 adiit);
280 3642 329 3706 vel
344 3643 400 3730 qui
421 3644 536 3708 mortui
551 3657 583 3708 et
596 3644 729 3707 ίιιιιπαίῖ.
751 3642 794 3706 sic
813 3664 844 3706 v.
861 3642 935 3727 936.
951 3640 1178 3723 ἀναρπάσαντες
1199 3644 1240 3710 εἰς

149 3750 318 3809 ΜΎΧΟΎΣ
334 3751 518 3812 ΧΘΟΝΟΣ.
542 3743 659 3810 Troad.
673 3756 745 3829 945.
759 3745 857 3808 θανὼν
868 3747 950 3807 ΓΗΣ
964 3741 1030 3822 ἦλθ’
1041 3741 1240 3827 Ἀλέξανδρος

148 3851 328 3911 ΜῪΧΟὟΣ.
352 3847 422 3912 vide
445 3851 542 3912 Herc.
559 3849 637 3912 Fur.
651 3863 705 3935 37.
727 3859 759 3912 et
779 3844 925 3932 Sophocl.
948 3846 1040 3933 Ajoc.
1055 3862 1132 3930 575.
1170 3847 1240 3911 Nisi

147 3948 283 4013 addatur
303 3950 491 4036 adjectivum
513 3949 561 4014 vel
584 3948 811 4015 substantivum
834 3947 943 4026 locale,
966 3961 1003 4013 ut
1017 3947 1149 4035 Cyclop.
1166 3968 1237 4034 290.

146 4056 202 4133 γῆς
224 4055 258 4116 ἐν
277 4050 427 4121 Ἑλλάδος
444 4061 557 4137 μυχοῖς·
581 4068 613 4117 et
636 4054 709 4138 296.
733 4067 808 4116 tunc
828 4050 909 4115 euim
930 4048 1084 4137 significet
1102 4071 1241 4116 recessus

149 4156 291 4219 Graeciae.
330 4156 430 4220 Aliud
445 4171 492 4220 est
514 4158 549 4220 ἐν
569 4158 652 4242 μυχῷ
674 4154 794 4239 χθονὸς,
810 4176 934 4241 nempe,
948 4155 985 4217 in
998 4153 1121 4242 ungulo
1135 4153 1241 4240 sliquo

148 4268 264 4322 terren:
288 4281 348 4322 non
364 4259 421 4322 seth
436 4260 542 4336 terris,
557 4257 643 4344 quod
659 4272 705 4322 est
720 4260 753 4321 ἐν
766 4263 872 4341 μυχοῖς
885 4256 1003 4340 χθονὸς,
1020 4270 1056 4321 ut
1072 4271 1104 4320 et
1122 4258 1159 4319 in
1178 4266 1241 4321 ter·

147 4363 207 4439 ris,
225 4362 399 4448 Propertio,
415 4359 447 4424 id
462 4374 519 4434 est,
534 4359 622 4447 apud
635 4361 764 4445 differor,
778 4358 895 4445 quibus
906 4372 1111 4447 opponuntur
1119 4361 1241 4446 superi,

149 4486 202 4527 seu
223 4466 374 4540 niventes,
389 4476 420 4528 et
441 4462 474 4527 in
496 4478 578 4527 terra
592 4459 697 4525 adhuc
716 4474 883 4540 versantes,
898 4459 981 4548 apud
999 4459 1177 4548 (Virgilium
1192 4466 1239 4548 et)
