2864 4914
176 282 242 346 444
534 278 914 344 ANNOTATIONES

173 451 278 517 minus
298 466 381 517 recte
398 450 439 516 de
459 473 521 516 vss.
536 451 718 536 508-510.
734 449 910 516 dubitatur.
955 449 1039 513 Haec
1059 460 1176 513 autern
1200 447 1294 513 addi·

175 568 312 620 tamenta
326 552 403 618 mihi
417 551 545 640 quidem
560 575 580 617 a
593 551 724 617 diversis
736 551 919 617 auctoribus
935 548 1077 637 profecta
1091 572 1164 615 ωε
1180 549 1294 615 viden-

174 668 238 720 tur.
271 655 388 719 Versus
402 652 530 740 quidem
545 653 754 741 quadraginta
768 666 840 718 octo
853 651 947 741 primi
961 650 1004 716 ita
1018 648 1187 738 elegantes
1202 668 1291 729 sunt,

176 769 213 821 nt
233 779 296 834 eos,
312 755 338 820 si
353 778 416 820 non
437 755 479 820 ab
497 755 662 844 Euripide,
685 755 727 821 ab
741 754 855 843 [equali
878 768 962 819 certe
980 767 1012 818 et
1037 751 1174 840 egregio
1194 767 1294 841 poeta

176 857 308 946 scriptos
320 880 386 922 esse
400 857 582 924 existimem.
628 858 690 923 Sed
713 856 805 922 aliam
827 878 956 922 manum
977 854 1114 944 prodere
1132 854 1294 921 videntur

177 983 237 1024 vsa.
256 962 435 1045 115—163.
451 959 509 1024 uisi
523 960 610 1047 quod
630 960 663 1024 in
686 959 734 1024 his
748 982 877 1048 quoque
891 958 1045 1046 elegantia
1059 957 1224 1024 nonnulla
1244 959 1292 1024 in-

178 1075 261 1142 sunt,
284 1078 321 1127 ut
341 1085 370 1126 v.
394 1065 591 1148 155-163.s
640 1063 714 1128 Non
738 1062 853 1127 diversi
876 1076 948 1127 sunt
970 1059 1092 1140 eoloris,
1114 1084 1195 1148 quse
1216 1076 1293 1150 post

177 1186 209 1228 v.
224 1181 298 1249 507.
313 1163 429 1228 inserta
442 1163 602 1250 leguntur.
640 1166 713 1230 Nou
730 1164 803 1229 mali
819 1176 894 1229 sunt
907 1186 969 1228 sss.
983 1165 1176 1247 623-626,
1193 1163 1222 1227 si
1235 1186 1294 1229 eos

177 1289 289 1355 perse
311 1280 450 1352 spectem
473 1264 527 1329 sed
553 1266 610 1351 qui
636 1282 822 1353 sequuntur,
848 1264 1020 1331 admodum
1043 1262 1170 1343 insulsi,
1193 1264 1293 1353 longe

178 1390 254 1433 vero
274 1365 466 1431 insulsissimi
489 1365 521 1444 ii,
541 1367 599 1454 qni
621 1379 692 1455 post
711 1390 741 1431 v.
761 1368 852 1453 1558.
875 1378 1078 1431 assesserunt
1124 1366 1294 1430 Prreteres

179 1469 306 1535 lacunas
318 1467 559 1555 deprehendisse
580 1468 657 1533 mihi
674 1468 800 1534 videor:
823 1468 881 1556 ipsi
904 1468 948 1533 illi
965 1491 1075 1533 versus
1096 1469 1291 1552 623—626.

180 1570 329 1636 inlocum
344 1569 478 1634 aliorum
492 1568 532 1634 ad
547 1569 732 1658 explendam
756 1570 900 1635 lacunam
916 1568 1077 1635 substituti
1092 1591 1163 1633 esse
1179 1568 1293 1634 viden-

182 1689 247 1750 tur,
272 1671 406 1737 maxime
429 1695 490 1736 vss.
516 1688 598 1757 1559
618 1696 686 1759 sqq.
731 1673 839 1737 Etiam
867 1686 938 1761 post
963 1671 1107 1757 19471Ι
1132 1684 1169 1735 et
1193 1690 1292 1757 1179.

181 1775 327 1862 quoedam
343 1773 448 1838 deesse
463 1774 614 1860 suspicor,
629 1774 710 1839 utin
726 1775 808 1840 notis
822 1774 940 1839 monui.
975 1775 1057 1839 Haec
1071 1772 1182 1838 omnia
1196 1795 1295 1861 repu-

182 1875 261 1941 tanti
284 1897 345 1940 nou
367 1873 504 1939 absurda
524 1898 589 1939 esse
610 1877 790 1963 conjectura
809 1876 967 1942 videbitur
988 1874 1187 1964 suspicantis,
1209 1875 1295 1940 hanc

182 1977 332 2055 fabulam,
355 1999 429 2062 quae
455 1998 516 2041 non
538 1977 610 2041 vivo
631 1978 798 2065 Euripide,
820 1978 874 2043 sed
900 1992 971 2066 post
990 1978 1059 2064 ejus
1080 1992 1221 2041 mortem
1238 1977 1296 2042 de·

183 2102 270 2143 mum
293 2092 363 2142 acta
384 2079 434 2159 sit,
455 2079 497 2144 ab
513 2094 641 2144 auctore
661 2080 875 2166 imperfectam
892 2093 924 2144 et
943 2079 1121 2144 inchoatam
1144 2077 1295 2144 relictam

183 2205 259 2262 esse,
283 2181 326 2245 ita
349 2196 384 2246 ut
406 2180 555 2246 nonnulla
578 2180 705 2268 quidem
728 2204 800 2245 cum
819 2204 895 2246 cura
914 2180 1072 2246 elaborata
1090 2196 1208 2259 essent,
1230 2181 1295 2246 alia

184 2306 260 2348 vero
275 2283 419 2347 secundis
436 2284 518 2348 curis
532 2282 658 2361 relicta,i
675 2283 824 2348 nonnulla
839 2283 931 2347 etiam
950 2282 1080 2348 fortasse
1094 2283 1144 2348 bis
1161 2283 1296 2349 diverso

183 2386 279 2451 modo
301 2385 427 2472 scripta,
448 2407 520 2471 quae
539 2385 652 2449 deinde
671 2397 780 2449 auctor
801 2398 972 2450 retractans
991 2409 1028 2449 ea
1049 2384 1193 2471 eligeret,
1218 2409 1296 2473 quae

185 2487 319 2552 maxime
341 2487 507 2574 probarct;
531 2509 605 2573 quse
626 2487 754 2574 reperiri
775 2501 933 2574 poterant,
948 2510 985 2551 ea
1000 2487 1114 2551 deinde
1134 2487 1178 2552 ab
1195 2488 1297 2553 Euri·

183 2589 257 2677 pide
279 2589 397 2652 minore
420 2589 463 2652 ita
483 2602 698 2675 coagmentata
713 2612 789 2667 esse,
806 2604 842 2652 ut
859 2590 948 2676 justa
964 2588 1072 2654 fabula
1085 2589 1137 2675 agi
1160 2606 1293 2676 metr

183 2713 282 2778 quum
299 2713 372 2754 vero
387 2689 516 2776 vestigia
538 2690 671 2755 inessent
694 2713 798 2776 operae
821 2713 882 2754 non
905 2689 1068 2767 absolutae,
1084 2712 1158 2776 quse
1182 2691 1296 2756 deesse

185 2793 377 2869 viderentur,
400 2790 490 2856 aliter
515 2792 557 2855 ab
582 2791 649 2856 aliis
674 2791 800 2878 expleta
825 2816 900 2856 esse.
925 2792 1187 2857 MATTHIAE.
1235 2793 1296 2857 Ad

184 2895 436 2982 interpolationes
465 2916 484 2957 a
512 2893 681 2957 Matthiae
710 2909 831 2958 notatas
867 2895 1020 2959 accedunt
1048 2916 1158 2958 versus
1190 2895 1296 2982 spurii

185 2996 386 3085 postmodum
409 2997 524 3083 partim
539 2996 580 3061 ab
594 2996 661 3060 aliis
685 2997 796 3083 partim
812 3020 830 3062 a
849 2997 938 3060 nobis
959 2996 1033 3084 ipsis
1051 2996 1162 3074 notati,
1184 3014 1298 3080 171—

190 3101 261 3182 184.
287 3119 465 3185 192—302.
487 3103 561 3185 364.
586 3118 770 3179 414—441.
798 3100 872 3179 466.
896 3114 1077 3183 500—503.
1100 3099 1297 3184 528-544.

184 3203 370 3289 574-626.
393 3203 466 3287 638.
486 3204 561 3286 639.
585 3202 766 3285 652-655.
792 3203 866 3280 664.
887 3203 960 3285 665.
984 3202 1056 3264 668.
1080 3202 1155 3285 669.
1182 3216 1298 3287 773-

188 3308 263 3369 800.
286 3320 468 3389 942-974.
491 3323 563 3386 995.
591 3319 813 3386 ¹0¹7-1024·
838 3305 930 3369 1162.
953 3304 1297 3388 1163.1178—1208.

190 3411 411 3491 1264-1275.
441 3423 662 3489 1409-1433.
710 3403 847 3468 Sublatis
876 3405 973 3492 igitur
1002 3405 1050 3469 his
1079 3405 1298 3469 recentiorum

186 3511 372 3598 scriptorum
388 3507 609 3573 additamentis
623 3531 722 3593 quum
738 3529 800 3571 non
820 3508 919 3572 solum
936 3509 1071 3597 partium
1087 3508 1300 3595 quarundam

186 3612 374 3677 cohaerentia
389 3611 517 3676 tollatur
533 3609 745 3697 nonnullaque
767 3611 966 3698 paucioribus
981 3634 1077 3699 quam
1101 3634 1168 3675 mos
1191 3613 1299 3699 tragi-

187 3737 293 3778 corum
309 3715 370 3778 fert
385 3713 527 3778 versibus
548 3712 760 3789 absolvantur,
781 3714 947 3779 sedetiam
966 3715 1055 3802 justo
1069 3718 1156 3778 exitu
1179 3714 1300 3780 fabula

189 3815 388 3895 destituatur,
404 3816 483 3880 duas
505 3815 602 3902 hujus
618 3816 661 3880 rei
675 3815 868 3903 explicandae
883 3817 948 3882 vias
967 3815 1096 3904 cogitari
1118 3839 1213 3903 posse
1237 3841 1301 3905 pa·

222 4063 237 4102 s
255 4051 330 4102 necte
342 4051 432 4100 sentire
444 4051 600 4101 Matthiaeum
612 4051 761 4102 decessibus
774 4066 828 4115 ¹¹5·
843 4050 898 4109 116,
910 4067 977 4102 sertis
990 4054 1020 4102 ds
1030 4068 1054 4100 v.
1070 4052 1209 4114 117-163.
1222 4071 1304 4120 supra

189 4133 336 4184 monuimus.
354 4134 385 4181 G.
397 4133 430 4181 D.

222 4217 237 4256 h
255 4215 294 4265 Ds
310 4215 356 4264 hoe
372 4214 424 4263 loeo
434 4213 526 4262 fallitur
538 4214 660 4272 ntarthiae,
671 4231 748 4279 quum
765 4232 813 4264 non
831 4215 1027 4266 animadverterit
1041 4215 1134 4278 spurios
1145 4230 1199 4263 esse
1211 4232 1305 4268 versus

188 4307 327 4362 942-974.
362 4297 429 4345 Idem
447 4297 477 4343 de
490 4295 566 4345 altero
582 4295 633 4345 loeo
649 4297 740 4346 dictum
756 4307 815 4357 esto,
832 4298 859 4345 in
874 4312 922 4360 que
932 4298 1007 4360 spurii
1024 4301 1305 4363 11111111111111178-

207 4393 220 4426 r
257 4413 263 4427 .
280 4377 313 4425 G.
326 4377 358 4425 D.

193 4394 202 4428 ι
222 4379 505 4509 1809111111110111119111111
517 4468 624 4509 nostram
636 4461 701 4508 adv.
715 4459 785 4508 1080.
804 4461 834 4506 G.
847 4458 880 4506 D.
