<?xml version="1.0" encoding="UTF-8"?>
<!DOCTYPE html PUBLIC "-//W3C//DTD XHTML 1.0 Transitional//EN"
    "http://www.w3.org/TR/xhtml1/DTD/xhtml1-transitional.dtd">
<html xmlns="http://www.w3.org/1999/xhtml" xml:lang="en" lang="en">
 <head>
  <title>
</title>
<meta http-equiv="Content-Type" content="text/html;charset=utf-8" />
  <meta name='ocr-system' content='tesseract 3.04.00' />
  <meta name='ocr-capabilities' content='ocr_page ocr_carea ocr_par ocr_line ocrx_word'/>
</head>
<body>
  <div class='ocr_page' id='page_1' title='image "./tragoediaesuper01eurigoog_0141.png"; bbox 0 0 2864 4914; ppageno 0'>
   <div class='ocr_carea' id='block_1_1' title="bbox 159 276 900 342">
    <p class='ocr_par' dir='ltr' id='par_1_1' title="bbox 159 276 900 342">
     <span class='ocr_line' id='line_1_1' title="bbox 159 276 900 342; baseline 0.004 -3"><span class='ocrx_word' id='word_1_1' title='bbox 159 277 223 341; x_wconf 72' lang='lat'><strong>132</strong></span> <span class='ocrx_word' id='word_1_2' title='bbox 521 276 900 342; x_wconf 88' lang='lat' dir='ltr'><strong>ANNOTATIONES</strong></span> 
     </span>
    </p>
   </div>
   <div class='ocr_carea' id='block_1_2' title="bbox 130 447 1267 3088">
    <p class='ocr_par' dir='ltr' id='par_1_2' title="bbox 202 447 1134 537">
     <span class='ocr_line' id='line_1_2' title="bbox 202 447 1134 537; baseline 0 -26"><span class='ocrx_word' id='word_1_3' title='bbox 202 462 254 530; x_wconf 89' lang='lat'><strong>70.</strong></span> <span class='ocrx_word' id='word_1_4' title='bbox 271 447 375 531; x_wconf 71' lang='grc' dir='ltr'>εὐχὰς]</span> <span class='ocrx_word' id='word_1_5' title='bbox 393 448 466 528; x_wconf 70' lang='lat' dir='ltr'><strong>apos</strong></span> <span class='ocrx_word' id='word_1_6' title='bbox 480 449 528 526; x_wconf 90' lang='lat' dir='ltr'><strong>H,</strong></span> <span class='ocrx_word' id='word_1_7' title='bbox 545 448 631 513; x_wconf 87' lang='lat' dir='ltr'><strong>Flor.</strong></span> <span class='ocrx_word' id='word_1_8' title='bbox 648 471 731 513; x_wconf 88' lang='lat' dir='ltr'><strong>unus</strong></span> <span class='ocrx_word' id='word_1_9' title='bbox 743 463 775 514; x_wconf 89' lang='lat' dir='ltr'><strong>et</strong></span> <span class='ocrx_word' id='word_1_10' title='bbox 790 449 870 514; x_wconf 94' lang='lat' dir='ltr'><strong>Ald.</strong></span> <span class='ocrx_word' id='word_1_11' title='bbox 886 472 926 514; x_wconf 88' lang='lat' dir='ltr'><strong>ex</strong></span> <span class='ocrx_word' id='word_1_12' title='bbox 940 450 1134 537; x_wconf 78' lang='lat' dir='ltr'><strong>glossemate.</strong></span> 
     </span>
    </p>

    <p class='ocr_par' dir='ltr' id='par_1_3' title="bbox 202 550 956 633">
     <span class='ocr_line' id='line_1_3' title="bbox 202 550 956 633; baseline -0.001 -16"><span class='ocrx_word' id='word_1_13' title='bbox 202 564 220 632; x_wconf 90' lang='lat'><em>7</em></span> <span class='ocrx_word' id='word_1_14' title='bbox 225 568 255 617; x_wconf 81' lang='lat'><strong>2.</strong></span> <span class='ocrx_word' id='word_1_15' title='bbox 272 552 322 633; x_wconf 89' lang='lat'><strong>76.</strong></span> <span class='ocrx_word' id='word_1_16' title='bbox 340 551 526 633; x_wconf 79' lang='grc' dir='ltr'>Πολυνείκη]</span> <span class='ocrx_word' id='word_1_17' title='bbox 543 550 744 616; x_wconf 87' lang='lat' dir='ltr'><strong>Scribebatur</strong></span> <span class='ocrx_word' id='word_1_18' title='bbox 759 553 956 633; x_wconf 72' lang='grc' dir='ltr'>Πολυνείκην.</span> 
     </span>
    </p>

    <p class='ocr_par' dir='ltr' id='par_1_4' title="bbox 204 651 639 738">
     <span class='ocr_line' id='line_1_4' title="bbox 204 651 639 738; baseline 0.005 -23"><span class='ocrx_word' id='word_1_19' title='bbox 204 666 255 735; x_wconf 88' lang='lat'><strong>79.</strong></span> <span class='ocrx_word' id='word_1_20' title='bbox 272 651 330 736; x_wconf 76' lang='grc' dir='ltr'>ἐπ’]</span> <span class='ocrx_word' id='word_1_21' title='bbox 352 653 383 718; x_wconf 77' lang='grc' dir='ltr'><strong>ἐς</strong></span> <span class='ocrx_word' id='word_1_22' title='bbox 397 674 469 738; x_wconf 88' lang='lat' dir='ltr'><strong>pars</strong></span> <span class='ocrx_word' id='word_1_23' title='bbox 483 653 639 717; x_wconf 91' lang='lat' dir='ltr'><strong>codicum.</strong></span> 
     </span>
    </p>

    <p class='ocr_par' dir='ltr' id='par_1_5' title="bbox 203 751 883 821">
     <span class='ocr_line' id='line_1_5' title="bbox 203 751 883 821; baseline 0.006 -5"><span class='ocrx_word' id='word_1_24' title='bbox 203 752 256 816; x_wconf 89' lang='lat'><strong>81.</strong></span> <span class='ocrx_word' id='word_1_25' title='bbox 272 751 396 818; x_wconf 82' lang='grc' dir='ltr'>λύσουσ’</span> <span class='ocrx_word' id='word_1_26' title='bbox 414 754 644 820; x_wconf 83' lang='lat' dir='ltr'><strong>Valckenarius.</strong></span> <span class='ocrx_word' id='word_1_27' title='bbox 680 754 784 821; x_wconf 81' lang='grc' dir='ltr'>λύουσ’</span> <span class='ocrx_word' id='word_1_28' title='bbox 798 755 883 821; x_wconf 84' lang='lat' dir='ltr'>libri.</span> 
     </span>
    </p>

    <p class='ocr_par' dir='ltr' id='par_1_6' title="bbox 160 853 1264 1020">
     <span class='ocr_line' id='line_1_6' title="bbox 204 853 1264 944; baseline 0.003 -28"><span class='ocrx_word' id='word_1_29' title='bbox 204 853 254 934; x_wconf 83' lang='lat'><strong>84</strong></span> <span class='ocrx_word' id='word_1_30' title='bbox 278 858 424 937; x_wconf 81' lang='grc' dir='ltr'>φαεννὰς]</span> <span class='ocrx_word' id='word_1_31' title='bbox 450 859 577 937; x_wconf 77' lang='grc' dir='ltr'>φαεινὰς</span> <span class='ocrx_word' id='word_1_32' title='bbox 602 880 674 944; x_wconf 91' lang='lat' dir='ltr'><strong>pars</strong></span> <span class='ocrx_word' id='word_1_33' title='bbox 693 857 835 922; x_wconf 90' lang='lat' dir='ltr'><strong>codicum</strong></span> <span class='ocrx_word' id='word_1_34' title='bbox 859 871 968 923; x_wconf 92' lang='lat' dir='ltr'><strong>contra</strong></span> <span class='ocrx_word' id='word_1_35' title='bbox 989 878 1107 922; x_wconf 87' lang='lat' dir='ltr'><strong>morem</strong></span> <span class='ocrx_word' id='word_1_36' title='bbox 1131 853 1264 942; x_wconf 83' lang='lat' dir='ltr'><strong>tragion-</strong></span> 
     </span>
     <span class='ocr_line' id='line_1_7' title="bbox 160 978 241 1020; baseline -0.012 0"><span class='ocrx_word' id='word_1_37' title='bbox 160 978 241 1020; x_wconf 89' lang='lat' dir='ltr'><strong>rum.</strong></span> 
     </span>
    </p>

    <p class='ocr_par' dir='ltr' id='par_1_7' title="bbox 202 1061 686 1149">
     <span class='ocr_line' id='line_1_8' title="bbox 202 1061 686 1149; baseline 0.004 -24"><span class='ocrx_word' id='word_1_38' title='bbox 202 1061 331 1147; x_wconf 77' lang='grc' dir='ltr'>πτύχας]</span> <span class='ocrx_word' id='word_1_39' title='bbox 348 1063 445 1128; x_wconf 79' lang='grc' dir='ltr'>πύλας</span> <span class='ocrx_word' id='word_1_40' title='bbox 459 1061 580 1149; x_wconf 82' lang='lat' dir='ltr'>aliquot</span> <span class='ocrx_word' id='word_1_41' title='bbox 594 1061 686 1127; x_wconf 91' lang='lat' dir='ltr'><strong>codd.</strong></span> 
     </span>
    </p>

    <p class='ocr_par' dir='ltr' id='par_1_8' title="bbox 204 1164 1201 1249">
     <span class='ocr_line' id='line_1_9' title="bbox 204 1164 1201 1249; baseline 0 -22"><span class='ocrx_word' id='word_1_42' title='bbox 204 1165 255 1249; x_wconf 86' lang='lat'><strong>85.</strong></span> <span class='ocrx_word' id='word_1_43' title='bbox 274 1165 427 1244; x_wconf 86' lang='grc' dir='ltr'>σύμβασιν</span> <span class='ocrx_word' id='word_1_44' title='bbox 443 1164 529 1229; x_wconf 90' lang='lat' dir='ltr'><strong>Flor.</strong></span> <span class='ocrx_word' id='word_1_45' title='bbox 546 1188 637 1229; x_wconf 91' lang='lat' dir='ltr'><strong>unus.</strong></span> <span class='ocrx_word' id='word_1_46' title='bbox 675 1165 780 1230; x_wconf 90' lang='lat' dir='ltr'><strong>Ceteri</strong></span> <span class='ocrx_word' id='word_1_47' title='bbox 794 1166 886 1230; x_wconf 87' lang='lat' dir='ltr'><strong>codd.</strong></span> <span class='ocrx_word' id='word_1_48' title='bbox 902 1181 933 1230; x_wconf 91' lang='lat' dir='ltr'><strong>et</strong></span> <span class='ocrx_word' id='word_1_49' title='bbox 949 1164 1025 1230; x_wconf 92' lang='lat' dir='ltr'><strong>Ald.</strong></span> <span class='ocrx_word' id='word_1_50' title='bbox 1041 1166 1201 1245; x_wconf 76' lang='grc' dir='ltr'>ξύμβασιν.</span> 
     </span>
    </p>

    <p class='ocr_par' dir='ltr' id='par_1_9' title="bbox 158 1265 1263 1456">
     <span class='ocr_line' id='line_1_10' title="bbox 203 1265 1263 1354; baseline -0.001 -24"><span class='ocrx_word' id='word_1_51' title='bbox 203 1267 257 1330; x_wconf 88' lang='grc'><strong>86.</strong></span> <span class='ocrx_word' id='word_1_52' title='bbox 278 1266 350 1349; x_wconf 78' lang='grc' dir='ltr'>χρὴ]</span> <span class='ocrx_word' id='word_1_53' title='bbox 375 1269 452 1348; x_wconf 82' lang='grc' dir='ltr'>χρῆν</span> <span class='ocrx_word' id='word_1_54' title='bbox 473 1266 605 1352; x_wconf 86' lang='lat' dir='ltr'><strong>conjecit</strong></span> <span class='ocrx_word' id='word_1_55' title='bbox 621 1266 855 1347; x_wconf 82' lang='lat' dir='ltr'>Valckenarius,</span> <span class='ocrx_word' id='word_1_56' title='bbox 870 1268 952 1333; x_wconf 88' lang='lat' dir='ltr'><strong>duce</strong></span> <span class='ocrx_word' id='word_1_57' title='bbox 974 1267 1181 1354; x_wconf 80' lang='lat' dir='ltr'><strong>Athenagora</strong></span> <span class='ocrx_word' id='word_1_58' title='bbox 1196 1265 1263 1330; x_wconf 92' lang='lat' dir='ltr'><strong>Le·</strong></span> 
     </span>
     <span class='ocr_line' id='line_1_11' title="bbox 158 1367 1127 1456; baseline 0.004 -25"><span class='ocrx_word' id='word_1_59' title='bbox 158 1380 224 1456; x_wconf 87' lang='lat' dir='ltr'><strong>gat.</strong></span> <span class='ocrx_word' id='word_1_60' title='bbox 242 1391 274 1455; x_wconf 89' lang='lat' dir='ltr'><strong>p.</strong></span> <span class='ocrx_word' id='word_1_61' title='bbox 291 1386 342 1434; x_wconf 85' lang='lat'><strong>22.</strong></span> <span class='ocrx_word' id='word_1_62' title='bbox 358 1367 413 1454; x_wconf 92' lang='lat' dir='ltr'><strong>qui</strong></span> <span class='ocrx_word' id='word_1_63' title='bbox 429 1368 525 1454; x_wconf 85' lang='lat' dir='ltr'>hujus</span> <span class='ocrx_word' id='word_1_64' title='bbox 538 1369 597 1432; x_wconf 92' lang='lat' dir='ltr'><strong>loci</strong></span> <span class='ocrx_word' id='word_1_65' title='bbox 613 1370 765 1435; x_wconf 86' lang='lat' dir='ltr'><strong>sententia</strong></span> <span class='ocrx_word' id='word_1_66' title='bbox 779 1385 871 1436; x_wconf 90' lang='lat' dir='ltr'><strong>utens</strong></span> <span class='ocrx_word' id='word_1_67' title='bbox 885 1373 998 1453; x_wconf 81' lang='grc' dir='ltr'>ὤφειλε</span> <span class='ocrx_word' id='word_1_68' title='bbox 1013 1370 1127 1456; x_wconf 77' lang='lat' dir='ltr'><strong>posuit.</strong></span> 
     </span>
    </p>

    <p class='ocr_par' dir='ltr' id='par_1_10' title="bbox 158 1469 1264 1862">
     <span class='ocr_line' id='line_1_12' title="bbox 201 1469 1263 1560; baseline 0 -26"><span class='ocrx_word' id='word_1_69' title='bbox 201 1476 319 1551; x_wconf 79' lang='grc' dir='ltr'>βροτῶν</span> <span class='ocrx_word' id='word_1_70' title='bbox 335 1469 567 1535; x_wconf 82' lang='lat' dir='ltr'><strong>Valckenarius.</strong></span> <span class='ocrx_word' id='word_1_71' title='bbox 591 1471 705 1553; x_wconf 86' lang='grc' dir='ltr'>βροτὸν</span> <span class='ocrx_word' id='word_1_72' title='bbox 719 1471 801 1536; x_wconf 86' lang='lat' dir='ltr'><strong>libri.</strong></span> <span class='ocrx_word' id='word_1_73' title='bbox 835 1472 930 1542; x_wconf 85' lang='lat' dir='ltr'><strong>Quod</strong></span> <span class='ocrx_word' id='word_1_74' title='bbox 946 1471 1117 1560; x_wconf 87' lang='lat' dir='ltr'><strong>Euripides</strong></span> <span class='ocrx_word' id='word_1_75' title='bbox 1131 1469 1263 1557; x_wconf 87' lang='lat' dir='ltr'><strong>scripse·</strong></span> 
     </span>
     <span class='ocr_line' id='line_1_13' title="bbox 159 1573 1263 1663; baseline -0.001 -26"><span class='ocrx_word' id='word_1_76' title='bbox 159 1586 207 1637; x_wconf 92' lang='lat' dir='ltr'><strong>rat</strong></span> <span class='ocrx_word' id='word_1_77' title='bbox 230 1578 394 1638; x_wconf 88' lang='lat' dir='ltr'><strong>BPOTON</strong></span> <span class='ocrx_word' id='word_1_78' title='bbox 417 1597 516 1661; x_wconf 89' lang='lat' dir='ltr'><strong>quum</strong></span> <span class='ocrx_word' id='word_1_79' title='bbox 540 1589 571 1639; x_wconf 90' lang='lat' dir='ltr'><strong>et</strong></span> <span class='ocrx_word' id='word_1_80' title='bbox 592 1577 705 1656; x_wconf 87' lang='grc' dir='ltr'>βροτόν</span> <span class='ocrx_word' id='word_1_81' title='bbox 728 1588 759 1639; x_wconf 90' lang='lat' dir='ltr'><strong>et</strong></span> <span class='ocrx_word' id='word_1_82' title='bbox 782 1581 900 1656; x_wconf 83' lang='grc' dir='ltr'>βροτῶν</span> <span class='ocrx_word' id='word_1_83' title='bbox 919 1575 1092 1663; x_wconf 82' lang='lat' dir='ltr'><strong>significare</strong></span> <span class='ocrx_word' id='word_1_84' title='bbox 1114 1573 1263 1660; x_wconf 87' lang='lat' dir='ltr'><strong>potuerit,</strong></span> 
     </span>
     <span class='ocr_line' id='line_1_14' title="bbox 158 1675 1264 1764; baseline 0.001 -24"><span class='ocrx_word' id='word_1_85' title='bbox 158 1699 219 1763; x_wconf 87' lang='lat' dir='ltr'><strong>ego</strong></span> <span class='ocrx_word' id='word_1_86' title='bbox 232 1675 358 1763; x_wconf 87' lang='lat' dir='ltr'><strong>praetuli</strong></span> <span class='ocrx_word' id='word_1_87' title='bbox 373 1676 459 1762; x_wconf 93' lang='lat' dir='ltr'><strong>quod</strong></span> <span class='ocrx_word' id='word_1_88' title='bbox 482 1676 626 1741; x_wconf 89' lang='lat' dir='ltr'>similium</span> <span class='ocrx_word' id='word_1_89' title='bbox 646 1677 784 1742; x_wconf 86' lang='lat' dir='ltr'><strong>locorum</strong></span> <span class='ocrx_word' id='word_1_90' title='bbox 800 1677 990 1764; x_wconf 89' lang='lat' dir='ltr'><strong>comparatio</strong></span> <span class='ocrx_word' id='word_1_91' title='bbox 1005 1677 1166 1742; x_wconf 87' lang='lat' dir='ltr'><strong>suadebat.</strong></span> <span class='ocrx_word' id='word_1_92' title='bbox 1211 1676 1264 1741; x_wconf 92' lang='lat' dir='ltr'><strong>Sic</strong></span> 
     </span>
     <span class='ocr_line' id='line_1_15' title="bbox 159 1777 1241 1862; baseline 0.002 -20"><span class='ocrx_word' id='word_1_93' title='bbox 159 1777 256 1842; x_wconf 89' lang='lat' dir='ltr'><strong>Rhes.</strong></span> <span class='ocrx_word' id='word_1_94' title='bbox 274 1780 345 1841; x_wconf 92' lang='lat'><strong>106.</strong></span> <span class='ocrx_word' id='word_1_95' title='bbox 363 1777 432 1842; x_wconf 82' lang='grc' dir='ltr'>ἀλλ’</span> <span class='ocrx_word' id='word_1_96' title='bbox 448 1778 483 1842; x_wconf 77' lang='grc' dir='ltr'><strong>οὔ</strong></span> <span class='ocrx_word' id='word_1_97' title='bbox 498 1782 555 1861; x_wconf 82' lang='grc' dir='ltr'><strong>γδρ</strong></span> <span class='ocrx_word' id='word_1_98' title='bbox 571 1780 658 1846; x_wconf 78' lang='grc' dir='ltr'>αὐτὸς</span> <span class='ocrx_word' id='word_1_99' title='bbox 672 1780 756 1844; x_wconf 84' lang='grc' dir='ltr'>πάντ’</span> <span class='ocrx_word' id='word_1_100' title='bbox 772 1783 951 1845; x_wconf 75' lang='grc' dir='ltr'>ἐπίστασθαι</span> <span class='ocrx_word' id='word_1_101' title='bbox 964 1786 1082 1862; x_wconf 77' lang='grc' dir='ltr'>βροτῶν</span> <span class='ocrx_word' id='word_1_102' title='bbox 1095 1779 1241 1862; x_wconf 71' lang='grc' dir='ltr'>πέφυκεν.</span> 
     </span>
    </p>

    <p class='ocr_par' dir='ltr' id='par_1_11' title="bbox 204 1879 1264 1966">
     <span class='ocr_line' id='line_1_16' title="bbox 204 1879 1264 1966; baseline 0.001 -21"><span class='ocrx_word' id='word_1_103' title='bbox 204 1882 255 1964; x_wconf 88' lang='lat'><strong>87.</strong></span> <span class='ocrx_word' id='word_1_104' title='bbox 270 1882 318 1945; x_wconf 71' lang='lat' dir='ltr'><strong>aa</strong></span> <span class='ocrx_word' id='word_1_105' title='bbox 333 1881 372 1944; x_wconf 92' lang='grc' dir='ltr'><strong>Β.</strong></span> <span class='ocrx_word' id='word_1_106' title='bbox 388 1879 503 1966; x_wconf 89' lang='lat' dir='ltr'><strong>aliique</strong></span> <span class='ocrx_word' id='word_1_107' title='bbox 518 1881 670 1947; x_wconf 90' lang='lat' dir='ltr'><strong>nonnulli.</strong></span> <span class='ocrx_word' id='word_1_108' title='bbox 709 1881 775 1947; x_wconf 93' lang='lat' dir='ltr'><strong>Alii</strong></span> <span class='ocrx_word' id='word_1_109' title='bbox 791 1906 861 1947; x_wconf 91' lang='lat' dir='ltr'><strong>cum</strong></span> <span class='ocrx_word' id='word_1_110' title='bbox 878 1882 957 1946; x_wconf 92' lang='lat' dir='ltr'><strong>Ald.</strong></span> <span class='ocrx_word' id='word_1_111' title='bbox 974 1883 1041 1947; x_wconf 77' lang='lat' dir='ltr'><strong>olel.</strong></span> <span class='ocrx_word' id='word_1_112' title='bbox 1076 1881 1190 1947; x_wconf 90' lang='lat' dir='ltr'><strong>Utitur</strong></span> <span class='ocrx_word' id='word_1_113' title='bbox 1203 1881 1264 1946; x_wconf 90' lang='lat' dir='ltr'><strong>hoc</strong></span> 
     </span>
    </p>

    <p class='ocr_par' dir='ltr' id='par_1_12' title="bbox 130 1981 1264 2561">
     <span class='ocr_line' id='line_1_17' title="bbox 159 1981 1263 2073; baseline 0 -25"><span class='ocrx_word' id='word_1_114' title='bbox 159 2006 251 2049; x_wconf 89' lang='lat' dir='ltr'><strong>versu</strong></span> <span class='ocrx_word' id='word_1_115' title='bbox 275 1981 497 2070; x_wconf 87' lang='lat' dir='ltr'><strong>grammaticus</strong></span> <span class='ocrx_word' id='word_1_116' title='bbox 521 1984 795 2070; x_wconf 85' lang='lat' dir='ltr'><strong>Sangermanensis</strong></span> <span class='ocrx_word' id='word_1_117' title='bbox 819 1987 906 2073; x_wconf 89' lang='lat' dir='ltr'><strong>apud</strong></span> <span class='ocrx_word' id='word_1_118' title='bbox 930 1986 1038 2073; x_wconf 86' lang='lat' dir='ltr'><strong>Heyn.</strong></span> <span class='ocrx_word' id='word_1_119' title='bbox 1063 1984 1104 2049; x_wconf 86' lang='lat' dir='ltr'><strong>ad</strong></span> <span class='ocrx_word' id='word_1_120' title='bbox 1130 1986 1263 2049; x_wconf 90' lang='lat' dir='ltr'><strong>Homer.</strong></span> 
     </span>
     <span class='ocr_line' id='line_1_18' title="bbox 159 2084 913 2173; baseline 0.003 -23"><span class='ocrx_word' id='word_1_121' title='bbox 159 2085 221 2150; x_wconf 87' lang='lat' dir='ltr'><strong>vol.</strong></span> <span class='ocrx_word' id='word_1_122' title='bbox 237 2087 268 2149; x_wconf 91' lang='lat'><strong>6.</strong></span> <span class='ocrx_word' id='word_1_123' title='bbox 285 2109 317 2173; x_wconf 91' lang='lat' dir='ltr'><strong>p.</strong></span> <span class='ocrx_word' id='word_1_124' title='bbox 332 2084 404 2168; x_wconf 82' lang='lat'><strong>638.</strong></span> <span class='ocrx_word' id='word_1_125' title='bbox 423 2099 458 2149; x_wconf 92' lang='lat' dir='ltr'><strong>ut</strong></span> <span class='ocrx_word' id='word_1_126' title='bbox 473 2087 523 2150; x_wconf 83' lang='grc' dir='ltr'><strong>άεί</strong></span> <span class='ocrx_word' id='word_1_127' title='bbox 537 2113 557 2150; x_wconf 93' lang='grc' dir='ltr'>α</span> <span class='ocrx_word' id='word_1_128' title='bbox 571 2085 666 2173; x_wconf 85' lang='lat' dir='ltr'><strong>longo</strong></span> <span class='ocrx_word' id='word_1_129' title='bbox 681 2111 746 2152; x_wconf 88' lang='lat' dir='ltr'><strong>esse</strong></span> <span class='ocrx_word' id='word_1_130' title='bbox 759 2087 913 2152; x_wconf 91' lang='lat' dir='ltr'><strong>ostendat.</strong></span> 
     </span>
     <span class='ocr_line' id='line_1_19' title="bbox 130 2188 1262 2274; baseline 0.002 -23"><span class='ocrx_word' id='word_1_131' title='bbox 130 2241 133 2245; x_wconf 61' lang='grc'>,</span> <span class='ocrx_word' id='word_1_132' title='bbox 203 2208 256 2274; x_wconf 87' lang='lat'><strong>93.</strong></span> <span class='ocrx_word' id='word_1_133' title='bbox 267 2208 319 2273; x_wconf 86' lang='lat'><strong>94.</strong></span> <span class='ocrx_word' id='word_1_134' title='bbox 332 2189 416 2253; x_wconf 87' lang='lat' dir='ltr'><strong>Duae</strong></span> <span class='ocrx_word' id='word_1_135' title='bbox 427 2189 672 2255; x_wconf 88' lang='lat' dir='ltr'><strong>constructiones</strong></span> <span class='ocrx_word' id='word_1_136' title='bbox 681 2189 712 2253; x_wconf 94' lang='lat' dir='ltr'><strong>in</strong></span> <span class='ocrx_word' id='word_1_137' title='bbox 727 2212 819 2253; x_wconf 91' lang='lat' dir='ltr'><strong>unam</strong></span> <span class='ocrx_word' id='word_1_138' title='bbox 833 2189 975 2255; x_wconf 69' lang='lat' dir='ltr'><strong>conflatae</strong></span> <span class='ocrx_word' id='word_1_139' title='bbox 990 2203 1081 2254; x_wconf 86' lang='lat' dir='ltr'><strong>sunt:</strong></span> <span class='ocrx_word' id='word_1_140' title='bbox 1104 2188 1145 2270; x_wconf 82' lang='grc' dir='ltr'><strong>μή</strong></span> <span class='ocrx_word' id='word_1_141' title='bbox 1159 2191 1262 2273; x_wconf 80' lang='lat' dir='ltr'><strong>(aum)</strong></span> 
     </span>
     <span class='ocr_line' id='line_1_20' title="bbox 160 2290 1264 2373; baseline 0.002 -19"><span class='ocrx_word' id='word_1_142' title='bbox 160 2317 204 2359; x_wconf 78' lang='grc' dir='ltr'><strong>τις</strong></span> <span class='ocrx_word' id='word_1_143' title='bbox 217 2297 350 2355; x_wconf 80' lang='grc' dir='ltr'>πολιτῶν</span> <span class='ocrx_word' id='word_1_144' title='bbox 365 2292 555 2373; x_wconf 82' lang='grc' dir='ltr'>φαντάζεται,</span> <span class='ocrx_word' id='word_1_145' title='bbox 572 2308 603 2356; x_wconf 88' lang='lat' dir='ltr'><strong>et</strong></span> <span class='ocrx_word' id='word_1_146' title='bbox 617 2291 657 2371; x_wconf 86' lang='grc' dir='ltr'><strong>μή</strong></span> <span class='ocrx_word' id='word_1_147' title='bbox 672 2317 716 2358; x_wconf 80' lang='grc' dir='ltr'><strong>τις</strong></span> <span class='ocrx_word' id='word_1_148' title='bbox 736 2317 767 2354; x_wconf 90' lang='grc' dir='ltr'><strong>π.</strong></span> <span class='ocrx_word' id='word_1_149' title='bbox 783 2291 974 2373; x_wconf 78' lang='grc' dir='ltr'>φαντάζηται,</span> <span class='ocrx_word' id='word_1_150' title='bbox 990 2291 1058 2355; x_wconf 84' lang='lat' dir='ltr'><strong>hoec</strong></span> <span class='ocrx_word' id='word_1_151' title='bbox 1077 2290 1176 2356; x_wconf 87' lang='lat' dir='ltr'><strong>altera</strong></span> <span class='ocrx_word' id='word_1_152' title='bbox 1189 2315 1264 2356; x_wconf 88' lang='lat' dir='ltr'><strong>con·</strong></span> 
     </span>
     <span class='ocr_line' id='line_1_21' title="bbox 161 2393 1264 2481; baseline -0.002 -21"><span class='ocrx_word' id='word_1_153' title='bbox 161 2394 303 2460; x_wconf 87' lang='lat' dir='ltr'><strong>tinuatur</strong></span> <span class='ocrx_word' id='word_1_154' title='bbox 320 2393 420 2458; x_wconf 92' lang='lat' dir='ltr'><strong>verbis</strong></span> <span class='ocrx_word' id='word_1_155' title='bbox 443 2396 529 2474; x_wconf 83' lang='grc' dir='ltr'>κάροὶ</span> <span class='ocrx_word' id='word_1_156' title='bbox 542 2397 599 2475; x_wconf 76' lang='grc' dir='ltr'><strong>μὲν</strong></span> <span class='ocrx_word' id='word_1_157' title='bbox 615 2395 699 2481; x_wconf 75' lang='grc' dir='ltr'>ἔλθῃ,</span> <span class='ocrx_word' id='word_1_158' title='bbox 715 2403 745 2458; x_wconf 84' lang='lat' dir='ltr'><strong>et</strong></span> <span class='ocrx_word' id='word_1_159' title='bbox 760 2415 800 2457; x_wconf 80' lang='lat' dir='ltr'><strong>ae</strong></span> <span class='ocrx_word' id='word_1_160' title='bbox 821 2394 900 2457; x_wconf 77' lang='lat' dir='ltr'><strong>milri</strong></span> <span class='ocrx_word' id='word_1_161' title='bbox 914 2395 1116 2481; x_wconf 75' lang='lat' dir='ltr'><strong>reprehensio</strong></span> <span class='ocrx_word' id='word_1_162' title='bbox 1129 2395 1264 2459; x_wconf 73' lang='lat' dir='ltr'><strong>oriatur.</strong></span> 
     </span>
     <span class='ocr_line' id='line_1_22' title="bbox 162 2498 355 2561; baseline -0.01 0"><span class='ocrx_word' id='word_1_163' title='bbox 162 2498 355 2561; x_wconf 88' lang='lat' dir='ltr'><strong>MATTH.</strong></span> 
     </span>
    </p>

    <p class='ocr_par' dir='ltr' id='par_1_13' title="bbox 204 2596 712 2684">
     <span class='ocr_line' id='line_1_23' title="bbox 204 2596 712 2684; baseline -0.004 -22"><span class='ocrx_word' id='word_1_164' title='bbox 204 2619 257 2684; x_wconf 95' lang='grc'><strong>94.</strong></span> <span class='ocrx_word' id='word_1_165' title='bbox 276 2598 349 2677; x_wconf 79' lang='grc' dir='ltr'>ἔλθῃ</span> <span class='ocrx_word' id='word_1_166' title='bbox 363 2596 495 2662; x_wconf 77' lang='lat' dir='ltr'><strong>codices</strong></span> <span class='ocrx_word' id='word_1_167' title='bbox 535 2598 620 2662; x_wconf 81' lang='grc' dir='ltr'>ἔλθοι</span> <span class='ocrx_word' id='word_1_168' title='bbox 635 2596 712 2660; x_wconf 90' lang='lat' dir='ltr'><strong>Ald.</strong></span> 
     </span>
    </p>

    <p class='ocr_par' dir='ltr' id='par_1_14' title="bbox 161 2697 1267 2993">
     <span class='ocr_line' id='line_1_24' title="bbox 208 2697 1267 2786; baseline 0.003 -22"><span class='ocrx_word' id='word_1_169' title='bbox 208 2720 278 2784; x_wconf 84' lang='lat'><strong>103.</strong></span> <span class='ocrx_word' id='word_1_170' title='bbox 304 2698 495 2764; x_wconf 86' lang='lat' dir='ltr'><strong>Revocanda</strong></span> <span class='ocrx_word' id='word_1_171' title='bbox 509 2722 655 2764; x_wconf 86' lang='lat' dir='ltr'><strong>versuum</strong></span> <span class='ocrx_word' id='word_1_172' title='bbox 677 2697 846 2786; x_wconf 85' lang='lat' dir='ltr'><strong>descriptio</strong></span> <span class='ocrx_word' id='word_1_173' title='bbox 860 2699 981 2764; x_wconf 88' lang='lat' dir='ltr'><strong>Aldina</strong></span> <span class='ocrx_word' id='word_1_174' title='bbox 997 2701 1086 2784; x_wconf 76' lang='grc' dir='ltr'>ὄρεγέ</span> <span class='ocrx_word' id='word_1_175' title='bbox 1108 2729 1161 2767; x_wconf 85' lang='grc' dir='ltr'><strong>νυν</strong></span> <span class='ocrx_word' id='word_1_176' title='bbox 1177 2704 1267 2785; x_wconf 80' lang='grc' dir='ltr'>ὄρεγε</span> 
     </span>
     <span class='ocr_line' id='line_1_25' title="bbox 161 2801 1266 2889; baseline 0.004 -23"><span class='ocrx_word' id='word_1_177' title='bbox 161 2806 285 2886; x_wconf 80' lang='grc' dir='ltr'>γεραιὰν</span> <span class='ocrx_word' id='word_1_178' title='bbox 301 2801 354 2887; x_wconf 72' lang='grc' dir='ltr'><strong>νέᾳ</strong></span> <span class='ocrx_word' id='word_1_179' title='bbox 367 2805 441 2885; x_wconf 81' lang='grc' dir='ltr'>χεῖρ’</span> <span class='ocrx_word' id='word_1_180' title='bbox 458 2802 517 2866; x_wconf 81' lang='grc' dir='ltr'><strong>άπὸ</strong></span> <span class='ocrx_word' id='word_1_181' title='bbox 533 2801 681 2881; x_wconf 79' lang='grc' dir='ltr'>κλιμάκων</span> <span class='ocrx_word' id='word_1_182' title='bbox 701 2801 706 2889; x_wconf 87' lang='grc' dir='ltr'>Ι</span> <span class='ocrx_word' id='word_1_183' title='bbox 725 2803 815 2870; x_wconf 83' lang='grc' dir='ltr'>ποδὸς</span> <span class='ocrx_word' id='word_1_184' title='bbox 832 2806 917 2886; x_wconf 79' lang='grc' dir='ltr'>ἴχνος</span> <span class='ocrx_word' id='word_1_185' title='bbox 931 2804 1135 2871; x_wconf 71' lang='grc' dir='ltr'>ἐπαντέλλων.</span> <span class='ocrx_word' id='word_1_186' title='bbox 1175 2807 1266 2870; x_wconf 84' lang='lat' dir='ltr'><strong>Post-</strong></span> 
     </span>
     <span class='ocr_line' id='line_1_26' title="bbox 162 2904 1060 2993; baseline 0.004 -25"><span class='ocrx_word' id='word_1_187' title='bbox 162 2927 248 2969; x_wconf 91' lang='lat' dir='ltr'><strong>remo</strong></span> <span class='ocrx_word' id='word_1_188' title='bbox 262 2904 408 2968; x_wconf 91' lang='lat' dir='ltr'><strong>dochmio</strong></span> <span class='ocrx_word' id='word_1_189' title='bbox 422 2904 495 2968; x_wconf 77' lang='lat' dir='ltr'><strong>duae</strong></span> <span class='ocrx_word' id='word_1_190' title='bbox 510 2904 640 2992; x_wconf 83' lang='lat' dir='ltr'><strong>syllabae</strong></span> <span class='ocrx_word' id='word_1_191' title='bbox 653 2905 763 2969; x_wconf 90' lang='lat' dir='ltr'><strong>breves</strong></span> <span class='ocrx_word' id='word_1_192' title='bbox 778 2905 946 2993; x_wconf 85' lang='lat' dir='ltr'><strong>praemissae</strong></span> <span class='ocrx_word' id='word_1_193' title='bbox 960 2909 1060 2975; x_wconf 80' lang='grc' dir='ltr'>ποδός.</span> 
     </span>
    </p>

    <p class='ocr_par' dir='ltr' id='par_1_15' title="bbox 209 3005 1266 3088">
     <span class='ocr_line' id='line_1_27' title="bbox 209 3005 1266 3088; baseline 0.006 -19"><span class='ocrx_word' id='word_1_194' title='bbox 209 3026 281 3087; x_wconf 86' lang='grc'><strong>104.</strong></span> <span class='ocrx_word' id='word_1_195' title='bbox 306 3005 417 3070; x_wconf 89' lang='lat' dir='ltr'><strong>Plures</strong></span> <span class='ocrx_word' id='word_1_196' title='bbox 440 3008 540 3070; x_wconf 87' lang='lat' dir='ltr'><strong>MSS.</strong></span> <span class='ocrx_word' id='word_1_197' title='bbox 564 3007 787 3083; x_wconf 78' lang='grc' dir='ltr'>ἔπανατέλλων,</span> <span class='ocrx_word' id='word_1_198' title='bbox 806 3008 948 3073; x_wconf 91' lang='lat' dir='ltr'><strong>nonnulli</strong></span> <span class='ocrx_word' id='word_1_199' title='bbox 971 3010 1188 3088; x_wconf 73' lang='grc' dir='ltr'>ἔξανατέλλων,</span> <span class='ocrx_word' id='word_1_200' title='bbox 1211 3010 1266 3075; x_wconf 90' lang='lat' dir='ltr'><strong>sed</strong></span> 
     </span>
    </p>
   </div>
   <div class='ocr_carea' id='block_1_3' title="bbox 164 3107 1266 3607">
    <p class='ocr_par' dir='ltr' id='par_1_16' title="bbox 164 3107 1265 3400">
     <span class='ocr_line' id='line_1_28' title="bbox 164 3107 1265 3196; baseline 0.005 -25"><span class='ocrx_word' id='word_1_201' title='bbox 164 3107 356 3194; x_wconf 86' lang='lat' dir='ltr'><strong>Hesychius,</strong></span> <span class='ocrx_word' id='word_1_202' title='bbox 381 3108 583 3182; x_wconf 79' lang='grc' dir='ltr'>ἐπαντέλλων,</span> <span class='ocrx_word' id='word_1_203' title='bbox 608 3132 646 3172; x_wconf 89' lang='lat' dir='ltr'><strong>ex</strong></span> <span class='ocrx_word' id='word_1_204' title='bbox 670 3110 808 3196; x_wconf 85' lang='lat' dir='ltr'><strong>Tragioo</strong></span> <span class='ocrx_word' id='word_1_205' title='bbox 833 3112 963 3190; x_wconf 87' lang='lat' dir='ltr'><strong>Lexico,</strong></span> <span class='ocrx_word' id='word_1_206' title='bbox 985 3126 1022 3177; x_wconf 92' lang='lat' dir='ltr'><strong>ut</strong></span> <span class='ocrx_word' id='word_1_207' title='bbox 1038 3111 1184 3177; x_wconf 92' lang='lat' dir='ltr'><strong>credibile</strong></span> <span class='ocrx_word' id='word_1_208' title='bbox 1208 3127 1265 3176; x_wconf 88' lang='lat' dir='ltr'><strong>est.</strong></span> 
     </span>
     <span class='ocr_line' id='line_1_29' title="bbox 165 3209 1265 3300; baseline 0.003 -26"><span class='ocrx_word' id='word_1_209' title='bbox 165 3211 246 3275; x_wconf 91' lang='lat' dir='ltr'><strong>Inde</strong></span> <span class='ocrx_word' id='word_1_210' title='bbox 261 3210 343 3275; x_wconf 90' lang='lat' dir='ltr'><strong>enim</strong></span> <span class='ocrx_word' id='word_1_211' title='bbox 367 3209 477 3274; x_wconf 89' lang='lat' dir='ltr'>sumsit</span> <span class='ocrx_word' id='word_1_212' title='bbox 498 3217 626 3291; x_wconf 79' lang='grc' dir='ltr'>πυρσαῖς</span> <span class='ocrx_word' id='word_1_213' title='bbox 647 3211 770 3294; x_wconf 79' lang='grc' dir='ltr'>γένυσιν</span> <span class='ocrx_word' id='word_1_214' title='bbox 785 3236 879 3299; x_wconf 91' lang='lat' dir='ltr'><strong>supra</strong></span> <span class='ocrx_word' id='word_1_215' title='bbox 893 3232 946 3299; x_wconf 84' lang='lat'><strong>32.</strong></span> <span class='ocrx_word' id='word_1_216' title='bbox 962 3214 1035 3279; x_wconf 91' lang='lat' dir='ltr'><strong>inde</strong></span> <span class='ocrx_word' id='word_1_217' title='bbox 1050 3217 1184 3300; x_wconf 77' lang='grc' dir='ltr'>Πολύβῳ</span> <span class='ocrx_word' id='word_1_218' title='bbox 1199 3240 1265 3296; x_wconf 91' lang='grc' dir='ltr'>τρο-</span> 
     </span>
     <span class='ocr_line' id='line_1_30' title="bbox 165 3312 846 3400; baseline 0 -22"><span class='ocrx_word' id='word_1_219' title='bbox 165 3320 219 3395; x_wconf 82' lang='grc' dir='ltr'><strong>φεῖ</strong></span> <span class='ocrx_word' id='word_1_220' title='bbox 231 3331 283 3400; x_wconf 81' lang='lat'><strong>45.</strong></span> <span class='ocrx_word' id='word_1_221' title='bbox 308 3313 385 3377; x_wconf 89' lang='grc' dir='ltr'>δάκω</span> <span class='ocrx_word' id='word_1_222' title='bbox 401 3312 498 3395; x_wconf 75' lang='grc' dir='ltr'>φρένα</span> <span class='ocrx_word' id='word_1_223' title='bbox 512 3331 587 3398; x_wconf 87' lang='grc'><strong>394.</strong></span> <span class='ocrx_word' id='word_1_224' title='bbox 603 3327 634 3377; x_wconf 86' lang='lat' dir='ltr'><strong>et</strong></span> <span class='ocrx_word' id='word_1_225' title='bbox 649 3312 718 3378; x_wconf 88' lang='lat' dir='ltr'><strong>ulia.</strong></span> <span class='ocrx_word' id='word_1_226' title='bbox 742 3316 846 3378; x_wconf 91' lang='lat' dir='ltr'><strong>POR.</strong></span> 
     </span>
    </p>

    <p class='ocr_par' dir='ltr' id='par_1_17' title="bbox 166 3415 1266 3607">
     <span class='ocr_line' id='line_1_31' title="bbox 210 3415 1266 3499; baseline 0.002 -20"><span class='ocrx_word' id='word_1_227' title='bbox 210 3432 282 3499; x_wconf 86' lang='lat'><strong>107.</strong></span> <span class='ocrx_word' id='word_1_228' title='bbox 305 3420 328 3481; x_wconf 81' lang='grc' dir='ltr'><strong>δ’</strong></span> <span class='ocrx_word' id='word_1_229' title='bbox 345 3415 487 3480; x_wconf 89' lang='lat' dir='ltr'><strong>omittere</strong></span> <span class='ocrx_word' id='word_1_230' title='bbox 504 3415 574 3479; x_wconf 92' lang='lat' dir='ltr'><strong>vult</strong></span> <span class='ocrx_word' id='word_1_231' title='bbox 589 3415 822 3481; x_wconf 86' lang='lat' dir='ltr'><strong>Valckenaerius</strong></span> <span class='ocrx_word' id='word_1_232' title='bbox 844 3417 936 3481; x_wconf 88' lang='lat' dir='ltr'><strong>unius</strong></span> <span class='ocrx_word' id='word_1_233' title='bbox 960 3415 1050 3481; x_wconf 93' lang='lat' dir='ltr'><strong>Leid.</strong></span> <span class='ocrx_word' id='word_1_234' title='bbox 1072 3418 1266 3484; x_wconf 88' lang='lat' dir='ltr'><strong>auctoritate.</strong></span> 
     </span>
     <span class='ocr_line' id='line_1_32' title="bbox 166 3517 1266 3607; baseline 0.001 -24"><span class='ocrx_word' id='word_1_235' title='bbox 166 3518 229 3583; x_wconf 91' lang='lat' dir='ltr'><strong>Sed</strong></span> <span class='ocrx_word' id='word_1_236' title='bbox 251 3518 368 3583; x_wconf 89' lang='lat' dir='ltr'><strong>habent</strong></span> <span class='ocrx_word' id='word_1_237' title='bbox 394 3517 486 3582; x_wconf 89' lang='lat' dir='ltr'><strong>ceteri</strong></span> <span class='ocrx_word' id='word_1_238' title='bbox 509 3531 540 3581; x_wconf 92' lang='lat' dir='ltr'><strong>et</strong></span> <span class='ocrx_word' id='word_1_239' title='bbox 563 3518 753 3583; x_wconf 84' lang='lat' dir='ltr'><strong>Eustathius</strong></span> <span class='ocrx_word' id='word_1_240' title='bbox 778 3520 818 3583; x_wconf 90' lang='lat' dir='ltr'><strong>ab</strong></span> <span class='ocrx_word' id='word_1_241' title='bbox 843 3520 912 3607; x_wconf 89' lang='lat' dir='ltr'><strong>ipso</strong></span> <span class='ocrx_word' id='word_1_242' title='bbox 933 3518 1046 3583; x_wconf 90' lang='lat' dir='ltr'><strong>citatus</strong></span> <span class='ocrx_word' id='word_1_243' title='bbox 1068 3543 1099 3607; x_wconf 93' lang='lat' dir='ltr'><strong>p.</strong></span> <span class='ocrx_word' id='word_1_244' title='bbox 1120 3537 1193 3606; x_wconf 83' lang='lat'><strong>239,</strong></span> <span class='ocrx_word' id='word_1_245' title='bbox 1215 3541 1266 3607; x_wconf 85' lang='lat'><strong>23.</strong></span> 
     </span>
    </p>
   </div>
   <div class='ocr_carea' id='block_1_4' title="bbox 169 3621 1267 3811">
    <p class='ocr_par' dir='ltr' id='par_1_18' title="bbox 169 3621 1267 3811">
     <span class='ocr_line' id='line_1_33' title="bbox 169 3621 1267 3811; baseline 0.001 -24"><span class='ocrx_word' id='word_1_246' title='bbox 169 3621 283 3787; x_wconf 50' lang='lat' dir='ltr'><strong>PiiiiS.</strong></span> <span class='ocrx_word' id='word_1_247' title='bbox 301 3722 377 3785; x_wconf 92' lang='lat' dir='ltr'><strong>Huc</strong></span> <span class='ocrx_word' id='word_1_248' title='bbox 392 3720 539 3809; x_wconf 84' lang='lat' dir='ltr'><strong>respexit,</strong></span> <span class='ocrx_word' id='word_1_249' title='bbox 556 3737 701 3786; x_wconf 88' lang='lat' dir='ltr'><strong>monente</strong></span> <span class='ocrx_word' id='word_1_250' title='bbox 710 3721 933 3803; x_wconf 86' lang='lat' dir='ltr'><strong>Valckenaerio,</strong></span> <span class='ocrx_word' id='word_1_251' title='bbox 945 3723 1135 3788; x_wconf 89' lang='lat' dir='ltr'><strong>Eustathius</strong></span> <span class='ocrx_word' id='word_1_252' title='bbox 1145 3747 1179 3811; x_wconf 91' lang='lat' dir='ltr'><strong>p.</strong></span> <span class='ocrx_word' id='word_1_253' title='bbox 1190 3739 1267 3810; x_wconf 81' lang='lat'><strong>512,</strong></span> 
     </span>
    </p>
   </div>
   <div class='ocr_carea' id='block_1_5' title="bbox 165 3823 1269 4519">
    <p class='ocr_par' dir='ltr' id='par_1_19' title="bbox 165 3823 1269 4319">
     <span class='ocr_line' id='line_1_34' title="bbox 165 3823 1269 3911; baseline 0.003 -21"><span class='ocrx_word' id='word_1_254' title='bbox 165 3847 217 3907; x_wconf 90' lang='lat'><strong>40.</strong></span> <span class='ocrx_word' id='word_1_255' title='bbox 246 3841 278 3889; x_wconf 89' lang='lat' dir='ltr'><strong>et</strong></span> <span class='ocrx_word' id='word_1_256' title='bbox 301 3848 332 3911; x_wconf 93' lang='lat' dir='ltr'><strong>p.</strong></span> <span class='ocrx_word' id='word_1_257' title='bbox 358 3839 433 3907; x_wconf 89' lang='lat'><em>471,</em></span> <span class='ocrx_word' id='word_1_258' title='bbox 456 3844 507 3904; x_wconf 90' lang='lat'><strong>41.</strong></span> <span class='ocrx_word' id='word_1_259' title='bbox 527 3823 758 3911; x_wconf 88' lang='lat' dir='ltr'><strong>corruptissime</strong></span> <span class='ocrx_word' id='word_1_260' title='bbox 780 3825 866 3905; x_wconf 89' lang='lat' dir='ltr'><strong>citat,</strong></span> <span class='ocrx_word' id='word_1_261' title='bbox 892 3831 1041 3910; x_wconf 78' lang='grc' dir='ltr'>κατέσχον</span> <span class='ocrx_word' id='word_1_262' title='bbox 1063 3825 1144 3892; x_wconf 86' lang='grc' dir='ltr'>ἅπαν</span> <span class='ocrx_word' id='word_1_263' title='bbox 1165 3829 1269 3893; x_wconf 80' lang='grc' dir='ltr'>πεδίον</span> 
     </span>
     <span class='ocr_line' id='line_1_35' title="bbox 166 3927 1268 4017; baseline 0 -25"><span class='ocrx_word' id='word_1_264' title='bbox 166 3927 339 4010; x_wconf 80' lang='grc' dir='ltr'>ἀστράπτει.</span> <span class='ocrx_word' id='word_1_265' title='bbox 385 3927 533 3991; x_wconf 87' lang='lat' dir='ltr'><strong>Imitatus</strong></span> <span class='ocrx_word' id='word_1_266' title='bbox 561 3941 607 3990; x_wconf 89' lang='lat' dir='ltr'><strong>est</strong></span> <span class='ocrx_word' id='word_1_267' title='bbox 638 3927 794 3991; x_wconf 88' lang='lat' dir='ltr'><strong>Miltonus</strong></span> <span class='ocrx_word' id='word_1_268' title='bbox 823 3929 896 3991; x_wconf 87' lang='lat' dir='ltr'><strong>Par.</strong></span> <span class='ocrx_word' id='word_1_269' title='bbox 922 3930 1111 4015; x_wconf 86' lang='lat' dir='ltr'><strong>Recuperat.</strong></span> <span class='ocrx_word' id='word_1_270' title='bbox 1135 3951 1168 4017; x_wconf 86' lang='lat'><strong>3,</strong></span> <span class='ocrx_word' id='word_1_271' title='bbox 1194 3932 1268 4015; x_wconf 83' lang='lat'><strong>326.</strong></span> 
     </span>
     <span class='ocr_line' id='line_1_36' title="bbox 171 4027 1267 4117; baseline 0.004 -26"><span class='ocrx_word' id='word_1_272' title='bbox 171 4029 336 4113; x_wconf 77' lang='lat' dir='ltr'><strong>Thefield,</strong></span> <span class='ocrx_word' id='word_1_273' title='bbox 351 4029 396 4091; x_wconf 80' lang='lat' dir='ltr'><strong>alt</strong></span> <span class='ocrx_word' id='word_1_274' title='bbox 410 4027 491 4105; x_wconf 83' lang='grc' dir='ltr'>ι’τοιι,</span> <span class='ocrx_word' id='word_1_275' title='bbox 506 4037 573 4092; x_wconf 82' lang='lat' dir='ltr'><strong>cast</strong></span> <span class='ocrx_word' id='word_1_276' title='bbox 587 4048 607 4089; x_wconf 85' lang='lat' dir='ltr'><strong>a</strong></span> <span class='ocrx_word' id='word_1_277' title='bbox 618 4029 788 4114; x_wconf 76' lang='lat' dir='ltr'><strong>giraming</strong></span> <span class='ocrx_word' id='word_1_278' title='bbox 800 4029 915 4090; x_wconf 82' lang='lat' dir='ltr'><strong>broma.</strong></span> <span class='ocrx_word' id='word_1_279' title='bbox 940 4030 1042 4092; x_wconf 87' lang='lat' dir='ltr'><strong>POR.</strong></span> <span class='ocrx_word' id='word_1_280' title='bbox 1074 4030 1176 4117; x_wconf 87' lang='lat' dir='ltr'><strong>Apud</strong></span> <span class='ocrx_word' id='word_1_281' title='bbox 1192 4030 1267 4095; x_wconf 89' lang='lat' dir='ltr'><strong>Ari·</strong></span> 
     </span>
     <span class='ocr_line' id='line_1_37' title="bbox 166 4128 1268 4216; baseline 0.004 -23"><span class='ocrx_word' id='word_1_282' title='bbox 166 4129 238 4194; x_wconf 89' lang='lat' dir='ltr'><strong>stid.</strong></span> <span class='ocrx_word' id='word_1_283' title='bbox 255 4128 316 4192; x_wconf 89' lang='lat' dir='ltr'><strong>vol.</strong></span> <span class='ocrx_word' id='word_1_284' title='bbox 336 4150 362 4192; x_wconf 88' lang='lat'><strong>1.</strong></span> <span class='ocrx_word' id='word_1_285' title='bbox 379 4153 411 4216; x_wconf 92' lang='lat' dir='ltr'><strong>p.</strong></span> <span class='ocrx_word' id='word_1_286' title='bbox 428 4149 498 4195; x_wconf 87' lang='grc'><strong>220.</strong></span> <span class='ocrx_word' id='word_1_287' title='bbox 515 4130 595 4193; x_wconf 81' lang='grc' dir='ltr'>άπαν</span> <span class='ocrx_word' id='word_1_288' title='bbox 611 4130 800 4211; x_wconf 87' lang='grc' dir='ltr'>κατάχαλκον</span> <span class='ocrx_word' id='word_1_289' title='bbox 814 4131 887 4209; x_wconf 79' lang='grc' dir='ltr'>ὁρᾶν</span> <span class='ocrx_word' id='word_1_290' title='bbox 902 4133 1005 4194; x_wconf 77' lang='grc' dir='ltr'>πεδίον</span> <span class='ocrx_word' id='word_1_291' title='bbox 1020 4132 1193 4214; x_wconf 77' lang='grc' dir='ltr'>ἀστράπτει.</span> <span class='ocrx_word' id='word_1_292' title='bbox 1229 4134 1268 4197; x_wconf 91' lang='lat' dir='ltr'><strong>In</strong></span> 
     </span>
     <span class='ocr_line' id='line_1_38' title="bbox 167 4230 1129 4319; baseline 0.002 -23"><span class='ocrx_word' id='word_1_293' title='bbox 167 4231 243 4296; x_wconf 91' lang='lat' dir='ltr'><strong>Ald.</strong></span> <span class='ocrx_word' id='word_1_294' title='bbox 261 4254 369 4295; x_wconf 89' lang='lat' dir='ltr'><strong>versus</strong></span> <span class='ocrx_word' id='word_1_295' title='bbox 384 4231 426 4295; x_wconf 91' lang='lat' dir='ltr'><strong>sic</strong></span> <span class='ocrx_word' id='word_1_296' title='bbox 441 4231 586 4319; x_wconf 87' lang='lat' dir='ltr'><strong>descripti</strong></span> <span class='ocrx_word' id='word_1_297' title='bbox 602 4233 680 4295; x_wconf 84' lang='grc' dir='ltr'><strong>ίδ-</strong></span> <span class='ocrx_word' id='word_1_298' title='bbox 698 4230 703 4319; x_wconf 77' lang='grc' dir='ltr'>Ι</span> <span class='ocrx_word' id='word_1_299' title='bbox 724 4230 1129 4316; x_wconf 76' lang='grc' dir='ltr'>κατάχαλκον-ἀστράπτει.</span> 
     </span>
    </p>

    <p class='ocr_par' dir='ltr' id='par_1_20' title="bbox 167 4332 1269 4519">
     <span class='ocr_line' id='line_1_39' title="bbox 212 4332 1269 4417; baseline 0.003 -22"><span class='ocrx_word' id='word_1_300' title='bbox 212 4353 282 4414; x_wconf 89' lang='lat'><strong>114.</strong></span> <span class='ocrx_word' id='word_1_301' title='bbox 308 4332 462 4416; x_wconf 87' lang='grc' dir='ltr'>χαλκόδετ’</span> <span class='ocrx_word' id='word_1_302' title='bbox 480 4334 598 4414; x_wconf 81' lang='grc' dir='ltr'>ἔμβολά</span> <span class='ocrx_word' id='word_1_303' title='bbox 613 4360 645 4398; x_wconf 89' lang='grc' dir='ltr'><strong>τε</strong></span> <span class='ocrx_word' id='word_1_304' title='bbox 662 4333 829 4398; x_wconf 87' lang='lat' dir='ltr'><strong>Seidlerus.</strong></span> <span class='ocrx_word' id='word_1_305' title='bbox 867 4333 1023 4417; x_wconf 85' lang='grc' dir='ltr'>χαλκόδετ’</span> <span class='ocrx_word' id='word_1_306' title='bbox 1040 4336 1159 4416; x_wconf 77' lang='grc' dir='ltr'>ἔμβολα</span> <span class='ocrx_word' id='word_1_307' title='bbox 1175 4337 1222 4400; x_wconf 89' lang='grc' dir='ltr'><strong>Η.</strong></span> <span class='ocrx_word' id='word_1_308' title='bbox 1238 4348 1269 4399; x_wconf 85' lang='lat' dir='ltr'><strong>et</strong></span> 
     </span>
     <span class='ocr_line' id='line_1_40' title="bbox 167 4435 1123 4519; baseline 0.003 -19"><span class='ocrx_word' id='word_1_309' title='bbox 167 4436 255 4502; x_wconf 89' lang='lat' dir='ltr'><strong>Flor.</strong></span> <span class='ocrx_word' id='word_1_310' title='bbox 274 4459 366 4502; x_wconf 91' lang='lat' dir='ltr'><strong>unus.</strong></span> <span class='ocrx_word' id='word_1_311' title='bbox 405 4436 509 4501; x_wconf 89' lang='lat' dir='ltr'><strong>Ceteri</strong></span> <span class='ocrx_word' id='word_1_312' title='bbox 524 4435 617 4502; x_wconf 90' lang='lat' dir='ltr'><strong>codd.</strong></span> <span class='ocrx_word' id='word_1_313' title='bbox 633 4451 664 4501; x_wconf 92' lang='lat' dir='ltr'><strong>et</strong></span> <span class='ocrx_word' id='word_1_314' title='bbox 679 4436 755 4500; x_wconf 93' lang='lat' dir='ltr'><strong>Ald.</strong></span> <span class='ocrx_word' id='word_1_315' title='bbox 771 4436 940 4519; x_wconf 89' lang='grc' dir='ltr'>χαλκόδετά</span> <span class='ocrx_word' id='word_1_316' title='bbox 953 4435 977 4500; x_wconf 90' lang='grc' dir='ltr'><strong>τ’</strong></span> <span class='ocrx_word' id='word_1_317' title='bbox 993 4437 1123 4517; x_wconf 78' lang='grc' dir='ltr'>ἔμβολα.</span> 
     </span>
    </p>
   </div>
   <div class='ocr_carea' id='block_1_6' title="bbox 0 0 1449 4914">
    <p class='ocr_par' dir='ltr' id='par_1_21' title="bbox 0 0 1449 4914">
     <span class='ocr_line' id='line_1_41' title="bbox 0 0 1449 4914; baseline 0 0"><span class='ocrx_word' id='word_1_318' title='bbox 0 0 1449 4914; x_wconf 95' lang='lat' dir='ltr'><strong> </strong></span> 
     </span>
    </p>
   </div>
  </div>
 </body>
</html>
