<?xml version="1.0" encoding="UTF-8"?>
<!DOCTYPE html PUBLIC "-//W3C//DTD XHTML 1.0 Transitional//EN"
    "http://www.w3.org/TR/xhtml1/DTD/xhtml1-transitional.dtd">
<html xmlns="http://www.w3.org/1999/xhtml" xml:lang="en" lang="en">
 <head>
  <title>
</title>
<meta http-equiv="Content-Type" content="text/html;charset=utf-8" />
  <meta name='ocr-system' content='tesseract 3.04.00' />
  <meta name='ocr-capabilities' content='ocr_page ocr_carea ocr_par ocr_line ocrx_word'/>
</head>
<body>
  <div class='ocr_page' id='page_1' title='image "./tragoediaesuper01eurigoog_0303.png"; bbox 0 0 2864 4914; ppageno 0'>
   <div class='ocr_carea' id='block_1_1' title="bbox 191 290 937 360">
    <p class='ocr_par' dir='ltr' id='par_1_1' title="bbox 191 290 937 360">
     <span class='ocr_line' id='line_1_1' title="bbox 191 290 937 360; baseline -0.009 0"><span class='ocrx_word' id='word_1_1' title='bbox 191 292 256 360; x_wconf 70' lang='lat'><strong>292</strong></span> <span class='ocrx_word' id='word_1_2' title='bbox 558 290 937 356; x_wconf 86' lang='lat' dir='ltr'><strong>ANNOTATIONES</strong></span> 
     </span>
    </p>
   </div>
   <div class='ocr_carea' id='block_1_2' title="bbox 231 463 601 550">
    <p class='ocr_par' dir='ltr' id='par_1_2' title="bbox 231 463 601 550">
     <span class='ocr_line' id='line_1_2' title="bbox 231 463 601 550; baseline -0.008 -20"><span class='ocrx_word' id='word_1_3' title='bbox 231 464 306 550; x_wconf 82' lang='lat'><strong>538.</strong></span> <span class='ocrx_word' id='word_1_4' title='bbox 323 463 376 528; x_wconf 82' lang='grc' dir='ltr'>τδν</span> <span class='ocrx_word' id='word_1_5' title='bbox 390 485 450 526; x_wconf 90' lang='lat' dir='ltr'><strong>om.</strong></span> <span class='ocrx_word' id='word_1_6' title='bbox 468 465 541 527; x_wconf 90' lang='lat' dir='ltr'><strong>Par.</strong></span> <span class='ocrx_word' id='word_1_7' title='bbox 557 466 601 528; x_wconf 87' lang='lat' dir='ltr'><strong>A.</strong></span> 
     </span>
    </p>
   </div>
   <div class='ocr_carea' id='block_1_3' title="bbox 230 567 1292 861">
    <p class='ocr_par' dir='ltr' id='par_1_3' title="bbox 230 567 1292 861">
     <span class='ocr_line' id='line_1_3' title="bbox 231 567 604 652; baseline 0.003 -22"><span class='ocrx_word' id='word_1_8' title='bbox 231 583 306 652; x_wconf 82' lang='grc'>559.</span> <span class='ocrx_word' id='word_1_9' title='bbox 322 567 387 650; x_wconf 86' lang='grc' dir='ltr'>τῶς]</span> <span class='ocrx_word' id='word_1_10' title='bbox 405 570 455 645; x_wconf 82' lang='grc' dir='ltr'>τῆς</span> <span class='ocrx_word' id='word_1_11' title='bbox 471 567 544 630; x_wconf 90' lang='lat' dir='ltr'><strong>Par.</strong></span> <span class='ocrx_word' id='word_1_12' title='bbox 560 569 604 631; x_wconf 90' lang='lat' dir='ltr'><strong>A.</strong></span> 
     </span>
     <span class='ocr_line' id='line_1_4' title="bbox 230 666 1135 754; baseline 0 -23"><span class='ocrx_word' id='word_1_13' title='bbox 230 688 305 753; x_wconf 83' lang='lat'><strong>541.</strong></span> <span class='ocrx_word' id='word_1_14' title='bbox 321 670 500 754; x_wconf 79' lang='grc' dir='ltr'>κλῃδοῦχον]</span> <span class='ocrx_word' id='word_1_15' title='bbox 521 672 695 752; x_wconf 81' lang='grc' dir='ltr'>κλειδοῦχον</span> <span class='ocrx_word' id='word_1_16' title='bbox 711 670 783 732; x_wconf 87' lang='lat' dir='ltr'><strong>Par.</strong></span> <span class='ocrx_word' id='word_1_17' title='bbox 799 669 892 733; x_wconf 78' lang='grc' dir='ltr'><strong>ΑΗ.</strong></span> <span class='ocrx_word' id='word_1_18' title='bbox 909 666 996 732; x_wconf 86' lang='lat' dir='ltr'><strong>Flor.</strong></span> <span class='ocrx_word' id='word_1_19' title='bbox 1015 688 1064 731; x_wconf 91' lang='lat'><strong>10.</strong></span> <span class='ocrx_word' id='word_1_20' title='bbox 1084 684 1135 753; x_wconf 83' lang='lat'><strong>15.</strong></span> 
     </span>
     <span class='ocr_line' id='line_1_5' title="bbox 232 770 1292 861; baseline -0.002 -24"><span class='ocrx_word' id='word_1_21' title='bbox 232 775 268 838; x_wconf 81' lang='grc' dir='ltr'>οὗ</span> <span class='ocrx_word' id='word_1_22' title='bbox 282 774 451 853; x_wconf 79' lang='grc' dir='ltr'>σεβίζομεν·</span> <span class='ocrx_word' id='word_1_23' title='bbox 468 795 530 836; x_wconf 82' lang='lat' dir='ltr'><strong>non</strong></span> <span class='ocrx_word' id='word_1_24' title='bbox 545 774 685 854; x_wconf 76' lang='lat' dir='ltr'><strong>colimus,</strong></span> <span class='ocrx_word' id='word_1_25' title='bbox 701 773 828 861; x_wconf 87' lang='lat' dir='ltr'><strong>publico</strong></span> <span class='ocrx_word' id='word_1_26' title='bbox 842 787 925 837; x_wconf 91' lang='lat' dir='ltr'><strong>certe</strong></span> <span class='ocrx_word' id='word_1_27' title='bbox 939 772 1026 837; x_wconf 90' lang='lat' dir='ltr'><strong>cultu</strong></span> <span class='ocrx_word' id='word_1_28' title='bbox 1042 794 1104 836; x_wconf 91' lang='lat' dir='ltr'><strong>non</strong></span> <span class='ocrx_word' id='word_1_29' title='bbox 1120 770 1292 857; x_wconf 76' lang='lat' dir='ltr'>dignamur</span> 
     </span>
    </p>
   </div>
   <div class='ocr_carea' id='block_1_4' title="bbox 186 873 1291 4560">
    <p class='ocr_par' dir='ltr' id='par_1_4' title="bbox 187 873 1291 1581">
     <span class='ocr_line' id='line_1_6' title="bbox 188 873 1290 964; baseline -0.003 -24"><span class='ocrx_word' id='word_1_30' title='bbox 188 879 360 950; x_wconf 77' lang='lat' dir='ltr'><strong>Amorem3</strong></span> <span class='ocrx_word' id='word_1_31' title='bbox 385 875 435 941; x_wconf 92' lang='lat' dir='ltr'><strong>cui</strong></span> <span class='ocrx_word' id='word_1_32' title='bbox 458 875 577 964; x_wconf 90' lang='lat' dir='ltr'><strong>primus</strong></span> <span class='ocrx_word' id='word_1_33' title='bbox 596 876 697 941; x_wconf 87' lang='lat' dir='ltr'><strong>fertur</strong></span> <span class='ocrx_word' id='word_1_34' title='bbox 719 875 876 940; x_wconf 86' lang='lat' dir='ltr'><strong>Charmus</strong></span> <span class='ocrx_word' id='word_1_35' title='bbox 898 890 990 940; x_wconf 82' lang='lat' dir='ltr'><strong>oetate</strong></span> <span class='ocrx_word' id='word_1_36' title='bbox 1015 874 1168 939; x_wconf 80' lang='lat' dir='ltr'><strong>Pisistrati</strong></span> <span class='ocrx_word' id='word_1_37' title='bbox 1191 873 1290 939; x_wconf 90' lang='lat' dir='ltr'><strong>altare</strong></span> 
     </span>
     <span class='ocr_line' id='line_1_7' title="bbox 188 977 1286 1062; baseline -0.004 -20"><span class='ocrx_word' id='word_1_38' title='bbox 188 979 332 1044; x_wconf 80' lang='lat' dir='ltr'><strong>statuisse</strong></span> <span class='ocrx_word' id='word_1_39' title='bbox 353 979 384 1043; x_wconf 90' lang='lat' dir='ltr'><strong>in</strong></span> <span class='ocrx_word' id='word_1_40' title='bbox 404 979 588 1044; x_wconf 73' lang='lat' dir='ltr'><strong>Academia.</strong></span> <span class='ocrx_word' id='word_1_41' title='bbox 605 980 777 1045; x_wconf 89' lang='lat' dir='ltr'><strong>VALCK.</strong></span> <span class='ocrx_word' id='word_1_42' title='bbox 822 977 970 1043; x_wconf 89' lang='lat' dir='ltr'><strong>Meminit</strong></span> <span class='ocrx_word' id='word_1_43' title='bbox 986 977 1163 1042; x_wconf 81' lang='lat' dir='ltr'><strong>Athenaeus</strong></span> <span class='ocrx_word' id='word_1_44' title='bbox 1183 996 1232 1062; x_wconf 89' lang='lat'><strong>¹3·</strong></span> <span class='ocrx_word' id='word_1_45' title='bbox 1256 999 1286 1062; x_wconf 89' lang='lat' dir='ltr'><strong>p.</strong></span> 
     </span>
     <span class='ocr_line' id='line_1_8' title="bbox 188 1082 1290 1170; baseline -0.004 -23"><span class='ocrx_word' id='word_1_46' title='bbox 188 1085 252 1167; x_wconf 92' lang='lat'><strong>609</strong></span> <span class='ocrx_word' id='word_1_47' title='bbox 267 1084 312 1148; x_wconf 90' lang='lat' dir='ltr'><strong>D.</strong></span> <span class='ocrx_word' id='word_1_48' title='bbox 350 1083 407 1147; x_wconf 92' lang='lat' dir='ltr'><strong>Ad</strong></span> <span class='ocrx_word' id='word_1_49' title='bbox 430 1083 509 1148; x_wconf 87' lang='lat' dir='ltr'><strong>hanc</strong></span> <span class='ocrx_word' id='word_1_50' title='bbox 528 1106 594 1148; x_wconf 90' lang='lat' dir='ltr'><strong>rem</strong></span> <span class='ocrx_word' id='word_1_51' title='bbox 609 1083 745 1170; x_wconf 83' lang='lat' dir='ltr'><strong>respexit</strong></span> <span class='ocrx_word' id='word_1_52' title='bbox 758 1082 841 1147; x_wconf 90' lang='lat' dir='ltr'><strong>idem</strong></span> <span class='ocrx_word' id='word_1_53' title='bbox 860 1103 907 1166; x_wconf 85' lang='lat'><strong>13.</strong></span> <span class='ocrx_word' id='word_1_54' title='bbox 930 1105 963 1168; x_wconf 92' lang='lat' dir='ltr'><strong>p.</strong></span> <span class='ocrx_word' id='word_1_55' title='bbox 979 1083 1040 1166; x_wconf 85' lang='lat'><strong>561</strong></span> <span class='ocrx_word' id='word_1_56' title='bbox 1058 1082 1101 1145; x_wconf 94' lang='lat' dir='ltr'><strong>D.</strong></span> <span class='ocrx_word' id='word_1_57' title='bbox 1118 1103 1212 1167; x_wconf 89' lang='lat' dir='ltr'><strong>quem</strong></span> <span class='ocrx_word' id='word_1_58' title='bbox 1235 1101 1290 1144; x_wconf 89' lang='lat' dir='ltr'><strong>ex-</strong></span> 
     </span>
     <span class='ocr_line' id='line_1_9' title="bbox 188 1184 1291 1269; baseline -0.004 -19"><span class='ocrx_word' id='word_1_59' title='bbox 188 1186 319 1250; x_wconf 80' lang='lat' dir='ltr'><strong>acrtham</strong></span> <span class='ocrx_word' id='word_1_60' title='bbox 333 1211 340 1250; x_wconf 93' lang='lat'><strong>:</strong></span> <span class='ocrx_word' id='word_1_61' title='bbox 363 1184 518 1266; x_wconf 87' lang='grc' dir='ltr'>Ἀθηναῖοι</span> <span class='ocrx_word' id='word_1_62' title='bbox 533 1189 566 1251; x_wconf 72' lang='grc' dir='ltr'>δὲ</span> <span class='ocrx_word' id='word_1_63' title='bbox 580 1193 725 1251; x_wconf 83' lang='grc' dir='ltr'>τοσοῦτον</span> <span class='ocrx_word' id='word_1_64' title='bbox 739 1185 903 1269; x_wconf 74' lang='grc' dir='ltr'>ἀπέχονται</span> <span class='ocrx_word' id='word_1_65' title='bbox 917 1187 1078 1252; x_wconf 78' lang='grc' dir='ltr'>συνουσίας</span> <span class='ocrx_word' id='word_1_66' title='bbox 1092 1185 1172 1251; x_wconf 88' lang='grc' dir='ltr'>τινὸς</span> <span class='ocrx_word' id='word_1_67' title='bbox 1186 1188 1291 1247; x_wconf 68' lang='grc' dir='ltr'>διαλα</span> 
     </span>
     <span class='ocr_line' id='line_1_10' title="bbox 187 1285 1287 1372; baseline -0.002 -19"><span class='ocrx_word' id='word_1_68' title='bbox 187 1295 259 1368; x_wconf 86' lang='grc' dir='ltr'>βεῖυ</span> <span class='ocrx_word' id='word_1_69' title='bbox 279 1289 461 1370; x_wconf 88' lang='grc' dir='ltr'>προεστάναι</span> <span class='ocrx_word' id='word_1_70' title='bbox 483 1290 538 1356; x_wconf 83' lang='grc' dir='ltr'><strong>τὸν</strong></span> <span class='ocrx_word' id='word_1_71' title='bbox 552 1289 681 1372; x_wconf 84' lang='grc' dir='ltr'><em>Ἔρωτα,</em></span> <span class='ocrx_word' id='word_1_72' title='bbox 707 1290 795 1362; x_wconf 81' lang='grc' dir='ltr'>ὥστε,</span> <span class='ocrx_word' id='word_1_73' title='bbox 820 1293 870 1367; x_wconf 83' lang='grc' dir='ltr'>τῆς</span> <span class='ocrx_word' id='word_1_74' title='bbox 894 1286 1074 1367; x_wconf 80' lang='grc' dir='ltr'>Ἀκαδημίας</span> <span class='ocrx_word' id='word_1_75' title='bbox 1100 1285 1229 1365; x_wconf 73' lang='grc' dir='ltr'>ἐκδήλως</span> <span class='ocrx_word' id='word_1_76' title='bbox 1250 1287 1287 1362; x_wconf 75' lang='grc' dir='ltr'><strong>τῇ</strong></span> 
     </span>
     <span class='ocr_line' id='line_1_11' title="bbox 187 1389 1291 1477; baseline -0.006 -21"><span class='ocrx_word' id='word_1_77' title='bbox 187 1391 300 1477; x_wconf 78' lang='grc' dir='ltr'>Ἀθηνᾷ</span> <span class='ocrx_word' id='word_1_78' title='bbox 323 1393 548 1475; x_wconf 78' lang='grc' dir='ltr'>καθιερωμένης,</span> <span class='ocrx_word' id='word_1_79' title='bbox 565 1393 666 1457; x_wconf 84' lang='grc' dir='ltr'>αιἰτόθι</span> <span class='ocrx_word' id='word_1_80' title='bbox 687 1392 741 1457; x_wconf 90' lang='grc' dir='ltr'>τδν</span> <span class='ocrx_word' id='word_1_81' title='bbox 757 1391 878 1474; x_wconf 82' lang='grc' dir='ltr'>Ἔρωτα</span> <span class='ocrx_word' id='word_1_82' title='bbox 901 1389 1088 1472; x_wconf 78' lang='grc' dir='ltr'>ἱδρυσάμενοι</span> <span class='ocrx_word' id='word_1_83' title='bbox 1107 1390 1291 1453; x_wconf 80' lang='grc' dir='ltr'>συνθύουσιν</span> 
     </span>
     <span class='ocr_line' id='line_1_12' title="bbox 189 1495 449 1581; baseline 0 -21"><span class='ocrx_word' id='word_1_84' title='bbox 189 1495 275 1581; x_wconf 75' lang='grc' dir='ltr'>αὐτῷ.</span> <span class='ocrx_word' id='word_1_85' title='bbox 299 1496 449 1561; x_wconf 85' lang='grc' dir='ltr'><strong>ΜΟΝΚ.</strong></span> 
     </span>
    </p>

    <p class='ocr_par' dir='ltr' id='par_1_5' title="bbox 230 1597 732 1686">
     <span class='ocr_line' id='line_1_13' title="bbox 230 1597 732 1686; baseline 0 -25"><span class='ocrx_word' id='word_1_86' title='bbox 230 1614 304 1682; x_wconf 79' lang='lat'><strong>542.</strong></span> <span class='ocrx_word' id='word_1_87' title='bbox 320 1598 421 1666; x_wconf 84' lang='grc' dir='ltr'>πάσας</span> <span class='ocrx_word' id='word_1_88' title='bbox 436 1600 482 1664; x_wconf 88' lang='grc' dir='ltr'><strong>Η.</strong></span> <span class='ocrx_word' id='word_1_89' title='bbox 506 1597 610 1686; x_wconf 83' lang='lat' dir='ltr'>Vulgo</span> <span class='ocrx_word' id='word_1_90' title='bbox 624 1597 732 1678; x_wconf 87' lang='grc' dir='ltr'>πάσης.</span> 
     </span>
    </p>

    <p class='ocr_par' dir='ltr' id='par_1_6' title="bbox 230 1699 986 1785">
     <span class='ocr_line' id='line_1_14' title="bbox 230 1699 986 1785; baseline -0.003 -21"><span class='ocrx_word' id='word_1_91' title='bbox 230 1719 306 1783; x_wconf 86' lang='grc'>544.</span> <span class='ocrx_word' id='word_1_92' title='bbox 322 1703 454 1785; x_wconf 84' lang='grc' dir='ltr'>θνατοῖς]</span> <span class='ocrx_word' id='word_1_93' title='bbox 473 1706 590 1782; x_wconf 81' lang='grc' dir='ltr'>θνητοῖς</span> <span class='ocrx_word' id='word_1_94' title='bbox 606 1702 680 1766; x_wconf 87' lang='lat' dir='ltr'><strong>Par.</strong></span> <span class='ocrx_word' id='word_1_95' title='bbox 696 1702 739 1766; x_wconf 89' lang='lat' dir='ltr'><strong>A.</strong></span> <span class='ocrx_word' id='word_1_96' title='bbox 758 1701 785 1764; x_wconf 87' lang='lat' dir='ltr'>F</span> <span class='ocrx_word' id='word_1_97' title='bbox 787 1699 845 1764; x_wconf 87' lang='lat' dir='ltr'><strong>lor.</strong></span> <span class='ocrx_word' id='word_1_98' title='bbox 867 1716 915 1764; x_wconf 88' lang='lat'><strong>10.</strong></span> <span class='ocrx_word' id='word_1_99' title='bbox 938 1714 986 1784; x_wconf 87' lang='grc'><strong>15.</strong></span> 
     </span>
    </p>

    <p class='ocr_par' dir='ltr' id='par_1_7' title="bbox 230 1802 1219 1891">
     <span class='ocr_line' id='line_1_15' title="bbox 230 1802 1219 1891; baseline 0.001 -25"><span class='ocrx_word' id='word_1_100' title='bbox 230 1822 304 1886; x_wconf 90' lang='grc'>545.</span> <span class='ocrx_word' id='word_1_101' title='bbox 320 1804 391 1888; x_wconf 73' lang='lat' dir='ltr'><strong>rhu]</strong></span> <span class='ocrx_word' id='word_1_102' title='bbox 410 1803 498 1868; x_wconf 87' lang='lat' dir='ltr'><strong>lolen</strong></span> <span class='ocrx_word' id='word_1_103' title='bbox 513 1804 601 1884; x_wconf 85' lang='lat' dir='ltr'><strong>dicit,</strong></span> <span class='ocrx_word' id='word_1_104' title='bbox 614 1804 655 1869; x_wconf 92' lang='lat' dir='ltr'><strong>de</strong></span> <span class='ocrx_word' id='word_1_105' title='bbox 669 1827 733 1891; x_wconf 90' lang='lat' dir='ltr'><strong>qua</strong></span> <span class='ocrx_word' id='word_1_106' title='bbox 748 1827 777 1868; x_wconf 88' lang='grc' dir='ltr'><strong>υ.</strong></span> <span class='ocrx_word' id='word_1_107' title='bbox 791 1803 1022 1868; x_wconf 80' lang='lat' dir='ltr'><strong>annotationem</strong></span> <span class='ocrx_word' id='word_1_108' title='bbox 1038 1802 1219 1868; x_wconf 78' lang='lat' dir='ltr'><strong>scholiasta.</strong></span> 
     </span>
    </p>

    <p class='ocr_par' dir='ltr' id='par_1_8' title="bbox 187 1904 1289 2399">
     <span class='ocr_line' id='line_1_16' title="bbox 231 1904 1289 1994; baseline 0 -25"><span class='ocrx_word' id='word_1_109' title='bbox 231 1906 377 1991; x_wconf 79' lang='grc' dir='ltr'>Οῖχαλίη]</span> <span class='ocrx_word' id='word_1_110' title='bbox 405 1906 571 1971; x_wconf 87' lang='lat' dir='ltr'><strong>Omittitur</strong></span> <span class='ocrx_word' id='word_1_111' title='bbox 592 1906 888 1994; x_wconf 59' lang='lat' dir='ltr'><strong>praepositissam</strong></span> <span class='ocrx_word' id='word_1_112' title='bbox 909 1905 940 1969; x_wconf 92' lang='lat' dir='ltr'><strong>in</strong></span> <span class='ocrx_word' id='word_1_113' title='bbox 963 1904 1061 1994; x_wconf 88' lang='lat' dir='ltr'><strong>Soph.</strong></span> <span class='ocrx_word' id='word_1_114' title='bbox 1078 1906 1193 1970; x_wconf 86' lang='lat' dir='ltr'><strong>Trach.</strong></span> <span class='ocrx_word' id='word_1_115' title='bbox 1213 1924 1289 1988; x_wconf 86' lang='lat'><strong>171.</strong></span> 
     </span>
     <span class='ocr_line' id='line_1_17' title="bbox 187 2006 1288 2092; baseline 0.001 -21"><span class='ocrx_word' id='word_1_116' title='bbox 187 2006 245 2075; x_wconf 88' lang='grc' dir='ltr'>Ὡς</span> <span class='ocrx_word' id='word_1_117' title='bbox 259 2006 314 2087; x_wconf 78' lang='grc' dir='ltr'><strong>τὴν</strong></span> <span class='ocrx_word' id='word_1_118' title='bbox 327 2011 461 2072; x_wconf 79' lang='grc' dir='ltr'>παλαιῶν</span> <span class='ocrx_word' id='word_1_119' title='bbox 474 2009 574 2092; x_wconf 78' lang='grc' dir='ltr'>φηγὸν</span> <span class='ocrx_word' id='word_1_120' title='bbox 588 2009 718 2089; x_wconf 58' lang='lat' dir='ltr'><strong>almost</strong></span> <span class='ocrx_word' id='word_1_121' title='bbox 728 2034 802 2074; x_wconf 90' lang='grc' dir='ltr'>ποτε</span> <span class='ocrx_word' id='word_1_122' title='bbox 815 2013 938 2074; x_wconf 90' lang='grc' dir='ltr'>Δωδῶυι</span> <span class='ocrx_word' id='word_1_123' title='bbox 949 2014 1063 2073; x_wconf 82' lang='grc' dir='ltr'>δισσῶν</span> <span class='ocrx_word' id='word_1_124' title='bbox 1074 2011 1106 2072; x_wconf 77' lang='grc' dir='ltr'><strong>ἐκ</strong></span> <span class='ocrx_word' id='word_1_125' title='bbox 1121 2008 1288 2073; x_wconf 76' lang='grc' dir='ltr'>πελειάδων</span> 
     </span>
     <span class='ocr_line' id='line_1_18' title="bbox 189 2110 1286 2197; baseline 0.001 -24"><span class='ocrx_word' id='word_1_126' title='bbox 189 2111 258 2192; x_wconf 76' lang='grc' dir='ltr'>ἔφη.</span> <span class='ocrx_word' id='word_1_127' title='bbox 281 2110 394 2174; x_wconf 86' lang='lat' dir='ltr'><strong>Phoeu.</strong></span> <span class='ocrx_word' id='word_1_128' title='bbox 410 2112 485 2194; x_wconf 89' lang='lat'><strong>617.</strong></span> <span class='ocrx_word' id='word_1_129' title='bbox 502 2111 664 2191; x_wconf 82' lang='grc' dir='ltr'>Μυκήναις.</span> <span class='ocrx_word' id='word_1_130' title='bbox 690 2111 846 2177; x_wconf 88' lang='lat' dir='ltr'><strong>Androm.</strong></span> <span class='ocrx_word' id='word_1_131' title='bbox 860 2132 934 2197; x_wconf 86' lang='lat'><strong>439.</strong></span> <span class='ocrx_word' id='word_1_132' title='bbox 952 2128 1024 2197; x_wconf 84' lang='lat'><strong>705.</strong></span> <span class='ocrx_word' id='word_1_133' title='bbox 1038 2112 1141 2197; x_wconf 73' lang='grc' dir='ltr'>Τροίη,</span> <span class='ocrx_word' id='word_1_134' title='bbox 1158 2125 1190 2176; x_wconf 93' lang='lat' dir='ltr'><strong>et</strong></span> <span class='ocrx_word' id='word_1_135' title='bbox 1203 2110 1286 2175; x_wconf 88' lang='lat' dir='ltr'><strong>alibi.</strong></span> 
     </span>
     <span class='ocr_line' id='line_1_19' title="bbox 189 2212 1289 2300; baseline 0.002 -24"><span class='ocrx_word' id='word_1_136' title='bbox 189 2212 361 2300; x_wconf 80' lang='lat' dir='ltr'><strong>Aptissima</strong></span> <span class='ocrx_word' id='word_1_137' title='bbox 386 2214 506 2278; x_wconf 83' lang='lat' dir='ltr'><strong>confert</strong></span> <span class='ocrx_word' id='word_1_138' title='bbox 532 2213 702 2279; x_wconf 83' lang='lat' dir='ltr'><strong>Elmsleins</strong></span> <span class='ocrx_word' id='word_1_139' title='bbox 727 2214 843 2280; x_wconf 87' lang='lat' dir='ltr'><strong>Helen.</strong></span> <span class='ocrx_word' id='word_1_140' title='bbox 865 2216 940 2300; x_wconf 85' lang='lat'><strong>381.</strong></span> <span class='ocrx_word' id='word_1_141' title='bbox 959 2213 1004 2279; x_wconf 84' lang='grc' dir='ltr'>Ὢ</span> <span class='ocrx_word' id='word_1_142' title='bbox 1028 2214 1126 2296; x_wconf 86' lang='grc' dir='ltr'>μάκαρ</span> <span class='ocrx_word' id='word_1_143' title='bbox 1147 2213 1289 2298; x_wconf 72' lang='grc' dir='ltr'>Ἀρκαδία</span> 
     </span>
     <span class='ocr_line' id='line_1_20' title="bbox 188 2317 591 2399; baseline 0.005 -19"><span class='ocrx_word' id='word_1_144' title='bbox 188 2319 261 2380; x_wconf 73' lang='grc' dir='ltr'>ποτὲ</span> <span class='ocrx_word' id='word_1_145' title='bbox 275 2317 416 2399; x_wconf 73' lang='grc' dir='ltr'>παρθένε.</span> <span class='ocrx_word' id='word_1_146' title='bbox 440 2319 591 2383; x_wconf 84' lang='grc' dir='ltr'><strong>ΜΟΝΚ.</strong></span> 
     </span>
    </p>

    <p class='ocr_par' dir='ltr' id='par_1_9' title="bbox 186 2418 1288 3126">
     <span class='ocr_line' id='line_1_21' title="bbox 231 2418 1286 2507; baseline 0 -23"><span class='ocrx_word' id='word_1_147' title='bbox 231 2421 305 2504; x_wconf 92' lang='grc'>548.</span> <span class='ocrx_word' id='word_1_148' title='bbox 328 2426 431 2485; x_wconf 92' lang='grc' dir='ltr'>πῶλον</span> <span class='ocrx_word' id='word_1_149' title='bbox 445 2422 537 2503; x_wconf 78' lang='grc' dir='ltr'>ἄζυγα</span> <span class='ocrx_word' id='word_1_150' title='bbox 552 2420 693 2503; x_wconf 79' lang='grc' dir='ltr'>λέκτρων,</span> <span class='ocrx_word' id='word_1_151' title='bbox 709 2419 842 2507; x_wconf 88' lang='lat' dir='ltr'><strong>explicat</strong></span> <span class='ocrx_word' id='word_1_152' title='bbox 865 2418 1027 2484; x_wconf 86' lang='lat' dir='ltr'><strong>scholiasta</strong></span> <span class='ocrx_word' id='word_1_153' title='bbox 1049 2443 1105 2507; x_wconf 88' lang='lat' dir='ltr'><strong>per</strong></span> <span class='ocrx_word' id='word_1_154' title='bbox 1126 2419 1286 2502; x_wconf 69' lang='lat' dir='ltr'><strong>resolvor,</strong></span> 
     </span>
     <span class='ocr_line' id='line_1_22' title="bbox 187 2521 1288 2611; baseline 0 -25"><span class='ocrx_word' id='word_1_155' title='bbox 187 2523 311 2605; x_wconf 79' lang='grc' dir='ltr'>ἄπειρον</span> <span class='ocrx_word' id='word_1_156' title='bbox 332 2523 444 2605; x_wconf 78' lang='grc' dir='ltr'>γάμων.</span> <span class='ocrx_word' id='word_1_157' title='bbox 491 2528 601 2591; x_wconf 82' lang='grc' dir='ltr'>Πῶλος</span> <span class='ocrx_word' id='word_1_158' title='bbox 622 2525 707 2611; x_wconf 91' lang='lat' dir='ltr'><strong>apud</strong></span> <span class='ocrx_word' id='word_1_159' title='bbox 725 2524 854 2588; x_wconf 85' lang='lat' dir='ltr'><strong>Graeoos</strong></span> <span class='ocrx_word' id='word_1_160' title='bbox 875 2523 970 2587; x_wconf 93' lang='lat' dir='ltr'><strong>modo</strong></span> <span class='ocrx_word' id='word_1_161' title='bbox 991 2523 1176 2608; x_wconf 74' lang='lat' dir='ltr'><strong>dejurans,</strong></span> <span class='ocrx_word' id='word_1_162' title='bbox 1192 2521 1288 2586; x_wconf 91' lang='lat' dir='ltr'><strong>modo</strong></span> 
     </span>
     <span class='ocr_line' id='line_1_23' title="bbox 188 2624 1286 2714; baseline 0.001 -26"><span class='ocrx_word' id='word_1_163' title='bbox 188 2624 228 2689; x_wconf 90' lang='lat' dir='ltr'><strong>de</strong></span> <span class='ocrx_word' id='word_1_164' title='bbox 250 2626 361 2712; x_wconf 84' lang='lat' dir='ltr'><strong>puella</strong></span> <span class='ocrx_word' id='word_1_165' title='bbox 386 2625 565 2700; x_wconf 83' lang='lat' dir='ltr'><strong>dicebatu13</strong></span> <span class='ocrx_word' id='word_1_166' title='bbox 589 2627 677 2713; x_wconf 92' lang='lat' dir='ltr'><strong>quod</strong></span> <span class='ocrx_word' id='word_1_167' title='bbox 702 2626 824 2691; x_wconf 89' lang='lat' dir='ltr'><strong>monuit</strong></span> <span class='ocrx_word' id='word_1_168' title='bbox 850 2625 1029 2714; x_wconf 82' lang='lat' dir='ltr'><strong>Hesychius</strong></span> <span class='ocrx_word' id='word_1_169' title='bbox 1056 2626 1087 2689; x_wconf 91' lang='lat' dir='ltr'><strong>in</strong></span> <span class='ocrx_word' id='word_1_170' title='bbox 1115 2649 1198 2689; x_wconf 89' lang='lat' dir='ltr'><strong>voce.</strong></span> <span class='ocrx_word' id='word_1_171' title='bbox 1245 2626 1286 2689; x_wconf 91' lang='lat' dir='ltr'><strong>In</strong></span> 
     </span>
     <span class='ocr_line' id='line_1_24' title="bbox 189 2726 1285 2806; baseline 0.001 -16"><span class='ocrx_word' id='word_1_172' title='bbox 189 2726 285 2791; x_wconf 91' lang='lat' dir='ltr'><strong>Rhes.</strong></span> <span class='ocrx_word' id='word_1_173' title='bbox 303 2730 374 2792; x_wconf 85' lang='lat'><strong>261.</strong></span> <span class='ocrx_word' id='word_1_174' title='bbox 392 2730 440 2793; x_wconf 78' lang='grc' dir='ltr'><strong>ἐπὶ</strong></span> <span class='ocrx_word' id='word_1_175' title='bbox 454 2736 567 2806; x_wconf 82' lang='grc' dir='ltr'>πῶλον,</span> <span class='ocrx_word' id='word_1_176' title='bbox 583 2729 645 2793; x_wconf 90' lang='lat' dir='ltr'><strong>scil.</strong></span> <span class='ocrx_word' id='word_1_177' title='bbox 660 2729 825 2794; x_wconf 88' lang='lat' dir='ltr'><strong>Helenam.</strong></span> <span class='ocrx_word' id='word_1_178' title='bbox 850 2732 890 2793; x_wconf 90' lang='lat' dir='ltr'><strong>In</strong></span> <span class='ocrx_word' id='word_1_179' title='bbox 903 2729 1059 2793; x_wconf 89' lang='lat' dir='ltr'><strong>Androm.</strong></span> <span class='ocrx_word' id='word_1_180' title='bbox 1072 2731 1146 2793; x_wconf 87' lang='lat'><strong>621.</strong></span> <span class='ocrx_word' id='word_1_181' title='bbox 1160 2727 1285 2806; x_wconf 86' lang='lat' dir='ltr'><strong>Peleus,</strong></span> 
     </span>
     <span class='ocr_line' id='line_1_25' title="bbox 187 2829 1287 2919; baseline 0.004 -27"><span class='ocrx_word' id='word_1_182' title='bbox 187 2829 228 2893; x_wconf 92' lang='lat' dir='ltr'><strong>ad</strong></span> <span class='ocrx_word' id='word_1_183' title='bbox 251 2829 469 2910; x_wconf 87' lang='lat' dir='ltr'><strong>Hermionam,</strong></span> <span class='ocrx_word' id='word_1_184' title='bbox 486 2831 619 2896; x_wconf 86' lang='lat' dir='ltr'><strong>Helenae</strong></span> <span class='ocrx_word' id='word_1_185' title='bbox 633 2831 741 2911; x_wconf 84' lang='lat' dir='ltr'><strong>filiam,</strong></span> <span class='ocrx_word' id='word_1_186' title='bbox 756 2831 908 2911; x_wconf 90' lang='lat' dir='ltr'><strong>alludens,</strong></span> <span class='ocrx_word' id='word_1_187' title='bbox 923 2832 1036 2919; x_wconf 91' lang='lat' dir='ltr'><strong>inquit,</strong></span> <span class='ocrx_word' id='word_1_188' title='bbox 1059 2832 1132 2913; x_wconf 83' lang='grc' dir='ltr'>μήτε</span> <span class='ocrx_word' id='word_1_189' title='bbox 1154 2834 1287 2913; x_wconf 78' lang='grc' dir='ltr'>δώμασιν</span> 
     </span>
     <span class='ocr_line' id='line_1_26' title="bbox 188 2934 1286 3021; baseline 0.005 -26"><span class='ocrx_word' id='word_1_190' title='bbox 188 2938 300 3012; x_wconf 80' lang='grc' dir='ltr'>λαβεῖν</span> <span class='ocrx_word' id='word_1_191' title='bbox 312 2938 412 3013; x_wconf 81' lang='grc' dir='ltr'>Κακῆς</span> <span class='ocrx_word' id='word_1_192' title='bbox 425 2941 563 3016; x_wconf 79' lang='grc' dir='ltr'>μυναῖκος</span> <span class='ocrx_word' id='word_1_193' title='bbox 577 2940 690 2999; x_wconf 93' lang='grc' dir='ltr'>πῶλον.</span> <span class='ocrx_word' id='word_1_194' title='bbox 721 2934 871 2999; x_wconf 89' lang='lat' dir='ltr'><strong>Eubulus</strong></span> <span class='ocrx_word' id='word_1_195' title='bbox 886 2935 1034 2999; x_wconf 88' lang='lat' dir='ltr'><strong>Athenaei</strong></span> <span class='ocrx_word' id='word_1_196' title='bbox 1053 2955 1100 3020; x_wconf 81' lang='lat'><strong>13.</strong></span> <span class='ocrx_word' id='word_1_197' title='bbox 1117 2958 1148 3021; x_wconf 90' lang='lat' dir='ltr'><strong>p.</strong></span> <span class='ocrx_word' id='word_1_198' title='bbox 1163 2936 1227 3019; x_wconf 90' lang='grc'><strong>568</strong></span> <span class='ocrx_word' id='word_1_199' title='bbox 1244 2936 1286 3000; x_wconf 90' lang='grc' dir='ltr'><strong>Ε.</strong></span> 
     </span>
     <span class='ocr_line' id='line_1_27' title="bbox 186 3034 1274 3126; baseline 0.005 -28"><span class='ocrx_word' id='word_1_200' title='bbox 186 3034 307 3103; x_wconf 78' lang='grc' dir='ltr'>πώλους</span> <span class='ocrx_word' id='word_1_201' title='bbox 321 3038 478 3119; x_wconf 80' lang='grc' dir='ltr'>Κύπριδος.</span> <span class='ocrx_word' id='word_1_202' title='bbox 500 3039 665 3103; x_wconf 86' lang='lat' dir='ltr'><strong>Anacreon</strong></span> <span class='ocrx_word' id='word_1_203' title='bbox 680 3037 743 3102; x_wconf 90' lang='lat' dir='ltr'><strong>Od.</strong></span> <span class='ocrx_word' id='word_1_204' title='bbox 759 3040 811 3101; x_wconf 91' lang='lat'><strong>60.</strong></span> <span class='ocrx_word' id='word_1_205' title='bbox 832 3058 859 3102; x_wconf 93' lang='lat'><strong>1.</strong></span> <span class='ocrx_word' id='word_1_206' title='bbox 876 3043 968 3102; x_wconf 90' lang='grc' dir='ltr'>Πῶλε</span> <span class='ocrx_word' id='word_1_207' title='bbox 983 3041 1107 3126; x_wconf 82' lang='grc' dir='ltr'>Θρῃκίη.</span> <span class='ocrx_word' id='word_1_208' title='bbox 1125 3040 1274 3103; x_wconf 87' lang='grc' dir='ltr'>ΜΟΝΚ.</span> 
     </span>
    </p>

    <p class='ocr_par' dir='ltr' id='par_1_10' title="bbox 187 3137 1286 3432">
     <span class='ocr_line' id='line_1_28' title="bbox 230 3137 1284 3229; baseline 0.002 -26"><span class='ocrx_word' id='word_1_209' title='bbox 230 3154 305 3223; x_wconf 84' lang='grc'>549.</span> <span class='ocrx_word' id='word_1_210' title='bbox 328 3137 442 3217; x_wconf 68' lang='grc' dir='ltr'>ζεύξαθ</span> <span class='ocrx_word' id='word_1_211' title='bbox 458 3138 506 3204; x_wconf 74' lang='grc' dir='ltr'><strong>ἄπ’</strong></span> <span class='ocrx_word' id='word_1_212' title='bbox 522 3143 635 3226; x_wconf 74' lang='grc' dir='ltr'>εἰρεσίᾳ</span> <span class='ocrx_word' id='word_1_213' title='bbox 656 3141 883 3229; x_wconf 77' lang='lat' dir='ltr'><strong>(navigatione,</strong></span> <span class='ocrx_word' id='word_1_214' title='bbox 899 3143 989 3219; x_wconf 82' lang='lat' dir='ltr'><strong>naui,</strong></span> <span class='ocrx_word' id='word_1_215' title='bbox 1004 3142 1094 3206; x_wconf 80' lang='grc' dir='ltr'>θοπιο</span> <span class='ocrx_word' id='word_1_216' title='bbox 1108 3143 1284 3229; x_wconf 81' lang='lat' dir='ltr'><strong>abreptam)</strong></span> 
     </span>
     <span class='ocr_line' id='line_1_29' title="bbox 189 3241 1286 3332; baseline 0.005 -28"><span class='ocrx_word' id='word_1_217' title='bbox 189 3241 346 3306; x_wconf 88' lang='lat' dir='ltr'><strong>Matthiae.</strong></span> <span class='ocrx_word' id='word_1_218' title='bbox 373 3243 555 3331; x_wconf 86' lang='lat' dir='ltr'><strong>Legebatur</strong></span> <span class='ocrx_word' id='word_1_219' title='bbox 568 3243 682 3323; x_wconf 65' lang='lat' dir='ltr'><strong>(rdfoo&#39;</strong></span> <span class='ocrx_word' id='word_1_220' title='bbox 699 3246 880 3326; x_wconf 83' lang='grc' dir='ltr'>δτειρεσίαυ.</span> <span class='ocrx_word' id='word_1_221' title='bbox 904 3243 1018 3324; x_wconf 73' lang='grc' dir='ltr'>ζεθξασ’</span> <span class='ocrx_word' id='word_1_222' title='bbox 1034 3246 1092 3309; x_wconf 86' lang='grc' dir='ltr'>άπο</span> <span class='ocrx_word' id='word_1_223' title='bbox 1108 3245 1182 3332; x_wconf 86' lang='lat' dir='ltr'><strong>legit</strong></span> <span class='ocrx_word' id='word_1_224' title='bbox 1197 3245 1286 3310; x_wconf 89' lang='lat' dir='ltr'><strong>scho-</strong></span> 
     </span>
     <span class='ocr_line' id='line_1_30' title="bbox 187 3342 1278 3432; baseline 0.005 -25"><span class='ocrx_word' id='word_1_225' title='bbox 187 3342 287 3423; x_wconf 86' lang='lat' dir='ltr'><strong>liasta,</strong></span> <span class='ocrx_word' id='word_1_226' title='bbox 303 3344 358 3431; x_wconf 93' lang='lat' dir='ltr'><strong>qui</strong></span> <span class='ocrx_word' id='word_1_227' title='bbox 373 3344 595 3432; x_wconf 83' lang='lat' dir='ltr'><strong>interpretatur</strong></span> <span class='ocrx_word' id='word_1_228' title='bbox 610 3344 798 3424; x_wconf 75' lang='grc' dir='ltr'>ἁποζεθξασα</span> <span class='ocrx_word' id='word_1_229' title='bbox 813 3350 860 3411; x_wconf 81' lang='grc' dir='ltr'>καὶ</span> <span class='ocrx_word' id='word_1_230' title='bbox 876 3350 1092 3432; x_wconf 84' lang='grc' dir='ltr'>άποχωρίσασα</span> <span class='ocrx_word' id='word_1_231' title='bbox 1106 3354 1165 3411; x_wconf 88' lang='grc' dir='ltr'><strong>τῶν</strong></span> <span class='ocrx_word' id='word_1_232' title='bbox 1180 3351 1278 3413; x_wconf 85' lang='grc' dir='ltr'>οἴκων.</span> 
     </span>
    </p>

    <p class='ocr_par' dir='ltr' id='par_1_11' title="bbox 187 3447 1284 3633">
     <span class='ocr_line' id='line_1_31' title="bbox 232 3447 1284 3539; baseline 0.008 -29"><span class='ocrx_word' id='word_1_233' title='bbox 232 3449 359 3533; x_wconf 74' lang='grc' dir='ltr'>εἰρεσίᾳ]</span> <span class='ocrx_word' id='word_1_234' title='bbox 379 3448 429 3512; x_wconf 84' lang='lat' dir='ltr'><strong>Sic</strong></span> <span class='ocrx_word' id='word_1_235' title='bbox 445 3450 674 3533; x_wconf 74' lang='grc' dir='ltr'>ὅταν-εἰρεσία</span> <span class='ocrx_word' id='word_1_236' title='bbox 687 3447 800 3534; x_wconf 77' lang='grc' dir='ltr'>πελάζῃ</span> <span class='ocrx_word' id='word_1_237' title='bbox 817 3453 1001 3530; x_wconf 81' lang='grc' dir='ltr'>Σιμουντίοις</span> <span class='ocrx_word' id='word_1_238' title='bbox 1016 3453 1133 3534; x_wconf 83' lang='grc' dir='ltr'>ὀχετοῖς</span> <span class='ocrx_word' id='word_1_239' title='bbox 1149 3451 1223 3539; x_wconf 88' lang='lat' dir='ltr'><strong>Iph.</strong></span> <span class='ocrx_word' id='word_1_240' title='bbox 1241 3455 1284 3518; x_wconf 89' lang='lat' dir='ltr'><strong>A.</strong></span> 
     </span>
     <span class='ocr_line' id='line_1_32' title="bbox 187 3551 478 3633; baseline 0.003 -19"><span class='ocrx_word' id='word_1_241' title='bbox 187 3565 263 3633; x_wconf 83' lang='lat'><strong>754.</strong></span> <span class='ocrx_word' id='word_1_242' title='bbox 286 3551 478 3615; x_wconf 85' lang='lat' dir='ltr'><strong>MATTH.</strong></span> 
     </span>
    </p>

    <p class='ocr_par' dir='ltr' id='par_1_12' title="bbox 187 3653 1289 4560">
     <span class='ocr_line' id='line_1_33' title="bbox 231 3653 1286 3740; baseline 0.005 -24"><span class='ocrx_word' id='word_1_243' title='bbox 231 3668 304 3735; x_wconf 89' lang='grc'>550.</span> <span class='ocrx_word' id='word_1_244' title='bbox 329 3653 405 3716; x_wconf 91' lang='lat' dir='ltr'><strong>Ald.</strong></span> <span class='ocrx_word' id='word_1_245' title='bbox 422 3659 477 3718; x_wconf 86' lang='grc' dir='ltr'>τδυ</span> <span class='ocrx_word' id='word_1_246' title='bbox 498 3654 570 3719; x_wconf 78' lang='lat' dir='ltr'><strong>volh&#39;</strong></span> <span class='ocrx_word' id='word_1_247' title='bbox 590 3657 668 3723; x_wconf 86' lang='grc' dir='ltr'>ὅπως</span> <span class='ocrx_word' id='word_1_248' title='bbox 686 3682 718 3720; x_wconf 91' lang='grc' dir='ltr'><strong>τε</strong></span> <span class='ocrx_word' id='word_1_249' title='bbox 739 3656 871 3740; x_wconf 85' lang='grc' dir='ltr'>βάκχον.</span> <span class='ocrx_word' id='word_1_250' title='bbox 904 3655 959 3719; x_wconf 93' lang='grc' dir='ltr'><strong>τάν</strong></span> <span class='ocrx_word' id='word_1_251' title='bbox 972 3655 1122 3721; x_wconf 90' lang='lat' dir='ltr'><strong>omittunt</strong></span> <span class='ocrx_word' id='word_1_252' title='bbox 1138 3656 1225 3721; x_wconf 79' lang='lat' dir='ltr'><strong>Flos.</strong></span> <span class='ocrx_word' id='word_1_253' title='bbox 1242 3660 1286 3721; x_wconf 89' lang='lat' dir='ltr'><strong>A.</strong></span> 
     </span>
     <span class='ocr_line' id='line_1_34' title="bbox 188 3753 1285 3844; baseline 0.008 -29"><span class='ocrx_word' id='word_1_254' title='bbox 188 3753 260 3839; x_wconf 77' lang='lat' dir='ltr'><strong>(qui</strong></span> <span class='ocrx_word' id='word_1_255' title='bbox 283 3777 341 3840; x_wconf 92' lang='lat' dir='ltr'><strong>pro</strong></span> <span class='ocrx_word' id='word_1_256' title='bbox 363 3759 418 3820; x_wconf 84' lang='grc' dir='ltr'>τδυ</span> <span class='ocrx_word' id='word_1_257' title='bbox 443 3756 524 3825; x_wconf 75' lang='grc' dir='ltr'>ναΐδ,</span> <span class='ocrx_word' id='word_1_258' title='bbox 540 3758 634 3822; x_wconf 89' lang='lat' dir='ltr'><strong>habet</strong></span> <span class='ocrx_word' id='word_1_259' title='bbox 660 3759 760 3844; x_wconf 70' lang='grc' dir='ltr'>δίδον)</span> <span class='ocrx_word' id='word_1_260' title='bbox 786 3780 835 3823; x_wconf 94' lang='lat'><strong>10.</strong></span> <span class='ocrx_word' id='word_1_261' title='bbox 863 3776 908 3844; x_wconf 88' lang='grc'><strong>15.</strong></span> <span class='ocrx_word' id='word_1_262' title='bbox 936 3760 1008 3821; x_wconf 91' lang='lat' dir='ltr'><strong>Par.</strong></span> <span class='ocrx_word' id='word_1_263' title='bbox 1025 3760 1153 3823; x_wconf 85' lang='lat' dir='ltr'><strong>A.B.l).</strong></span> <span class='ocrx_word' id='word_1_264' title='bbox 1179 3761 1285 3826; x_wconf 90' lang='lat' dir='ltr'><strong>Havn.</strong></span> 
     </span>
     <span class='ocr_line' id='line_1_35' title="bbox 190 3856 1288 3946; baseline 0.01 -26"><span class='ocrx_word' id='word_1_265' title='bbox 190 3856 260 3943; x_wconf 84' lang='lat' dir='ltr'><strong>(qui</strong></span> <span class='ocrx_word' id='word_1_266' title='bbox 276 3857 381 3922; x_wconf 80' lang='lat' dir='ltr'><strong>vattav</strong></span> <span class='ocrx_word' id='word_1_267' title='bbox 397 3858 516 3942; x_wconf 89' lang='lat' dir='ltr'><strong>habet).</strong></span> <span class='ocrx_word' id='word_1_268' title='bbox 540 3862 612 3925; x_wconf 88' lang='lat' dir='ltr'><strong>Par.</strong></span> <span class='ocrx_word' id='word_1_269' title='bbox 628 3862 668 3924; x_wconf 88' lang='grc' dir='ltr'><strong>Ε.</strong></span> <span class='ocrx_word' id='word_1_270' title='bbox 688 3865 744 3925; x_wconf 83' lang='grc' dir='ltr'>τδυ</span> <span class='ocrx_word' id='word_1_271' title='bbox 766 3860 833 3926; x_wconf 84' lang='grc' dir='ltr'>άϊδ’.</span> <span class='ocrx_word' id='word_1_272' title='bbox 871 3860 957 3923; x_wconf 90' lang='lat' dir='ltr'><strong>Hinc</strong></span> <span class='ocrx_word' id='word_1_273' title='bbox 981 3861 1106 3946; x_wconf 83' lang='lat' dir='ltr'><strong>Musgr.</strong></span> <span class='ocrx_word' id='word_1_274' title='bbox 1128 3860 1182 3925; x_wconf 88' lang='grc' dir='ltr'>τιν’</span> <span class='ocrx_word' id='word_1_275' title='bbox 1206 3863 1288 3931; x_wconf 67' lang='lat' dir='ltr'><strong>titos</strong></span> 
     </span>
     <span class='ocr_line' id='line_1_36' title="bbox 189 3959 1287 4048; baseline 0.007 -26"><span class='ocrx_word' id='word_1_276' title='bbox 189 3961 267 4023; x_wconf 82' lang='grc' dir='ltr'>ὥστε</span> <span class='ocrx_word' id='word_1_277' title='bbox 281 3959 412 4043; x_wconf 89' lang='grc' dir='ltr'>βάκχου.</span> <span class='ocrx_word' id='word_1_278' title='bbox 448 3961 580 4026; x_wconf 89' lang='lat' dir='ltr'><strong>Videtur</strong></span> <span class='ocrx_word' id='word_1_279' title='bbox 597 3979 699 4028; x_wconf 89' lang='lat' dir='ltr'><strong>tamen</strong></span> <span class='ocrx_word' id='word_1_280' title='bbox 713 3964 769 4028; x_wconf 88' lang='grc' dir='ltr'><strong>τάν</strong></span> <span class='ocrx_word' id='word_1_281' title='bbox 783 3963 896 4026; x_wconf 89' lang='lat' dir='ltr'><strong>servari</strong></span> <span class='ocrx_word' id='word_1_282' title='bbox 914 3986 1012 4048; x_wconf 90' lang='lat' dir='ltr'><strong>posse.</strong></span> <span class='ocrx_word' id='word_1_283' title='bbox 1050 3962 1287 4047; x_wconf 77' lang='grc' dir='ltr'>ΒάκχανἍιδου</span> 
     </span>
     <span class='ocr_line' id='line_1_37' title="bbox 189 4061 1287 4154; baseline 0.006 -30"><span class='ocrx_word' id='word_1_284' title='bbox 189 4083 250 4124; x_wconf 95' lang='lat' dir='ltr'><strong>non</strong></span> <span class='ocrx_word' id='word_1_285' title='bbox 274 4061 461 4146; x_wconf 87' lang='lat' dir='ltr'><strong>interpretor</strong></span> <span class='ocrx_word' id='word_1_286' title='bbox 488 4064 643 4136; x_wconf 71' lang='grc' dir='ltr'>θἰινῖαυις</span> <span class='ocrx_word' id='word_1_287' title='bbox 678 4064 731 4128; x_wconf 89' lang='lat' dir='ltr'><strong>sed</strong></span> <span class='ocrx_word' id='word_1_288' title='bbox 759 4064 873 4147; x_wconf 88' lang='grc' dir='ltr'>Βάκχαι</span> <span class='ocrx_word' id='word_1_289' title='bbox 899 4080 1060 4144; x_wconf 87' lang='lat' dir='ltr'><strong>vocantur,</strong></span> <span class='ocrx_word' id='word_1_290' title='bbox 1087 4089 1287 4154; x_wconf 65' lang='lat' dir='ltr'><strong>quaecuuque</strong></span> 
     </span>
     <span class='ocr_line' id='line_1_38' title="bbox 187 4163 1286 4253; baseline 0.007 -28"><span class='ocrx_word' id='word_1_291' title='bbox 187 4164 276 4250; x_wconf 83' lang='lat' dir='ltr'><strong>gravi</strong></span> <span class='ocrx_word' id='word_1_292' title='bbox 298 4163 391 4227; x_wconf 86' lang='lat' dir='ltr'><strong>animi</strong></span> <span class='ocrx_word' id='word_1_293' title='bbox 414 4180 512 4242; x_wconf 87' lang='lat' dir='ltr'><strong>motu,</strong></span> <span class='ocrx_word' id='word_1_294' title='bbox 527 4165 583 4243; x_wconf 89' lang='lat' dir='ltr'><strong>ira,</strong></span> <span class='ocrx_word' id='word_1_295' title='bbox 599 4163 716 4241; x_wconf 89' lang='lat' dir='ltr'><strong>dolore,</strong></span> <span class='ocrx_word' id='word_1_296' title='bbox 732 4181 830 4243; x_wconf 90' lang='lat' dir='ltr'><strong>metu,</strong></span> <span class='ocrx_word' id='word_1_297' title='bbox 847 4167 972 4253; x_wconf 83' lang='lat' dir='ltr'><strong>percitae</strong></span> <span class='ocrx_word' id='word_1_298' title='bbox 995 4183 1079 4246; x_wconf 91' lang='lat' dir='ltr'><strong>sunt,</strong></span> <span class='ocrx_word' id='word_1_299' title='bbox 1096 4184 1131 4233; x_wconf 93' lang='lat' dir='ltr'><strong>ut</strong></span> <span class='ocrx_word' id='word_1_300' title='bbox 1153 4169 1202 4233; x_wconf 90' lang='lat' dir='ltr'><strong>sui</strong></span> <span class='ocrx_word' id='word_1_301' title='bbox 1225 4193 1286 4234; x_wconf 89' lang='lat' dir='ltr'><strong>nou</strong></span> 
     </span>
     <span class='ocr_line' id='line_1_39' title="bbox 189 4266 1289 4357; baseline 0.006 -27"><span class='ocrx_word' id='word_1_302' title='bbox 189 4266 250 4331; x_wconf 90' lang='lat' dir='ltr'><strong>sint</strong></span> <span class='ocrx_word' id='word_1_303' title='bbox 265 4282 437 4353; x_wconf 88' lang='lat' dir='ltr'><strong>compotes,</strong></span> <span class='ocrx_word' id='word_1_304' title='bbox 452 4289 585 4352; x_wconf 92' lang='lat' dir='ltr'><strong>quarum</strong></span> <span class='ocrx_word' id='word_1_305' title='bbox 602 4266 690 4331; x_wconf 88' lang='lat' dir='ltr'><strong>furor</strong></span> <span class='ocrx_word' id='word_1_306' title='bbox 704 4267 729 4330; x_wconf 89' lang='lat' dir='ltr'><strong>si</strong></span> <span class='ocrx_word' id='word_1_307' title='bbox 742 4267 809 4332; x_wconf 87' lang='lat' dir='ltr'><strong>aliis</strong></span> <span class='ocrx_word' id='word_1_308' title='bbox 824 4268 953 4332; x_wconf 87' lang='lat' dir='ltr'><strong>exitium</strong></span> <span class='ocrx_word' id='word_1_309' title='bbox 969 4270 1069 4346; x_wconf 88' lang='lat' dir='ltr'><strong>affert,</strong></span> <span class='ocrx_word' id='word_1_310' title='bbox 1087 4268 1158 4354; x_wconf 81' lang='grc' dir='ltr'>ᾅδου</span> <span class='ocrx_word' id='word_1_311' title='bbox 1173 4273 1289 4357; x_wconf 83' lang='grc' dir='ltr'>βάκχαι</span> 
     </span>
     <span class='ocr_line' id='line_1_40' title="bbox 188 4367 1288 4456; baseline 0.008 -26"><span class='ocrx_word' id='word_1_312' title='bbox 188 4367 397 4455; x_wconf 88' lang='lat' dir='ltr'><strong>appellantur,</strong></span> <span class='ocrx_word' id='word_1_313' title='bbox 416 4382 451 4431; x_wconf 91' lang='lat' dir='ltr'><strong>ut</strong></span> <span class='ocrx_word' id='word_1_314' title='bbox 466 4370 547 4432; x_wconf 90' lang='lat' dir='ltr'><strong>Heo.</strong></span> <span class='ocrx_word' id='word_1_315' title='bbox 568 4388 659 4452; x_wconf 83' lang='grc'>1054.</span> <span class='ocrx_word' id='word_1_316' title='bbox 675 4383 707 4432; x_wconf 88' lang='lat' dir='ltr'><strong>et</strong></span> <span class='ocrx_word' id='word_1_317' title='bbox 727 4370 904 4435; x_wconf 74' lang='lat' dir='ltr'><strong>Herulus.</strong></span> <span class='ocrx_word' id='word_1_318' title='bbox 924 4390 1016 4456; x_wconf 88' lang='lat'><strong>1091.</strong></span> <span class='ocrx_word' id='word_1_319' title='bbox 1035 4372 1191 4437; x_wconf 89' lang='lat' dir='ltr'><strong>Hercules</strong></span> <span class='ocrx_word' id='word_1_320' title='bbox 1212 4374 1288 4439; x_wconf 87' lang='lat' dir='ltr'><strong>libe-</strong></span> 
     </span>
     <span class='ocr_line' id='line_1_41' title="bbox 189 4469 1289 4560; baseline 0.009 -28"><span class='ocrx_word' id='word_1_321' title='bbox 189 4469 232 4534; x_wconf 87' lang='lat' dir='ltr'><strong>ris</strong></span> <span class='ocrx_word' id='word_1_322' title='bbox 256 4469 362 4535; x_wconf 88' lang='lat' dir='ltr'><strong>occisis</strong></span> <span class='ocrx_word' id='word_1_323' title='bbox 385 4485 515 4536; x_wconf 87' lang='lat' dir='ltr'><strong>vocatur</strong></span> <span class='ocrx_word' id='word_1_324' title='bbox 534 4469 640 4540; x_wconf 86' lang='grc' dir='ltr'>Ἀιδου</span> <span class='ocrx_word' id='word_1_325' title='bbox 665 4471 791 4555; x_wconf 87' lang='grc' dir='ltr'>Βάκχος.</span> <span class='ocrx_word' id='word_1_326' title='bbox 828 4471 904 4540; x_wconf 80' lang='lat' dir='ltr'><strong>Alio</strong></span> <span class='ocrx_word' id='word_1_327' title='bbox 929 4495 1021 4540; x_wconf 82' lang='lat' dir='ltr'><strong>sensu</strong></span> <span class='ocrx_word' id='word_1_328' title='bbox 1045 4472 1151 4560; x_wconf 86' lang='grc' dir='ltr'>βάκχα</span> <span class='ocrx_word' id='word_1_329' title='bbox 1175 4480 1289 4544; x_wconf 78' lang='grc' dir='ltr'>νεκύων</span> 
     </span>
    </p>
   </div>
   <div class='ocr_carea' id='block_1_5' title="bbox 0 0 1436 4914">
    <p class='ocr_par' dir='ltr' id='par_1_13' title="bbox 0 0 1436 4914">
     <span class='ocr_line' id='line_1_42' title="bbox 0 0 1436 4914; baseline 0 0"><span class='ocrx_word' id='word_1_330' title='bbox 0 0 1436 4914; x_wconf 95' lang='lat' dir='ltr'><strong> </strong></span> 
     </span>
    </p>
   </div>
  </div>
 </body>
</html>
