2864 4914
492 299 561 364 AD
584 297 850 364 SUPPLICES.
1158 291 1223 356 413

169 473 241 552 614.
257 470 433 558 ἔξεκάλεσε]
450 469 474 535 δ’
489 470 617 536 ἐκάλεσε
632 472 706 536 Par.
722 471 760 536 C.
776 467 864 533 Flor.
877 487 904 532 1.
921 486 950 532 2.

142 576 243 656 617.
269 576 404 660 βροτοῖς]
433 575 505 639 Par.
530 574 616 639 Α.Β.
643 574 729 640 Fiat.
754 592 783 640 2.
805 573 911 655 βροτοὶ
937 568 1024 635 Fiat.
1046 589 1073 632 ι.
1119 564 1223 653 Vulgo

124 682 272 758 βροτοῖσι.

168 777 302 864 νέμσυθ]
321 778 522 844 Scribebatur
539 779 689 860 νέμουσιν.

168 882 241 946 618.
257 882 395 947 ἁπάντων
408 880 501 964 τέρμ’]
519 880 639 946 πάντων
661 878 776 963 τέρματ’
799 881 873 945 Par.
888 881 1016 945 A.B.C.
1039 860 1143 944 sarid
1159 876 1224 957 τέρ-

124 983 190 1065 ματ’
207 983 292 1049 Flor.
310 1004 338 1051 2.
353 985 451 1049 πάντα
465 983 581 1067 τέρματ’
599 983 683 1048 Flor.
696 1004 724 1048 1.

169 1090 242 1151 620.
266 1089 459 1170 Καλλίχορον
473 1092 543 1153 θεῖς
563 1087 653 1172 ὕδωρ]
671 1085 813 1174 Respicit
831 1085 872 1151 ad
893 1098 1025 1173 puteum
1041 1083 1151 1148 Cereri
1172 1102 1224 1147 sn-

125 1212 225 1268 crum,
242 1188 469 1254 Callichorum:
494 1187 613 1275 dequo
626 1211 682 1253 uos
697 1210 792 1275 supra
805 1187 847 1252 ad
863 1212 893 1253 v.
908 1206 983 1274 392.
999 1187 1139 1252 BARN.

170 1295 242 1357 621.
257 1318 294 1372 με
310 1294 522 1356 Hermannus.
559 1290 665 1378 Vulgo
679 1316 727 1356 σε.

169 1398 243 1479 623.
259 1396 351 1478 τύχας
366 1393 535 1459 Hesthius.
556 1394 660 1478 ψυχάς
674 1393 757 1458 libri.

169 1500 242 1578 624.
258 1500 301 1565 τίς
314 1496 378 1561 τοτ’
394 1495 552 1562 Reisitius.
576 1495 697 1561 ἔπτατ’
713 1496 793 1562 libri.

170 1602 210 1666 62
212 1615 243 1686 5.
258 1604 350 1664 τᾶσδε
364 1604 419 1682 γᾶς
433 1601 507 1664 Ραι.
523 1600 562 1664 C.
578 1598 665 1664 Flor.
681 1621 707 1665 1.
753 1598 858 1687 Vulgo
872 1602 963 1678 τῆσδε
976 1603 1040 1682 γῆς.

169 1707 243 1786 627.
260 1705 377 1768 Sensus
390 1718 447 1782 est,
461 1705 528 1783 Ιιοσ,
544 1704 578 1769 τὸ
593 1706 809 1769 ἀνακαλεῖσθαι
822 1703 918 1781 θεοὺς,
927 1705 1069 1790 primum
1084 1699 1226 1787 estquod

126 1811 161 1871 in
177 1812 287 1872 timore
289 1809 449 1894 fiduciam
463 1809 570 1875 addat.
589 1808 781 1875 MATTH.

170 1928 242 1990 628.
257 1928 371 2011 πόριος]
391 1915 493 2010 πόρῖἶος
509 1929 572 1992 Par
586 1929 671 1993 Α.Β.

169 2032 244 2114 631.
268 2030 331 2093 Per
351 2029 386 2092 τὸ
401 2030 458 2093 σὸν
473 2031 603 2112 ἄγαλμα,
618 2031 653 2094 τὸ
675 2030 733 2095 σὸν
754 2032 859 2112 ἵδρυμα
879 2032 996 2096 πόλεως
1016 2026 1226 2113 metaphorice

126 2131 268 2217 designat
290 2129 403 2194 chorus
424 2129 520 2195 duces
541 2131 598 2195 hos
619 2131 713 2218 ipsos,
729 2154 865 2218 quorum
884 2153 1016 2218 corpora
1029 2153 1049 2194 a
1063 2129 1225 2194 Thebanis

129 2230 291 2317 sepultura
325 2230 448 2317 privata
483 2247 582 2296 erant.
628 2233 686 2313 Hi,
717 2256 757 2298 ex
793 2231 1018 2298 consuetudine
1049 2247 1224 2318 poetarum,

127 2335 250 2416 ἄγαλμα
272 2332 389 2401 πόλεως
414 2349 559 2422 poterant
587 2335 668 2410 dici;
703 2336 764 2415 hic,
790 2335 897 2424 paullo
925 2333 1081 2400 audaciori
1111 2334 1224 2421 figura,

127 2436 286 2518 ἀγάλματα
308 2450 459 2501 vocantur
480 2437 548 2524 ejus
571 2437 633 2516 dei,
660 2439 715 2526 qui
739 2440 861 2526 generis
883 2437 996 2525 Argivi
1018 2451 1225 2502 auctorent.

127 2541 231 2620 ἵδρυμα
245 2540 361 2607 πόλεως
375 2555 421 2604 est
438 2540 524 2606 urbis
537 2541 766 2606 firmamentum
788 2542 853 2606 sive
867 2540 1117 2606 fundamentum.
1164 2537 1231 2603 sed·
1343 2563 1345 2573 ’

127 2664 228 2729 neque
243 2642 302 2707 hoc
317 2666 433 2708 novum
454 2658 511 2722 est,
524 2643 564 2708 de
583 2642 717 2709 ducibus
731 2645 779 2708 vei
801 2643 996 2732 principibus
1017 2665 1075 2731 per
1096 2639 1226 2707 mansla-

126 2744 241 2810 tionem
264 2745 334 2811 dici.
380 2748 432 2814 Sic
450 2747 641 2836 Lycophron
666 2749 835 2813 Hectorem
859 2747 982 2828 ἔρεισμα
1003 2745 1116 2828 πάτρας
1136 2758 1227 2810 vocat

127 2870 160 2912 v.
179 2848 251 2916 281.
275 2850 453 2915 Theronem
470 2851 627 2915 Pindarus
643 2851 754 2933 ἔρεισμ’
768 2849 970 2933 Ἀκράγαντος
983 2849 1112 2938 Olymp.
1131 2867 1224 2915 212.

128 2948 199 3013 vide
221 2966 252 3015 et
267 2950 395 3039 Olymp.
412 2971 441 3017 2.
465 2955 527 3018 Str.
542 2969 574 3039 5.
618 2954 690 3019 Jatn
713 2954 898 3035 ἐκκομίζομαι
920 2952 993 3035 πρὸς
1011 2957 1107 3035 ταιρᾶο
1128 2952 1227 3040 expli-

127 3051 190 3115 cari
205 3066 324 3139 potest;
348 3054 456 3118 studeo
477 3055 520 3117 od
540 3077 656 3142 rogum
671 3054 692 3118 i.
708 3077 736 3118 e.
758 3055 798 3119 ad
820 3053 1079 3135 comburendum,
1100 3076 1226 3142 recupe-

127 3175 211 3231 rare,
228 3169 263 3218 ut
278 3154 317 3218 sit
332 3160 434 3238 σχῆμα
447 3156 576 3220 effectus
589 3179 647 3243 pro
661 3172 786 3234 conatu,
802 3156 922 3243 dequo
936 3155 1168 3221 Valckenarius
1181 3156 1224 3221 ad

129 3257 240 3322 Phoen.
258 3274 350 3341 1407.
395 3258 508 3323 Malim
535 3274 647 3336 umen,
673 3281 744 3323 cum
768 3258 975 3347 praecedentia
996 3258 1129 3323 formam
1152 3267 1237 3345 sup-¹

127 3359 262 3447 plicandi
285 3360 430 3438 babeant,
456 3361 587 3442 ῖκκόμιζέ
608 3386 660 3442 μοι
680 3361 754 3443 πρὸς
778 3366 884 3443 τορὸν,
907 3382 1058 3448 τιαιιρατα
1080 3361 1158 3425 mint
1182 3363 1230 3426 od

127 3485 253 3551 rognsm.
297 3465 410 3529 Restat
424 3487 486 3528 vox
500 3466 655 3546 ὑβρισθέν,
671 3488 744 3551 quae
766 3463 1020 3552 simplicissimam
1044 3465 1226 3552 interpreta-

127 3565 241 3631 tionem
265 3567 370 3645 habet‚
390 3567 606 3632 contumeliose
626 3567 777 3646 hobitum,
798 3591 840 3632 sc.
855 3591 875 3632 a
889 3566 1062 3646 Thebanis,
1078 3567 1134 3657 qui
1150 3570 1226 3657 jura

128 3669 298 3755 sepuitorae
312 3669 349 3734 iis
364 3669 604 3757 denegaverant.
620 3671 763 3735 MUSG.
888 3732 895 3745 ,

171 3774 244 3856 632.
261 3774 459 3858 ἐκκομίζομαι]
478 3773 682 3837 scribendum
699 3772 832 3853 έκκόμιζέ
844 3798 895 3853 μοι
908 3794 980 3837 cum
997 3772 1191 3860 Musgravio.

170 3878 245 3959 634.
268 3876 418 3940 Muretus
441 3876 529 3960 (Var.
546 3878 782 3961 Lect.14‚16.)
802 3875 945 3953 miratur,
969 3883 991 3914 ‘⁴
1007 3888 1069 3939 tam
1092 3874 1155 3940 cito
1175 3898 1225 3940 re·

127 3976 275 4041 denotem
297 3977 418 4041 Thebis
432 3978 576 4042 Athenas
591 3979 754 4061 (Eleusina
774 3977 889 4043 dixisse
911 3976 1035 4062 debuit)
1052 3976 1224 4056 Nunnium,

127 4094 164 4143 ut
179 4079 305 4154 volasse,
321 4095 353 4145 et
367 4103 404 4145 ea
418 4103 491 4166 quae
510 4079 626 4145 interea
640 4081 722 4146 facta
738 4082 844 4160 refert,
858 4082 913 4146 vix
935 4083 1056 4147 tantulo
1077 4081 1240 4168 temporis

127 4182 227 4268 spatio
249 4181 401 4246 somniare
424 4183 561 4270 potuisse
581 4182 752 4250 videatur?
796 4184 859 4249 Sed
884 4184 1004 4249 Mureti
1026 4183 1122 4248 errori
1148 4184 1226 4248 bene

127 4284 294 4372 respondet
310 4283 488 4362 Barnesius,
504 4284 588 4348 huuc
602 4285 750 4350 nuncium
766 4301 892 4374 captum
910 4288 1005 4352 fuisse
1024 4311 1043 4351 a
1065 4285 1226 4351 Thebanis

128 4386 159 4450 in
183 4385 265 4451 bello
290 4385 401 4473 priore,
428 4401 459 4451 et
481 4385 555 4450 inde
578 4409 662 4452 nunc
683 4388 852 4476 aufugisse,
878 4390 1051 4455 libertatem
1079 4390 1225 4479 prasenti

130 4488 256 4556 victoria
272 4490 388 4556 Thesei
402 4506 613 4556 consecutum.
629 4492 782 4556 MARK.
1226 4515 1229 4518 ·
