2864 4914
541 276 610 340 AD
634 277 886 341 HECUBAM.

203 468 281 534 544.
299 449 421 533 κολεοῦ]
440 455 566 513 κονλεοὺ
580 447 673 514 codd.
688 470 752 512 sex.

206 553 281 636 546.
300 549 490 638 Hesychius,
506 552 660 633 ἑφράσθηε
686 557 824 632 συνῆκεν,
841 552 929 633 ἔγνω,
945 553 1079 632 ἐνόησεν.

205 671 281 739 552.
304 656 397 733 δοὺλη
419 656 595 742 κεκλῆσθαι]
621 656 672 719 Sic
688 654 928 741 Clytaemnestra
942 676 975 717 se
994 677 1013 718 a
1029 653 1161 718 mortuis
1181 653 1264 718 ludi·

161 756 233 821 brio
247 756 384 820 habitam
401 758 546 843 queritur
560 758 703 844 AEschyl.
720 760 859 822 Eumeu.
876 758 929 842 96.
968 755 1129 821 Eteoclem
1145 771 1264 836 contra,

162 859 318 946 exsequiis
332 860 391 925 rite
405 860 550 946 peractis,
567 860 714 924 honorem
730 883 859 946 quoque
872 858 958 946 apud
981 858 1096 922 inferos
1114 879 1263 923 consecu-

163 978 270 1027 turum
286 962 440 1048 significat
454 963 618 1049 Antigone
634 962 731 1049 Sopb.
747 963 858 1049 Antig.
876 981 926 1046 25.
948 963 1094 1027 MUSG.

205 1081 280 1150 554.
296 1065 348 1128 De
362 1064 489 1129 duobus
502 1065 558 1152 qui
572 1082 644 1153 post
659 1066 743 1130 bunc
759 1089 881 1130 versum
898 1066 929 1129 in
944 1065 1104 1130 codicibus
1117 1064 1267 1152 leguntur

162 1168 304 1231 versibus
319 1168 388 1232 baec
402 1169 564 1233 annotavit
578 1169 745 1234 Matthiae:
769 1175 791 1208 “
806 1168 902 1233 Plura
918 1184 1002 1246 sunt,
1017 1168 1058 1233 ad
1072 1191 1146 1255 quoe
1167 1167 1200 1231 in
1218 1167 1267 1230 his

163 1269 306 1334 versibus
325 1271 492 1336 offendam.
539 1274 583 1337 Et
602 1273 643 1337 de
666 1273 798 1354 ὑστάτην
821 1276 881 1338 ὅτα
901 1273 1030 1360 quidem
1045 1274 1112 1360 jam
1138 1273 1264 1358 Musgr.

164 1372 342 1452 dubitabat,
366 1375 422 1461 qui
445 1374 613 1462 legendum
640 1376 823 1463 conjiciebat
848 1377 1018 1457 άστταοτήν,
1042 1374 1134 1440 αἰνητά
1162 1388 1265 1439 tamen

164 1477 322 1563 explicans
343 1479 472 1560 ὑστάτην
493 1482 648 1560 ultimam,
663 1482 783 1568 quippe
802 1501 896 1567 quam
915 1478 1031 1543 clamor
1051 1477 1161 1566 populi
1185 1500 1265 1565 prae-

164 1581 271 1646 iverat.
318 1582 379 1646 Sed
394 1582 455 1647 alis
468 1599 553 1664 sunt,
568 1609 640 1672 quae
656 1585 759 1650 locum
774 1597 953 1671 suspectum
969 1580 1112 1646 reddant.
1158 1579 1267 1658 Qualis

164 1682 245 1747 enim
262 1683 329 1748 haec
343 1699 389 1749 est
404 1688 557 1752 narratio:
581 1690 822 1775 quomjovcnes
835 1687 948 1750 ultima
963 1685 1028 1772 Ag.
1045 1686 1142 1749 verbu
1160 1685 1269 1749 audia-

164 1796 244 1865 σοον,
256 1788 448 1855 dimiserunt
469 1794 641 1880 virginem,
665 1802 695 1856 et
715 1815 812 1879 quum
834 1790 930 1876 virgo
950 1788 1071 1852 domini
1093 1788 1113 1853 i.
1130 1811 1156 1851 e.
1173 1788 1267 1875 Ago·

165 1890 339 1953 mannonis
352 1894 526 1956 orationem
540 1893 725 1969 credidisset,
737 1901 848 1979 pectus
869 1891 1014 1955 nudavit.
1059 1891 1174 1954 Nonne
1195 1912 1268 1953 con·

164 1989 286 2054 sinnius
300 2007 391 2070 esset,
408 1994 524 2082 Agum.
540 1997 682 2059 oratione
701 1996 826 2070 audito,
842 2004 872 2059 ct
874 1996 1015 2082 juvenes
1037 1995 1197 2081 virginem
1219 1993 1268 2055 dt·-

165 2095 333 2174 miscrunt,
348 2106 378 2161 et
391 2099 487 2185 virgo
498 2109 607 2185 pectus
622 2099 768 2175 nudavit,
784 2120 823 2161 ne
842 2097 888 2162 bis
903 2097 985 2161 idem
1001 2097 1179 2161 diceretur?
1205 2093 1267 2158 Sed

166 2216 206 2259 ne
226 2219 308 2283 opus
327 2198 455 2284 quidem
478 2215 555 2278 erat,
578 2201 693 2265 diserte
713 2200 876 2264 memorari
893 2202 1027 2287 juvenes
1050 2199 1200 2286 virginem
1222 2198 1269 2263 di-

165 2297 340 2363 mittentes:
365 2301 472 2366 fecisse
493 2303 574 2367 enim
595 2326 657 2381 eos,
681 2302 767 2390 quod
789 2305 907 2391 Agam.
928 2303 1082 2390 jussisset,
1104 2319 1136 2367 et
1155 2325 1212 2389 per
1235 2325 1267 2366 se

165 2399 364 2487 intelligitur,
384 2418 416 2467 et
437 2427 477 2467 ex
503 2404 551 2481 iis,
575 2428 648 2491 quae
671 2421 858 2492 sequuntur,
882 2405 1079 2492 perspicitur.
1123 2404 1268 2469 Additur

166 2518 282 2581 tamen,
297 2518 329 2568 et
343 2505 397 2583 ita,
412 2507 502 2593 quasi
517 2530 665 2595 magnum
682 2507 759 2594 quid
775 2508 865 2571 sitae
880 2507 1089 2584 memorabile,
1106 2528 1205 2592 quum
1221 2506 1268 2571 di-

166 2624 266 2683 catur,
292 2630 352 2672 non
375 2609 505 2690 ὑστάτην
525 2614 585 2675 ὅπα
600 2610 833 2694 Ἀγαμέμνονος,
855 2609 909 2674 sed
929 2612 996 2673 ὑστ.
1016 2612 1085 2683 ὄπα,
1106 2610 1197 2691 οὑπερ
1220 2609 1269 2673 καὶ

165 2709 310 2794 μέγιστον
324 2712 362 2791 ἣν
379 2713 493 2795 κράτος.
521 2715 647 2801 Itsque,
664 2714 723 2779 nisi
736 2736 892 2778 summum
904 2711 1068 2798 imperium
1081 2725 1161 2775 esset
1174 2733 1270 2797 penes

168 2815 451 2899 Agamemnonem,
478 2838 540 2879 non
566 2818 706 2883 obsecuti
730 2822 854 2882 essent?
877 2841 916 2881 an
939 2815 1094 2880 nesciebat
1121 2813 1268 2892 Hecuba,

167 2916 416 3003 Agamemnonis
435 2916 580 3000 μέγιστον
608 2920 684 2984 εἶναι
709 2920 836 3001 κράτοςΡ
861 2918 1006 2995 Accedit,
1033 2917 1120 3004 quod
1147 2916 1267 2994 ultima,

167 3020 258 3101 οὗπερ
281 3021 330 3084 καὶ
350 3020 494 3103 μέγιστον
515 3022 553 3101 ἦν
569 3023 645 3106 (dici
660 3023 795 3089 debebat
814 3025 892 3108 ἐστι)
910 3022 1022 3105 κράτος,
1039 3044 1100 3085 non
1125 3021 1203 3085 bene
1222 3019 1270 3084 di-

168 3124 257 3186 vulse
271 3139 355 3203 sunt,
369 3124 553 3211 interposito
564 3127 660 3190 verbo
674 3132 815 3208 μεθῆκαν,
831 3125 934 3203 abiis,
950 3125 1137 3211 quibuscum
1154 3124 1270 3188 arctius

168 3225 324 3290 cohaerere
338 3226 505 3307 debebant,
519 3228 650 3308 ὑστάτην
664 3233 734 3304 ὄπα,
750 3243 782 3294 et
796 3228 895 3315 quod,
911 3250 1010 3313 quum
1031 3251 1060 3290 v.
1076 3242 1151 3313 550.
1167 3251 1214 3314 sq.
1230 3227 1270 3292 de

162 3328 335 3414 juvenibus
357 3328 479 3394 selectis
504 3354 605 3396 sermo
628 3332 749 3410 suisset,
769 3356 799 3395 v.
820 3348 896 3415 551.
920 3328 961 3392 od
988 3328 1183 3417 Polyxenam
1208 3352 1269 3394 non

167 3429 247 3495 bene
277 3431 437 3510 transitur,
467 3457 549 3498 novo
573 3435 715 3522 subjecto
746 3457 807 3498 non
837 3447 1086 3497 commemorato.
1132 3433 1195 3496 His
1224 3446 1272 3497 tot

167 3534 268 3599 causis
282 3535 439 3601 adductus
454 3560 516 3602 non
532 3561 670 3625 possum,
683 3538 760 3625 quin
775 3536 968 3602 subscribam
980 3534 1116 3601 Jacobsii
1128 3535 1268 3600 Exercit.

167 3636 236 3700 crit.
252 3637 283 3701 in
307 3653 370 3702 ant.
387 3641 492 3727 script.
510 3643 573 3705 vol.
592 3662 621 3704 1.
644 3666 676 3729 p.
696 3660 735 3726 25
753 3664 799 3726 sq.
821 3638 994 3718 sententiae,
1009 3638 1065 3725 qui
1087 3638 1145 3704 hos
1163 3663 1271 3706 versus

167 3739 208 3804 eb
222 3740 450 3827 interpolatoris
466 3766 560 3808 manu
577 3744 733 3831 profectos
748 3742 885 3809 docuit.’'
1075 3811 1098 3854 ⁰<

211 3859 285 3926 559.
302 3844 448 3930 λαγόνος]
472 3846 605 3927 λαγόνος
624 3847 663 3910 Β.
679 3861 710 3911 et
725 3844 865 3932 quinque
879 3843 939 3908 alii.
963 3845 1097 3927 λαγόνας
1113 3845 1159 3908 Η.
1179 3848 1273 3927 λαγά-

169 3969 222 4011 νας
237 3947 272 4018 τ’,
289 3946 375 4009 Flor.
394 3969 486 4011 unus.

213 4048 255 4130 ἐς]
277 4049 318 4114 εἰς
331 4047 411 4111 Ald.

210 4151 286 4234 560.
303 4151 490 4237 ἀγάλματος]
509 4153 612 4217 Codd.
628 4152 748 4239 aliquot
762 4152 932 4235 ἀγάλματα.
957 4153 1056 4215 Recte
1070 4174 1185 4238 corpus
1201 4151 1270 4237 pul-

168 4250 278 4316 chrum
310 4253 485 4332 simulacro,
513 4270 548 4318 ut
571 4254 753 4343 pulchriori,
778 4270 986 4342 comparatur.
1033 4252 1214 4319 Philostrat.
1241 4278 1271 4340 p.
1369 4332 1371 4338 Ι

168 4372 244 4439 715.
258 4357 295 4420 C.
312 4355 362 4419 ed.
381 4357 504 4421 Morell.
520 4362 679 4423 λείπεσθαι
694 4360 726 4421 δὲ
742 4358 832 4421 αὑτοῦ
845 4363 999 4431 τοσοῦτον,
1016 4358 1092 4421 ὅσον
1105 4363 1165 4421 τῶν
1179 4358 1274 4438 ἀγαλ-

162 4456 265 4540 μάτων
281 4461 312 4523 ot
333 4462 420 4524 καλοὶ
439 4462 602 4526 λείποντα.
650 4460 737 4525 Hinc
760 4460 927 4526 Petronius
949 4460 1096 4525 Arbiter:
1121 4461 1274 4548 laterique

696 4586 754 4643 ¹⁴34
