<?xml version="1.0" encoding="UTF-8"?>
<!DOCTYPE html PUBLIC "-//W3C//DTD XHTML 1.0 Transitional//EN"
    "http://www.w3.org/TR/xhtml1/DTD/xhtml1-transitional.dtd">
<html xmlns="http://www.w3.org/1999/xhtml" xml:lang="en" lang="en">
 <head>
  <title>
</title>
<meta http-equiv="Content-Type" content="text/html;charset=utf-8" />
  <meta name='ocr-system' content='tesseract 3.04.00' />
  <meta name='ocr-capabilities' content='ocr_page ocr_carea ocr_par ocr_line ocrx_word'/>
</head>
<body>
  <div class='ocr_page' id='page_1' title='image "./tragoediaesuper01eurigoog_0367.png"; bbox 0 0 2864 4914; ppageno 0'>
   <div class='ocr_carea' id='block_1_1' title="bbox 183 281 925 349">
    <p class='ocr_par' dir='ltr' id='par_1_1' title="bbox 183 281 925 349">
     <span class='ocr_line' id='line_1_1' title="bbox 183 281 925 349; baseline -0.004 -2"><span class='ocrx_word' id='word_1_1' title='bbox 183 281 250 349; x_wconf 77' lang='lat'><strong>356</strong></span> <span class='ocrx_word' id='word_1_2' title='bbox 545 281 925 347; x_wconf 84' lang='lat' dir='ltr'><strong>ANNOTATIONES</strong></span> 
     </span>
    </p>
   </div>
   <div class='ocr_carea' id='block_1_2' title="bbox 174 418 1297 4537">
    <p class='ocr_par' dir='ltr' id='par_1_2' title="bbox 186 418 1297 622">
     <span class='ocr_line' id='line_1_2' title="bbox 232 418 1297 541; baseline -0.003 -23"><span class='ocrx_word' id='word_1_3' title='bbox 232 473 303 540; x_wconf 88' lang='grc'><strong>195.</strong></span> <span class='ocrx_word' id='word_1_4' title='bbox 316 456 391 539; x_wconf 85' lang='grc' dir='ltr'>τθχη</span> <span class='ocrx_word' id='word_1_5' title='bbox 407 455 482 518; x_wconf 85' lang='lat' dir='ltr'><strong>Par.</strong></span> <span class='ocrx_word' id='word_1_6' title='bbox 497 455 536 518; x_wconf 89' lang='lat' dir='ltr'><strong>B.</strong></span> <span class='ocrx_word' id='word_1_7' title='bbox 575 418 679 541; x_wconf 84' lang='lat' dir='ltr'><strong>Vrilgo</strong></span> <span class='ocrx_word' id='word_1_8' title='bbox 695 443 779 538; x_wconf 65' lang='grc' dir='ltr'>τύχη.</span> <span class='ocrx_word' id='word_1_9' title='bbox 812 456 1006 538; x_wconf 78' lang='grc' dir='ltr'>τθχηουιεαι</span> <span class='ocrx_word' id='word_1_10' title='bbox 1021 449 1225 538; x_wconf 80' lang='lat' dir='ltr'><strong>intelligenda</strong></span> <span class='ocrx_word' id='word_1_11' title='bbox 1244 463 1297 515; x_wconf 80' lang='lat' dir='ltr'><strong>est</strong></span> 
     </span>
     <span class='ocr_line' id='line_1_3' title="bbox 186 556 433 622; baseline 0 -1"><span class='ocrx_word' id='word_1_12' title='bbox 186 556 433 622; x_wconf 87' lang='lat' dir='ltr'><strong>Andromachae.</strong></span> 
     </span>
    </p>

    <p class='ocr_par' dir='ltr' id='par_1_3' title="bbox 228 659 546 746">
     <span class='ocr_line' id='line_1_4' title="bbox 228 659 546 746; baseline -0.013 -21"><span class='ocrx_word' id='word_1_13' title='bbox 228 659 272 746; x_wconf 79' lang='grc' dir='ltr'><strong>θ’]</strong></span> <span class='ocrx_word' id='word_1_14' title='bbox 289 659 313 724; x_wconf 79' lang='grc' dir='ltr'><strong>δ’</strong></span> <span class='ocrx_word' id='word_1_15' title='bbox 331 660 418 724; x_wconf 87' lang='lat' dir='ltr'><strong>Flor.</strong></span> <span class='ocrx_word' id='word_1_16' title='bbox 434 662 478 723; x_wconf 99' lang='lat' dir='ltr'><strong>A.</strong></span> <span class='ocrx_word' id='word_1_17' title='bbox 496 680 546 723; x_wconf 94' lang='lat'><strong>10.</strong></span> 
     </span>
    </p>

    <p class='ocr_par' dir='ltr' id='par_1_4' title="bbox 184 757 1292 950">
     <span class='ocr_line' id='line_1_5' title="bbox 228 757 1292 850; baseline -0.006 -22"><span class='ocrx_word' id='word_1_18' title='bbox 228 767 278 827; x_wconf 84' lang='grc' dir='ltr'>καί</span> <span class='ocrx_word' id='word_1_19' title='bbox 289 763 336 850; x_wconf 79' lang='grc' dir='ltr'><strong>μ’]</strong></span> <span class='ocrx_word' id='word_1_20' title='bbox 354 763 560 828; x_wconf 89' lang='lat' dir='ltr'><strong>Scribendum</strong></span> <span class='ocrx_word' id='word_1_21' title='bbox 584 761 649 842; x_wconf 74' lang='grc' dir='ltr'><strong>κᾶμ’</strong></span> <span class='ocrx_word' id='word_1_22' title='bbox 665 785 704 825; x_wconf 89' lang='lat' dir='ltr'><strong>ex</strong></span> <span class='ocrx_word' id='word_1_23' title='bbox 719 760 882 826; x_wconf 80' lang='lat' dir='ltr'><strong>scholiasta</strong></span> <span class='ocrx_word' id='word_1_24' title='bbox 896 775 928 825; x_wconf 87' lang='lat' dir='ltr'><strong>et</strong></span> <span class='ocrx_word' id='word_1_25' title='bbox 943 762 1016 825; x_wconf 85' lang='lat' dir='ltr'><strong>Par.</strong></span> <span class='ocrx_word' id='word_1_26' title='bbox 1032 761 1122 825; x_wconf 91' lang='lat' dir='ltr'><strong>A.B.</strong></span> <span class='ocrx_word' id='word_1_27' title='bbox 1138 757 1226 823; x_wconf 87' lang='lat' dir='ltr'><strong>Flor.</strong></span> <span class='ocrx_word' id='word_1_28' title='bbox 1242 759 1292 822; x_wconf 88' lang='lat' dir='ltr'><strong>A.</strong></span> 
     </span>
     <span class='ocr_line' id='line_1_6' title="bbox 184 861 1051 950; baseline -0.003 -22"><span class='ocrx_word' id='word_1_29' title='bbox 184 865 272 950; x_wconf 90' lang='lat' dir='ltr'><strong>quod</strong></span> <span class='ocrx_word' id='word_1_30' title='bbox 285 866 370 929; x_wconf 90' lang='lat' dir='ltr'><strong>haud</strong></span> <span class='ocrx_word' id='word_1_31' title='bbox 386 865 481 929; x_wconf 92' lang='lat' dir='ltr'><strong>dubie</strong></span> <span class='ocrx_word' id='word_1_32' title='bbox 497 864 527 929; x_wconf 92' lang='lat' dir='ltr'><strong>in</strong></span> <span class='ocrx_word' id='word_1_33' title='bbox 543 863 611 927; x_wconf 90' lang='lat' dir='ltr'><strong>aliis</strong></span> <span class='ocrx_word' id='word_1_34' title='bbox 625 885 753 949; x_wconf 89' lang='lat' dir='ltr'><strong>quoque</strong></span> <span class='ocrx_word' id='word_1_35' title='bbox 767 861 925 927; x_wconf 81' lang='lat' dir='ltr'>codicibus</span> <span class='ocrx_word' id='word_1_36' title='bbox 939 875 1051 926; x_wconf 84' lang='lat' dir='ltr'><strong>exstat.</strong></span> 
     </span>
    </p>

    <p class='ocr_par' dir='ltr' id='par_1_5' title="bbox 226 963 958 1052">
     <span class='ocr_line' id='line_1_7' title="bbox 226 963 958 1052; baseline -0.001 -22"><span class='ocrx_word' id='word_1_37' title='bbox 226 967 402 1052; x_wconf 76' lang='grc' dir='ltr'>ἐλευθέραν]</span> <span class='ocrx_word' id='word_1_38' title='bbox 423 969 582 1048; x_wconf 79' lang='grc' dir='ltr'>ἐλεύθερον</span> <span class='ocrx_word' id='word_1_39' title='bbox 598 968 669 1029; x_wconf 92' lang='lat' dir='ltr'><strong>Par.</strong></span> <span class='ocrx_word' id='word_1_40' title='bbox 687 967 724 1030; x_wconf 87' lang='lat' dir='ltr'><strong>B.</strong></span> <span class='ocrx_word' id='word_1_41' title='bbox 741 963 827 1030; x_wconf 89' lang='lat' dir='ltr'><strong>Flor.</strong></span> <span class='ocrx_word' id='word_1_42' title='bbox 842 985 891 1029; x_wconf 94' lang='lat'><strong>10.</strong></span> <span class='ocrx_word' id='word_1_43' title='bbox 909 982 958 1049; x_wconf 93' lang='grc'><strong>15.</strong></span> 
     </span>
    </p>

    <p class='ocr_par' dir='ltr' id='par_1_6' title="bbox 181 1064 1292 1662">
     <span class='ocr_line' id='line_1_8' title="bbox 230 1064 1290 1153; baseline -0.005 -21"><span class='ocrx_word' id='word_1_44' title='bbox 230 1085 300 1151; x_wconf 94' lang='grc'><strong>197.</strong></span> <span class='ocrx_word' id='word_1_45' title='bbox 325 1072 441 1137; x_wconf 78' lang='grc' dir='ltr'>πόλεώς</span> <span class='ocrx_word' id='word_1_46' title='bbox 462 1095 495 1133; x_wconf 89' lang='grc' dir='ltr'><strong>τε</strong></span> <span class='ocrx_word' id='word_1_47' title='bbox 513 1068 646 1152; x_wconf 81' lang='grc' dir='ltr'>μεγέθει]</span> <span class='ocrx_word' id='word_1_48' title='bbox 672 1068 847 1131; x_wconf 82' lang='lat' dir='ltr'><strong>Fortunam</strong></span> <span class='ocrx_word' id='word_1_49' title='bbox 874 1067 1036 1153; x_wconf 87' lang='lat' dir='ltr'><strong>utriusque</strong></span> <span class='ocrx_word' id='word_1_50' title='bbox 1057 1064 1190 1131; x_wconf 87' lang='lat' dir='ltr'><strong>civitatis</strong></span> <span class='ocrx_word' id='word_1_51' title='bbox 1208 1087 1290 1128; x_wconf 90' lang='lat' dir='ltr'><strong>oon·</strong></span> 
     </span>
     <span class='ocr_line' id='line_1_9' title="bbox 184 1167 1292 1257; baseline -0.005 -21"><span class='ocrx_word' id='word_1_52' title='bbox 184 1172 327 1236; x_wconf 81' lang='lat' dir='ltr'>tenderat</span> <span class='ocrx_word' id='word_1_53' title='bbox 342 1194 372 1235; x_wconf 87' lang='lat' dir='ltr'><strong>v.</strong></span> <span class='ocrx_word' id='word_1_54' title='bbox 393 1192 463 1256; x_wconf 91' lang='lat'>194.</span> <span class='ocrx_word' id='word_1_55' title='bbox 478 1193 542 1257; x_wconf 89' lang='lat' dir='ltr'><strong>qua</strong></span> <span class='ocrx_word' id='word_1_56' title='bbox 560 1171 661 1257; x_wconf 89' lang='lat' dir='ltr'><strong>Troja</strong></span> <span class='ocrx_word' id='word_1_57' title='bbox 675 1184 739 1234; x_wconf 87' lang='lat' dir='ltr'><strong>tam</strong></span> <span class='ocrx_word' id='word_1_58' title='bbox 761 1168 891 1234; x_wconf 87' lang='lat' dir='ltr'><strong>adversa</strong></span> <span class='ocrx_word' id='word_1_59' title='bbox 914 1190 971 1233; x_wconf 88' lang='lat' dir='ltr'><strong>usa</strong></span> <span class='ocrx_word' id='word_1_60' title='bbox 991 1184 1048 1247; x_wconf 84' lang='lat' dir='ltr'><strong>est,</strong></span> <span class='ocrx_word' id='word_1_61' title='bbox 1071 1185 1107 1235; x_wconf 86' lang='lat' dir='ltr'><strong>ut</strong></span> <span class='ocrx_word' id='word_1_62' title='bbox 1128 1192 1167 1235; x_wconf 89' lang='lat' dir='ltr'><strong>ne</strong></span> <span class='ocrx_word' id='word_1_63' title='bbox 1188 1167 1292 1232; x_wconf 81' lang='lat' dir='ltr'><strong>libera</strong></span> 
     </span>
     <span class='ocr_line' id='line_1_10' title="bbox 182 1272 1287 1360; baseline -0.003 -22"><span class='ocrx_word' id='word_1_64' title='bbox 182 1273 312 1360; x_wconf 86' lang='lat' dir='ltr'><strong>quidem</strong></span> <span class='ocrx_word' id='word_1_65' title='bbox 336 1290 416 1338; x_wconf 88' lang='lat' dir='ltr'><strong>esset</strong></span> <span class='ocrx_word' id='word_1_66' title='bbox 439 1272 672 1337; x_wconf 83' lang='lat' dir='ltr'><strong>Andromache.</strong></span> <span class='ocrx_word' id='word_1_67' title='bbox 717 1273 813 1336; x_wconf 91' lang='lat' dir='ltr'><strong>Nunc</strong></span> <span class='ocrx_word' id='word_1_68' title='bbox 838 1272 1085 1358; x_wconf 84' lang='lat' dir='ltr'><strong>magnitudinem</strong></span> <span class='ocrx_word' id='word_1_69' title='bbox 1111 1288 1287 1358; x_wconf 85' lang='lat' dir='ltr'><strong>comparat.</strong></span> 
     </span>
     <span class='ocr_line' id='line_1_11' title="bbox 181 1375 1291 1464; baseline -0.002 -23"><span class='ocrx_word' id='word_1_70' title='bbox 181 1377 339 1442; x_wconf 81' lang='lat' dir='ltr'><strong>Aristides</strong></span> <span class='ocrx_word' id='word_1_71' title='bbox 354 1376 415 1441; x_wconf 87' lang='lat' dir='ltr'><strong>vol.</strong></span> <span class='ocrx_word' id='word_1_72' title='bbox 428 1398 457 1460; x_wconf 82' lang='lat'><strong>3.</strong></span> <span class='ocrx_word' id='word_1_73' title='bbox 474 1400 506 1464; x_wconf 91' lang='lat' dir='ltr'><strong>p.</strong></span> <span class='ocrx_word' id='word_1_74' title='bbox 520 1379 583 1457; x_wconf 86' lang='lat'><strong>426</strong></span> <span class='ocrx_word' id='word_1_75' title='bbox 594 1399 623 1440; x_wconf 92' lang='lat' dir='ltr'><strong>c.</strong></span> <span class='ocrx_word' id='word_1_76' title='bbox 640 1379 666 1440; x_wconf 90' lang='grc' dir='ltr'><strong>εί</strong></span> <span class='ocrx_word' id='word_1_77' title='bbox 680 1378 783 1457; x_wconf 80' lang='grc' dir='ltr'>φίλοις</span> <span class='ocrx_word' id='word_1_78' title='bbox 797 1377 922 1458; x_wconf 82' lang='grc' dir='ltr'>ίσχύεις,</span> <span class='ocrx_word' id='word_1_79' title='bbox 939 1378 966 1440; x_wconf 82' lang='grc' dir='ltr'><strong>εἰ</strong></span> <span class='ocrx_word' id='word_1_80' title='bbox 979 1375 1140 1459; x_wconf 80' lang='grc' dir='ltr'>χρήμασιν,</span> <span class='ocrx_word' id='word_1_81' title='bbox 1157 1378 1184 1439; x_wconf 83' lang='grc' dir='ltr'><strong>εί</strong></span> <span class='ocrx_word' id='word_1_82' title='bbox 1194 1376 1291 1453; x_wconf 77' lang='grc' dir='ltr'>δόξαν</span> 
     </span>
     <span class='ocr_line' id='line_1_12' title="bbox 182 1476 1290 1565; baseline 0 -21"><span class='ocrx_word' id='word_1_83' title='bbox 182 1481 261 1563; x_wconf 76' lang='grc' dir='ltr'>ἔχεις</span> <span class='ocrx_word' id='word_1_84' title='bbox 283 1482 316 1543; x_wconf 84' lang='grc' dir='ltr'>έν</span> <span class='ocrx_word' id='word_1_85' title='bbox 330 1483 366 1565; x_wconf 79' lang='grc' dir='ltr'><strong>τῇ</strong></span> <span class='ocrx_word' id='word_1_86' title='bbox 392 1481 490 1553; x_wconf 88' lang='grc' dir='ltr'>πόλει,</span> <span class='ocrx_word' id='word_1_87' title='bbox 510 1480 614 1559; x_wconf 83' lang='grc' dir='ltr'>μηδενὶ</span> <span class='ocrx_word' id='word_1_88' title='bbox 632 1480 745 1542; x_wconf 77' lang='grc' dir='ltr'>τούτων</span> <span class='ocrx_word' id='word_1_89' title='bbox 764 1481 901 1559; x_wconf 87' lang='grc' dir='ltr'>έπαρθῆς,</span> <span class='ocrx_word' id='word_1_90' title='bbox 916 1481 990 1559; x_wconf 71' lang='grc' dir='ltr'>μηδὲ</span> <span class='ocrx_word' id='word_1_91' title='bbox 1010 1485 1111 1559; x_wconf 72' lang='grc' dir='ltr'>μεῖζον</span> <span class='ocrx_word' id='word_1_92' title='bbox 1131 1476 1290 1560; x_wconf 75' lang='grc' dir='ltr'>φρονήσῃς</span> 
     </span>
     <span class='ocr_line' id='line_1_13' title="bbox 183 1580 625 1662; baseline -0.011 -13"><span class='ocrx_word' id='word_1_93' title='bbox 183 1587 234 1662; x_wconf 81' lang='grc' dir='ltr'>τῆς</span> <span class='ocrx_word' id='word_1_94' title='bbox 249 1580 396 1661; x_wconf 76' lang='grc' dir='ltr'>ἐξουσίας.</span> <span class='ocrx_word' id='word_1_95' title='bbox 421 1583 478 1645; x_wconf 86' lang='lat' dir='ltr'><strong>PF</strong></span> <span class='ocrx_word' id='word_1_96' title='bbox 482 1581 625 1645; x_wconf 87' lang='lat' dir='ltr'><strong>LUGK.</strong></span> 
     </span>
    </p>

    <p class='ocr_par' dir='ltr' id='par_1_7' title="bbox 228 1682 763 1770">
     <span class='ocr_line' id='line_1_14' title="bbox 228 1682 763 1770; baseline -0.006 -23"><span class='ocrx_word' id='word_1_97' title='bbox 228 1705 303 1769; x_wconf 85' lang='grc'><strong>203.</strong></span> <span class='ocrx_word' id='word_1_98' title='bbox 320 1684 460 1770; x_wconf 86' lang='grc' dir='ltr'>φιλοῦσι]</span> <span class='ocrx_word' id='word_1_99' title='bbox 478 1683 601 1747; x_wconf 90' lang='lat' dir='ltr'><strong>Ironice</strong></span> <span class='ocrx_word' id='word_1_100' title='bbox 615 1682 763 1769; x_wconf 92' lang='lat' dir='ltr'><strong>loquitur.</strong></span> 
     </span>
    </p>

    <p class='ocr_par' dir='ltr' id='par_1_8' title="bbox 183 1779 1286 1973">
     <span class='ocr_line' id='line_1_15' title="bbox 221 1779 1286 1870; baseline 0 -21"><span class='ocrx_word' id='word_1_101' title='bbox 221 1784 365 1866; x_wconf 81' lang='grc' dir='ltr'>Ἕκτορός</span> <span class='ocrx_word' id='word_1_102' title='bbox 386 1784 410 1849; x_wconf 86' lang='grc' dir='ltr'><strong>τ’</strong></span> <span class='ocrx_word' id='word_1_103' title='bbox 427 1783 501 1870; x_wconf 83' lang='grc' dir='ltr'>ἄπο]</span> <span class='ocrx_word' id='word_1_104' title='bbox 527 1785 578 1849; x_wconf 89' lang='lat' dir='ltr'><strong>Sic</strong></span> <span class='ocrx_word' id='word_1_105' title='bbox 593 1785 694 1848; x_wconf 86' lang='lat' dir='ltr'><strong>Anth.</strong></span> <span class='ocrx_word' id='word_1_106' title='bbox 712 1786 780 1848; x_wconf 92' lang='lat' dir='ltr'><strong>Pal.</strong></span> <span class='ocrx_word' id='word_1_107' title='bbox 797 1805 828 1868; x_wconf 89' lang='lat'><strong>9,</strong></span> <span class='ocrx_word' id='word_1_108' title='bbox 846 1803 918 1857; x_wconf 85' lang='grc'><strong>240.</strong></span> <span class='ocrx_word' id='word_1_109' title='bbox 934 1782 978 1866; x_wconf 77' lang='grc' dir='ltr'><strong>ἆρ’</strong></span> <span class='ocrx_word' id='word_1_110' title='bbox 995 1783 1054 1848; x_wconf 77' lang='grc' dir='ltr'><strong>ἀπὸ</strong></span> <span class='ocrx_word' id='word_1_111' title='bbox 1066 1781 1166 1865; x_wconf 81' lang='grc' dir='ltr'>Ἤρης</span> <span class='ocrx_word' id='word_1_112' title='bbox 1186 1779 1286 1865; x_wconf 83' lang='grc' dir='ltr'>Ἡρα·</span> 
     </span>
     <span class='ocr_line' id='line_1_16' title="bbox 183 1886 947 1973; baseline -0.003 -22"><span class='ocrx_word' id='word_1_113' title='bbox 183 1887 272 1968; x_wconf 86' lang='grc' dir='ltr'>κλέης</span> <span class='ocrx_word' id='word_1_114' title='bbox 285 1887 426 1971; x_wconf 87' lang='grc' dir='ltr'>βρεφέων</span> <span class='ocrx_word' id='word_1_115' title='bbox 441 1887 567 1973; x_wconf 74' lang='grc' dir='ltr'>ᾤκτισεν</span> <span class='ocrx_word' id='word_1_116' title='bbox 580 1889 715 1968; x_wconf 78' lang='grc' dir='ltr'>ῆλικίηνς</span> <span class='ocrx_word' id='word_1_117' title='bbox 740 1888 798 1952; x_wconf 87' lang='lat' dir='ltr'><strong>PF</strong></span> <span class='ocrx_word' id='word_1_118' title='bbox 801 1886 947 1951; x_wconf 86' lang='lat' dir='ltr'><strong>LUGK.</strong></span> 
     </span>
    </p>

    <p class='ocr_par' dir='ltr' id='par_1_9' title="bbox 182 1985 1286 2176">
     <span class='ocr_line' id='line_1_17' title="bbox 227 1985 1286 2075; baseline -0.004 -22"><span class='ocrx_word' id='word_1_119' title='bbox 227 2010 299 2053; x_wconf 82' lang='lat'><strong>210.</strong></span> <span class='ocrx_word' id='word_1_120' title='bbox 315 1990 380 2072; x_wconf 83' lang='grc' dir='ltr'>μέγ’</span> <span class='ocrx_word' id='word_1_121' title='bbox 397 1991 473 2075; x_wconf 81' lang='grc' dir='ltr'>ἐστὶ]</span> <span class='ocrx_word' id='word_1_122' title='bbox 492 1990 532 2055; x_wconf 91' lang='lat' dir='ltr'><strong>Id</strong></span> <span class='ocrx_word' id='word_1_123' title='bbox 548 2006 594 2054; x_wconf 88' lang='lat' dir='ltr'><strong>est</strong></span> <span class='ocrx_word' id='word_1_124' title='bbox 607 1991 808 2072; x_wconf 84' lang='grc' dir='ltr'>μεγαλύνεται</span> <span class='ocrx_word' id='word_1_125' title='bbox 821 1989 878 2054; x_wconf 76' lang='grc' dir='ltr'><strong>ὑπὸ</strong></span> <span class='ocrx_word' id='word_1_126' title='bbox 893 1994 960 2053; x_wconf 83' lang='grc' dir='ltr'>σοῦ.</span> <span class='ocrx_word' id='word_1_127' title='bbox 1004 1990 1170 2052; x_wconf 87' lang='lat' dir='ltr'><strong>Structura</strong></span> <span class='ocrx_word' id='word_1_128' title='bbox 1184 1985 1286 2051; x_wconf 74' lang='lat' dir='ltr'><strong>nmile</strong></span> 
     </span>
     <span class='ocr_line' id='line_1_18' title="bbox 182 2091 1114 2176; baseline -0.004 -20"><span class='ocrx_word' id='word_1_129' title='bbox 182 2106 228 2157; x_wconf 81' lang='lat' dir='ltr'><strong>est</strong></span> <span class='ocrx_word' id='word_1_130' title='bbox 243 2091 322 2156; x_wconf 89' lang='lat' dir='ltr'><strong>illud</strong></span> <span class='ocrx_word' id='word_1_131' title='bbox 339 2094 395 2155; x_wconf 82' lang='lat'><strong>01.</strong></span> <span class='ocrx_word' id='word_1_132' title='bbox 412 2095 486 2176; x_wconf 85' lang='lat'><strong>784.</strong></span> <span class='ocrx_word' id='word_1_133' title='bbox 501 2094 580 2175; x_wconf 86' lang='grc' dir='ltr'>μέγα</span> <span class='ocrx_word' id='word_1_134' title='bbox 595 2097 653 2176; x_wconf 85' lang='grc' dir='ltr'><strong>γδρ</strong></span> <span class='ocrx_word' id='word_1_135' title='bbox 664 2093 802 2175; x_wconf 75' lang='grc' dir='ltr'>ηὑγένειά</span> <span class='ocrx_word' id='word_1_136' title='bbox 818 2119 883 2156; x_wconf 88' lang='grc' dir='ltr'>σου.</span> <span class='ocrx_word' id='word_1_137' title='bbox 908 2092 1114 2156; x_wconf 88' lang='lat' dir='ltr'><strong>PFLUGK.</strong></span> 
     </span>
    </p>

    <p class='ocr_par' dir='ltr' id='par_1_10' title="bbox 227 2196 730 2284">
     <span class='ocr_line' id='line_1_19' title="bbox 227 2196 730 2284; baseline 0 -25"><span class='ocrx_word' id='word_1_138' title='bbox 227 2197 355 2280; x_wconf 81' lang='grc' dir='ltr'>Σκῦρον]</span> <span class='ocrx_word' id='word_1_139' title='bbox 373 2196 571 2283; x_wconf 82' lang='lat' dir='ltr'><strong>Neoptolemi</strong></span> <span class='ocrx_word' id='word_1_140' title='bbox 586 2197 730 2284; x_wconf 90' lang='lat' dir='ltr'><strong>patriam.</strong></span> 
     </span>
    </p>

    <p class='ocr_par' dir='ltr' id='par_1_11' title="bbox 228 2298 772 2386">
     <span class='ocr_line' id='line_1_20' title="bbox 228 2298 772 2386; baseline -0.002 -25"><span class='ocrx_word' id='word_1_141' title='bbox 228 2317 300 2384; x_wconf 85' lang='grc'><strong>213.</strong></span> <span class='ocrx_word' id='word_1_142' title='bbox 316 2299 389 2386; x_wconf 76' lang='grc' dir='ltr'>χρὴ]</span> <span class='ocrx_word' id='word_1_143' title='bbox 405 2305 482 2383; x_wconf 89' lang='grc' dir='ltr'>χρῆν</span> <span class='ocrx_word' id='word_1_144' title='bbox 497 2301 597 2364; x_wconf 85' lang='lat' dir='ltr'><strong>Taur.</strong></span> <span class='ocrx_word' id='word_1_145' title='bbox 614 2300 679 2364; x_wconf 91' lang='lat' dir='ltr'><strong>Gu.</strong></span> <span class='ocrx_word' id='word_1_146' title='bbox 696 2298 772 2362; x_wconf 92' lang='lat' dir='ltr'><strong>Ald.</strong></span> 
     </span>
    </p>

    <p class='ocr_par' dir='ltr' id='par_1_12' title="bbox 181 2398 1284 2590">
     <span class='ocr_line' id='line_1_21' title="bbox 226 2398 1284 2490; baseline 0.001 -27"><span class='ocrx_word' id='word_1_147' title='bbox 226 2419 298 2486; x_wconf 83' lang='lat'><strong>215.</strong></span> <span class='ocrx_word' id='word_1_148' title='bbox 315 2404 395 2484; x_wconf 82' lang='grc' dir='ltr'>χιόνι</span> <span class='ocrx_word' id='word_1_149' title='bbox 410 2402 464 2480; x_wconf 81' lang='grc' dir='ltr'>τῆν</span> <span class='ocrx_word' id='word_1_150' title='bbox 479 2402 674 2490; x_wconf 85' lang='grc' dir='ltr'>κατάρρυτον]</span> <span class='ocrx_word' id='word_1_151' title='bbox 692 2400 731 2465; x_wconf 92' lang='lat' dir='ltr'><strong>ld</strong></span> <span class='ocrx_word' id='word_1_152' title='bbox 748 2416 795 2466; x_wconf 86' lang='lat' dir='ltr'><strong>est</strong></span> <span class='ocrx_word' id='word_1_153' title='bbox 809 2400 862 2479; x_wconf 77' lang='grc' dir='ltr'>τὴν</span> <span class='ocrx_word' id='word_1_154' title='bbox 876 2401 957 2484; x_wconf 78' lang='grc' dir='ltr'>χιόνι</span> <span class='ocrx_word' id='word_1_155' title='bbox 971 2399 1161 2482; x_wconf 81' lang='grc' dir='ltr'>κατάρρυτον.</span> <span class='ocrx_word' id='word_1_156' title='bbox 1189 2398 1284 2464; x_wconf 88' lang='lat' dir='ltr'><strong>Simi-</strong></span> 
     </span>
     <span class='ocr_line' id='line_1_22' title="bbox 181 2500 1126 2590; baseline 0 -25"><span class='ocrx_word' id='word_1_157' title='bbox 181 2501 222 2567; x_wconf 89' lang='lat' dir='ltr'><strong>lia</strong></span> <span class='ocrx_word' id='word_1_158' title='bbox 238 2503 382 2590; x_wconf 87' lang='lat' dir='ltr'><strong>exempla</strong></span> <span class='ocrx_word' id='word_1_159' title='bbox 395 2502 501 2568; x_wconf 87' lang='lat' dir='ltr'><strong>attulit</strong></span> <span class='ocrx_word' id='word_1_160' title='bbox 517 2504 675 2568; x_wconf 83' lang='lat' dir='ltr'><strong>Dobraeus</strong></span> <span class='ocrx_word' id='word_1_161' title='bbox 689 2504 729 2568; x_wconf 88' lang='lat' dir='ltr'><strong>ad</strong></span> <span class='ocrx_word' id='word_1_162' title='bbox 745 2502 907 2588; x_wconf 88' lang='lat' dir='ltr'><strong>Aristoph.</strong></span> <span class='ocrx_word' id='word_1_163' title='bbox 925 2500 1037 2588; x_wconf 91' lang='lat' dir='ltr'><strong>Equit.</strong></span> <span class='ocrx_word' id='word_1_164' title='bbox 1054 2519 1126 2584; x_wconf 88' lang='lat'><strong>971.</strong></span> 
     </span>
    </p>

    <p class='ocr_par' dir='ltr' id='par_1_13' title="bbox 179 2604 1283 2787">
     <span class='ocr_line' id='line_1_23' title="bbox 224 2604 1283 2693; baseline 0 -23"><span class='ocrx_word' id='word_1_165' title='bbox 224 2625 297 2689; x_wconf 82' lang='lat'><strong>217.</strong></span> <span class='ocrx_word' id='word_1_166' title='bbox 314 2609 513 2693; x_wconf 82' lang='grc' dir='ltr'>κοινούμενος]</span> <span class='ocrx_word' id='word_1_167' title='bbox 535 2610 714 2688; x_wconf 79' lang='grc' dir='ltr'>κοιμώμενος</span> <span class='ocrx_word' id='word_1_168' title='bbox 729 2610 802 2671; x_wconf 90' lang='lat' dir='ltr'><strong>Par.</strong></span> <span class='ocrx_word' id='word_1_169' title='bbox 819 2608 858 2671; x_wconf 93' lang='lat' dir='ltr'><strong>B.</strong></span> <span class='ocrx_word' id='word_1_170' title='bbox 875 2607 916 2669; x_wconf 90' lang='lat' dir='ltr'><strong>E.</strong></span> <span class='ocrx_word' id='word_1_171' title='bbox 933 2604 1021 2668; x_wconf 90' lang='lat' dir='ltr'><strong>Flor.</strong></span> <span class='ocrx_word' id='word_1_172' title='bbox 1038 2608 1081 2669; x_wconf 92' lang='lat' dir='ltr'><strong>A.</strong></span> <span class='ocrx_word' id='word_1_173' title='bbox 1098 2625 1146 2671; x_wconf 91' lang='lat'><strong>10.</strong></span> <span class='ocrx_word' id='word_1_174' title='bbox 1170 2624 1218 2689; x_wconf 84' lang='lat'><strong>15.</strong></span> <span class='ocrx_word' id='word_1_175' title='bbox 1236 2608 1283 2686; x_wconf 85' lang='lat' dir='ltr'><strong>(et</strong></span> 
     </span>
     <span class='ocr_line' id='line_1_24' title="bbox 179 2710 482 2787; baseline 0 -14"><span class='ocrx_word' id='word_1_176' title='bbox 179 2710 370 2787; x_wconf 71' lang='lat' dir='ltr'><strong>fortassee.)</strong></span> <span class='ocrx_word' id='word_1_177' title='bbox 390 2712 482 2773; x_wconf 87' lang='lat' dir='ltr'><strong>Lasc.</strong></span> 
     </span>
    </p>

    <p class='ocr_par' dir='ltr' id='par_1_14' title="bbox 226 2812 1026 2900">
     <span class='ocr_line' id='line_1_25' title="bbox 226 2812 1026 2900; baseline -0.005 -24"><span class='ocrx_word' id='word_1_178' title='bbox 226 2812 299 2876; x_wconf 90' lang='grc'><strong>218.</strong></span> <span class='ocrx_word' id='word_1_179' title='bbox 317 2814 497 2896; x_wconf 82' lang='grc' dir='ltr'>ἀπληστίαν]</span> <span class='ocrx_word' id='word_1_180' title='bbox 517 2812 557 2875; x_wconf 94' lang='lat' dir='ltr'><strong>ld</strong></span> <span class='ocrx_word' id='word_1_181' title='bbox 573 2829 619 2877; x_wconf 84' lang='lat' dir='ltr'><strong>est</strong></span> <span class='ocrx_word' id='word_1_182' title='bbox 632 2813 836 2900; x_wconf 91' lang='lat' dir='ltr'><strong>opprobrium</strong></span> <span class='ocrx_word' id='word_1_183' title='bbox 853 2813 1026 2891; x_wconf 75' lang='grc' dir='ltr'>ἀπληστίας.</span> 
     </span>
    </p>

    <p class='ocr_par' dir='ltr' id='par_1_15' title="bbox 225 2914 822 3000">
     <span class='ocr_line' id='line_1_26' title="bbox 225 2914 822 3000; baseline 0.002 -24"><span class='ocrx_word' id='word_1_184' title='bbox 225 2932 296 2997; x_wconf 89' lang='lat'><strong>219.</strong></span> <span class='ocrx_word' id='word_1_185' title='bbox 314 2914 447 3000; x_wconf 81' lang='grc' dir='ltr'>εὑρέθης]</span> <span class='ocrx_word' id='word_1_186' title='bbox 467 2914 672 2978; x_wconf 89' lang='lat' dir='ltr'><strong>Scribendum</strong></span> <span class='ocrx_word' id='word_1_187' title='bbox 689 2916 822 2996; x_wconf 83' lang='grc' dir='ltr'>ηὑρέθης.</span> 
     </span>
    </p>

    <p class='ocr_par' dir='ltr' id='par_1_16' title="bbox 176 3015 1279 3697">
     <span class='ocr_line' id='line_1_27' title="bbox 223 3015 1276 3104; baseline -0.002 -21"><span class='ocrx_word' id='word_1_188' title='bbox 223 3035 296 3083; x_wconf 87' lang='grc'><strong>220.</strong></span> <span class='ocrx_word' id='word_1_189' title='bbox 311 3015 515 3102; x_wconf 83' lang='grc' dir='ltr'>προῦστημεν]</span> <span class='ocrx_word' id='word_1_190' title='bbox 534 3018 816 3081; x_wconf 77' lang='grc' dir='ltr'>Αιίταὶαἱςντατηιις.</span> <span class='ocrx_word' id='word_1_191' title='bbox 854 3015 948 3081; x_wconf 88' lang='lat' dir='ltr'><strong>Diod.</strong></span> <span class='ocrx_word' id='word_1_192' title='bbox 966 3016 1026 3080; x_wconf 89' lang='lat' dir='ltr'><strong>Sic.</strong></span> <span class='ocrx_word' id='word_1_193' title='bbox 1042 3041 1073 3104; x_wconf 90' lang='lat' dir='ltr'><strong>p.</strong></span> <span class='ocrx_word' id='word_1_194' title='bbox 1095 3019 1164 3081; x_wconf 91' lang='lat'><strong>106.</strong></span> <span class='ocrx_word' id='word_1_195' title='bbox 1188 3015 1207 3079; x_wconf 93' lang='lat' dir='ltr'><strong>l.</strong></span> <span class='ocrx_word' id='word_1_196' title='bbox 1224 3036 1276 3100; x_wconf 93' lang='lat'><strong>79.</strong></span> 
     </span>
     <span class='ocr_line' id='line_1_28' title="bbox 178 3119 1279 3206; baseline 0.002 -25"><span class='ocrx_word' id='word_1_197' title='bbox 178 3120 252 3183; x_wconf 79' lang='grc' dir='ltr'>οὕτω</span> <span class='ocrx_word' id='word_1_198' title='bbox 278 3121 472 3200; x_wconf 80' lang='grc' dir='ltr'>προεστηκότι</span> <span class='ocrx_word' id='word_1_199' title='bbox 501 3124 551 3198; x_wconf 78' lang='grc' dir='ltr'>τῆς</span> <span class='ocrx_word' id='word_1_200' title='bbox 577 3121 755 3201; x_wconf 74' lang='grc' dir='ltr'>τυραννίδος.</span> <span class='ocrx_word' id='word_1_201' title='bbox 795 3119 956 3183; x_wconf 86' lang='lat' dir='ltr'><strong>Plutarch.</strong></span> <span class='ocrx_word' id='word_1_202' title='bbox 982 3119 1046 3184; x_wconf 87' lang='lat' dir='ltr'><strong>Vit.</strong></span> <span class='ocrx_word' id='word_1_203' title='bbox 1070 3143 1101 3206; x_wconf 92' lang='lat' dir='ltr'><strong>p.</strong></span> <span class='ocrx_word' id='word_1_204' title='bbox 1125 3122 1218 3205; x_wconf 86' lang='grc'><strong>1584.</strong></span> <span class='ocrx_word' id='word_1_205' title='bbox 1242 3121 1279 3183; x_wconf 80' lang='grc' dir='ltr'><strong>οὗ</strong></span> 
     </span>
     <span class='ocr_line' id='line_1_29' title="bbox 179 3220 1277 3307; baseline 0.001 -23"><span class='ocrx_word' id='word_1_206' title='bbox 179 3227 275 3288; x_wconf 84' lang='grc' dir='ltr'>καλῶς</span> <span class='ocrx_word' id='word_1_207' title='bbox 307 3220 507 3301; x_wconf 83' lang='grc' dir='ltr'>προίστασθαι</span> <span class='ocrx_word' id='word_1_208' title='bbox 536 3226 586 3300; x_wconf 85' lang='grc' dir='ltr'>τῆς</span> <span class='ocrx_word' id='word_1_209' title='bbox 615 3223 701 3303; x_wconf 84' lang='grc' dir='ltr'>ὥρας.</span> <span class='ocrx_word' id='word_1_210' title='bbox 737 3220 783 3283; x_wconf 89' lang='lat' dir='ltr'><strong>vel</strong></span> <span class='ocrx_word' id='word_1_211' title='bbox 812 3222 1017 3307; x_wconf 74' lang='lat' dir='ltr'><strong>opitulemur.</strong></span> <span class='ocrx_word' id='word_1_212' title='bbox 1060 3221 1155 3307; x_wconf 90' lang='lat' dir='ltr'><strong>Soph.</strong></span> <span class='ocrx_word' id='word_1_213' title='bbox 1184 3222 1277 3307; x_wconf 87' lang='lat' dir='ltr'><strong>Ajac.</strong></span> 
     </span>
     <span class='ocr_line' id='line_1_30' title="bbox 178 3322 1279 3410; baseline 0.005 -24"><span class='ocrx_word' id='word_1_214' title='bbox 178 3347 206 3386; x_wconf 89' lang='lat' dir='ltr'><strong>v.</strong></span> <span class='ocrx_word' id='word_1_215' title='bbox 224 3327 298 3406; x_wconf 89' lang='grc'><strong>819.</strong></span> <span class='ocrx_word' id='word_1_216' title='bbox 323 3323 461 3405; x_wconf 87' lang='grc' dir='ltr'>πρόστητ’</span> <span class='ocrx_word' id='word_1_217' title='bbox 485 3325 650 3405; x_wconf 78' lang='grc' dir='ltr'>ἀναγκαίας</span> <span class='ocrx_word' id='word_1_218' title='bbox 672 3325 769 3406; x_wconf 80' lang='grc' dir='ltr'>τύχης.</span> <span class='ocrx_word' id='word_1_219' title='bbox 807 3322 963 3386; x_wconf 82' lang='lat' dir='ltr'><strong>Aristides</strong></span> <span class='ocrx_word' id='word_1_220' title='bbox 984 3342 1013 3406; x_wconf 84' lang='lat'><strong>3.</strong></span> <span class='ocrx_word' id='word_1_221' title='bbox 1037 3346 1068 3410; x_wconf 92' lang='lat' dir='ltr'><strong>p.</strong></span> <span class='ocrx_word' id='word_1_222' title='bbox 1088 3327 1129 3407; x_wconf 89' lang='lat'><strong>96</strong></span> <span class='ocrx_word' id='word_1_223' title='bbox 1145 3325 1202 3388; x_wconf 88' lang='lat' dir='ltr'><strong>C.:</strong></span> <span class='ocrx_word' id='word_1_224' title='bbox 1226 3325 1279 3404; x_wconf 85' lang='grc' dir='ltr'>τῆς</span> 
     </span>
     <span class='ocr_line' id='line_1_31' title="bbox 176 3423 1276 3511; baseline 0.004 -23"><span class='ocrx_word' id='word_1_225' title='bbox 176 3423 342 3507; x_wconf 79' lang='grc' dir='ltr'>Ῥητορικῆς</span> <span class='ocrx_word' id='word_1_226' title='bbox 363 3426 586 3507; x_wconf 79' lang='grc' dir='ltr'>προϊστάμενοι.</span> <span class='ocrx_word' id='word_1_227' title='bbox 623 3426 772 3510; x_wconf 86' lang='lat' dir='ltr'><strong>Synesius</strong></span> <span class='ocrx_word' id='word_1_228' title='bbox 795 3427 857 3511; x_wconf 87' lang='lat' dir='ltr'><strong>Ep.</strong></span> <span class='ocrx_word' id='word_1_229' title='bbox 874 3445 926 3508; x_wconf 85' lang='lat'><strong>51.</strong></span> <span class='ocrx_word' id='word_1_230' title='bbox 950 3426 1004 3504; x_wconf 81' lang='grc' dir='ltr'>τῆν</span> <span class='ocrx_word' id='word_1_231' title='bbox 1018 3431 1132 3507; x_wconf 73' lang='grc' dir='ltr'>πρᾶξιν,</span> <span class='ocrx_word' id='word_1_232' title='bbox 1149 3428 1183 3507; x_wconf 87' lang='grc' dir='ltr'>ῆς</span> <span class='ocrx_word' id='word_1_233' title='bbox 1203 3454 1276 3510; x_wconf 80' lang='grc' dir='ltr'>προ·</span> 
     </span>
     <span class='ocr_line' id='line_1_32' title="bbox 177 3528 1277 3616; baseline 0.003 -26"><span class='ocrx_word' id='word_1_234' title='bbox 177 3532 284 3607; x_wconf 87' lang='grc' dir='ltr'>στῆναι</span> <span class='ocrx_word' id='word_1_235' title='bbox 299 3533 352 3592; x_wconf 82' lang='grc' dir='ltr'>δεῖ.</span> <span class='ocrx_word' id='word_1_236' title='bbox 370 3543 399 3592; x_wconf 89' lang='lat' dir='ltr'><strong>et</strong></span> <span class='ocrx_word' id='word_1_237' title='bbox 417 3531 480 3616; x_wconf 90' lang='lat' dir='ltr'><strong>Ep.</strong></span> <span class='ocrx_word' id='word_1_238' title='bbox 498 3530 548 3610; x_wconf 91' lang='lat'><strong>67.</strong></span> <span class='ocrx_word' id='word_1_239' title='bbox 564 3528 618 3607; x_wconf 84' lang='grc' dir='ltr'><strong>ἤδη</strong></span> <span class='ocrx_word' id='word_1_240' title='bbox 633 3529 710 3610; x_wconf 88' lang='grc' dir='ltr'>χειρὶ</span> <span class='ocrx_word' id='word_1_241' title='bbox 726 3529 812 3612; x_wconf 78' lang='grc' dir='ltr'>βιαίᾳ</span> <span class='ocrx_word' id='word_1_242' title='bbox 826 3531 990 3608; x_wconf 80' lang='grc' dir='ltr'>προστῆναι</span> <span class='ocrx_word' id='word_1_243' title='bbox 1004 3533 1056 3592; x_wconf 84' lang='grc' dir='ltr'><strong>τοῦ</strong></span> <span class='ocrx_word' id='word_1_244' title='bbox 1071 3531 1277 3612; x_wconf 83' lang='grc' dir='ltr'>πανουργήμα-</span> 
     </span>
     <span class='ocr_line' id='line_1_33' title="bbox 176 3633 407 3697; baseline 0.004 -2"><span class='ocrx_word' id='word_1_245' title='bbox 176 3656 238 3697; x_wconf 90' lang='grc' dir='ltr'>τος.</span> <span class='ocrx_word' id='word_1_246' title='bbox 263 3633 407 3696; x_wconf 89' lang='lat' dir='ltr'><strong>MUSG.</strong></span> 
     </span>
    </p>

    <p class='ocr_par' dir='ltr' id='par_1_17' title="bbox 176 3731 1275 3924">
     <span class='ocr_line' id='line_1_34' title="bbox 222 3731 1275 3819; baseline 0.002 -21"><span class='ocrx_word' id='word_1_247' title='bbox 222 3752 295 3819; x_wconf 89' lang='grc'><strong>223.</strong></span> <span class='ocrx_word' id='word_1_248' title='bbox 312 3735 361 3797; x_wconf 86' lang='lat' dir='ltr'><strong>ool</strong></span> <span class='ocrx_word' id='word_1_249' title='bbox 377 3736 425 3798; x_wconf 80' lang='grc' dir='ltr'>καὶ</span> <span class='ocrx_word' id='word_1_250' title='bbox 439 3731 585 3818; x_wconf 74' lang='grc' dir='ltr'>ξυνήρων]</span> <span class='ocrx_word' id='word_1_251' title='bbox 608 3735 706 3796; x_wconf 90' lang='lat' dir='ltr'><strong>Hunc</strong></span> <span class='ocrx_word' id='word_1_252' title='bbox 723 3731 823 3796; x_wconf 90' lang='lat' dir='ltr'><strong>locum</strong></span> <span class='ocrx_word' id='word_1_253' title='bbox 840 3756 910 3796; x_wconf 89' lang='lat' dir='ltr'><strong>cum</strong></span> <span class='ocrx_word' id='word_1_254' title='bbox 929 3733 1099 3797; x_wconf 91' lang='lat' dir='ltr'><strong>Homerico</strong></span> <span class='ocrx_word' id='word_1_255' title='bbox 1115 3733 1154 3798; x_wconf 90' lang='lat' dir='ltr'><strong>ll.</strong></span> <span class='ocrx_word' id='word_1_256' title='bbox 1171 3741 1208 3815; x_wconf 84' lang='lat' dir='ltr'><strong>E,</strong></span> <span class='ocrx_word' id='word_1_257' title='bbox 1223 3753 1275 3818; x_wconf 92' lang='lat'><strong>70.</strong></span> 
     </span>
     <span class='ocr_line' id='line_1_35' title="bbox 176 3835 917 3924; baseline -0.003 -25"><span class='ocrx_word' id='word_1_258' title='bbox 176 3837 369 3924; x_wconf 89' lang='lat' dir='ltr'><strong>comparavit</strong></span> <span class='ocrx_word' id='word_1_259' title='bbox 384 3836 547 3901; x_wconf 83' lang='lat' dir='ltr'><strong>scholiasta</strong></span> <span class='ocrx_word' id='word_1_260' title='bbox 563 3835 695 3899; x_wconf 86' lang='lat' dir='ltr'><strong>Homeri</strong></span> <span class='ocrx_word' id='word_1_261' title='bbox 713 3835 917 3900; x_wconf 88' lang='lat' dir='ltr'><strong>Victorianus.</strong></span> 
     </span>
    </p>

    <p class='ocr_par' dir='ltr' id='par_1_18' title="bbox 221 3937 783 4024">
     <span class='ocr_line' id='line_1_36' title="bbox 221 3937 783 4024; baseline 0 -24"><span class='ocrx_word' id='word_1_262' title='bbox 221 3938 358 4020; x_wconf 83' lang='grc' dir='ltr'>σφάλλοι</span> <span class='ocrx_word' id='word_1_263' title='bbox 374 3942 444 4003; x_wconf 90' lang='lat' dir='ltr'><strong>Par.</strong></span> <span class='ocrx_word' id='word_1_264' title='bbox 462 3942 504 4002; x_wconf 89' lang='lat' dir='ltr'><strong>A.</strong></span> <span class='ocrx_word' id='word_1_265' title='bbox 538 3939 643 4024; x_wconf 86' lang='lat' dir='ltr'><strong>Vulgo</strong></span> <span class='ocrx_word' id='word_1_266' title='bbox 658 3937 783 4021; x_wconf 77' lang='grc' dir='ltr'>σφάλοι.</span> 
     </span>
    </p>

    <p class='ocr_par' dir='ltr' id='par_1_19' title="bbox 177 4039 1277 4230">
     <span class='ocr_line' id='line_1_37' title="bbox 222 4039 1277 4130; baseline 0.006 -27"><span class='ocrx_word' id='word_1_267' title='bbox 222 4058 293 4124; x_wconf 88' lang='grc'><strong>225.</strong></span> <span class='ocrx_word' id='word_1_268' title='bbox 318 4043 448 4125; x_wconf 86' lang='grc' dir='ltr'>ένδοίην]</span> <span class='ocrx_word' id='word_1_269' title='bbox 475 4039 586 4127; x_wconf 72' lang='grc' dir='ltr'>ένδφην</span> <span class='ocrx_word' id='word_1_270' title='bbox 603 4043 703 4103; x_wconf 91' lang='lat' dir='ltr'><strong>Taur.</strong></span> <span class='ocrx_word' id='word_1_271' title='bbox 721 4041 786 4105; x_wconf 90' lang='lat' dir='ltr'><strong>Gn.</strong></span> <span class='ocrx_word' id='word_1_272' title='bbox 802 4040 878 4104; x_wconf 87' lang='lat' dir='ltr'><strong>Ald.</strong></span> <span class='ocrx_word' id='word_1_273' title='bbox 894 4041 996 4105; x_wconf 84' lang='lat' dir='ltr'><strong>forma</strong></span> <span class='ocrx_word' id='word_1_274' title='bbox 1015 4041 1134 4121; x_wconf 82' lang='lat' dir='ltr'><strong>vitiosa,</strong></span> <span class='ocrx_word' id='word_1_275' title='bbox 1151 4044 1191 4108; x_wconf 92' lang='lat' dir='ltr'><strong>de</strong></span> <span class='ocrx_word' id='word_1_276' title='bbox 1213 4068 1277 4130; x_wconf 87' lang='lat' dir='ltr'><strong>qua</strong></span> 
     </span>
     <span class='ocr_line' id='line_1_38' title="bbox 177 4143 695 4230; baseline 0.002 -25"><span class='ocrx_word' id='word_1_277' title='bbox 177 4168 207 4207; x_wconf 83' lang='lat' dir='ltr'><strong>v.</strong></span> <span class='ocrx_word' id='word_1_278' title='bbox 225 4143 365 4209; x_wconf 86' lang='lat' dir='ltr'><strong>Lobeck.</strong></span> <span class='ocrx_word' id='word_1_279' title='bbox 380 4144 420 4207; x_wconf 90' lang='lat' dir='ltr'><strong>ad</strong></span> <span class='ocrx_word' id='word_1_280' title='bbox 437 4145 558 4230; x_wconf 83' lang='lat' dir='ltr'><strong>Phryn.</strong></span> <span class='ocrx_word' id='word_1_281' title='bbox 574 4167 605 4230; x_wconf 92' lang='lat' dir='ltr'><strong>p.</strong></span> <span class='ocrx_word' id='word_1_282' title='bbox 620 4161 695 4228; x_wconf 89' lang='grc'><strong>345.</strong></span> 
     </span>
    </p>

    <p class='ocr_par' dir='ltr' id='par_1_20' title="bbox 174 4245 1278 4537">
     <span class='ocr_line' id='line_1_39' title="bbox 221 4245 1278 4334; baseline 0.001 -23"><span class='ocrx_word' id='word_1_283' title='bbox 221 4249 291 4311; x_wconf 92' lang='grc'><strong>228.</strong></span> <span class='ocrx_word' id='word_1_284' title='bbox 317 4248 478 4328; x_wconf 86' lang='grc' dir='ltr'>φιλανδρία</span> <span class='ocrx_word' id='word_1_285' title='bbox 497 4247 528 4310; x_wconf 91' lang='lat' dir='ltr'><strong>in</strong></span> <span class='ocrx_word' id='word_1_286' title='bbox 550 4245 662 4310; x_wconf 88' lang='lat' dir='ltr'><strong>malam</strong></span> <span class='ocrx_word' id='word_1_287' title='bbox 687 4259 806 4331; x_wconf 89' lang='lat' dir='ltr'><strong>partem</strong></span> <span class='ocrx_word' id='word_1_288' title='bbox 826 4246 961 4309; x_wconf 89' lang='lat' dir='ltr'><strong>sumitur</strong></span> <span class='ocrx_word' id='word_1_289' title='bbox 974 4270 1032 4334; x_wconf 93' lang='lat' dir='ltr'><strong>pro</strong></span> <span class='ocrx_word' id='word_1_290' title='bbox 1045 4251 1174 4330; x_wconf 83' lang='grc' dir='ltr'>μοιχεία,</span> <span class='ocrx_word' id='word_1_291' title='bbox 1190 4271 1278 4312; x_wconf 89' lang='lat' dir='ltr'><strong>amor</strong></span> 
     </span>
     <span class='ocr_line' id='line_1_40' title="bbox 176 4346 1278 4435; baseline 0.007 -26"><span class='ocrx_word' id='word_1_292' title='bbox 176 4349 313 4412; x_wconf 87' lang='lat' dir='ltr'><strong>virorum</strong></span> <span class='ocrx_word' id='word_1_293' title='bbox 337 4349 366 4412; x_wconf 92' lang='lat' dir='ltr'><strong>in</strong></span> <span class='ocrx_word' id='word_1_294' title='bbox 390 4372 513 4434; x_wconf 86' lang='lat' dir='ltr'><strong>genere.</strong></span> <span class='ocrx_word' id='word_1_295' title='bbox 560 4350 611 4413; x_wconf 89' lang='lat' dir='ltr'><strong>Ita</strong></span> <span class='ocrx_word' id='word_1_296' title='bbox 628 4346 719 4412; x_wconf 90' lang='lat' dir='ltr'><strong>Plato</strong></span> <span class='ocrx_word' id='word_1_297' title='bbox 734 4347 765 4411; x_wconf 90' lang='lat' dir='ltr'><strong>iu</strong></span> <span class='ocrx_word' id='word_1_298' title='bbox 790 4349 933 4435; x_wconf 81' lang='lat' dir='ltr'><strong>Syntpos.</strong></span> <span class='ocrx_word' id='word_1_299' title='bbox 951 4351 1115 4431; x_wconf 77' lang='grc' dir='ltr'>φίλανδρος</span> <span class='ocrx_word' id='word_1_300' title='bbox 1134 4353 1209 4433; x_wconf 79' lang='grc' dir='ltr'>γνιῆ</span> <span class='ocrx_word' id='word_1_301' title='bbox 1231 4353 1278 4417; x_wconf 77' lang='grc' dir='ltr'>καὶ</span> 
     </span>
     <span class='ocr_line' id='line_1_41' title="bbox 174 4453 1110 4537; baseline 0 -21"><span class='ocrx_word' id='word_1_302' title='bbox 174 4455 356 4537; x_wconf 81' lang='grc' dir='ltr'>μοιχεύτρια.</span> <span class='ocrx_word' id='word_1_303' title='bbox 383 4453 524 4516; x_wconf 82' lang='grc' dir='ltr'><strong>ΒΑΒΝ.</strong></span> <span class='ocrx_word' id='word_1_304' title='bbox 1106 4473 1110 4478; x_wconf 89' lang='grc'><strong>’</strong></span> 
     </span>
    </p>
   </div>
   <div class='ocr_carea' id='block_1_3' title="bbox 0 0 1436 4914">
    <p class='ocr_par' dir='ltr' id='par_1_21' title="bbox 0 0 1436 4914">
     <span class='ocr_line' id='line_1_42' title="bbox 0 0 1436 4914; baseline 0 3"><span class='ocrx_word' id='word_1_305' title='bbox 0 0 1436 4914; x_wconf 95' lang='lat' dir='ltr'><strong> </strong></span> 
     </span>
    </p>
   </div>
  </div>
 </body>
</html>
