2864 4914
492 296 652 361 INDEX
674 297 942 361 LIBRORUM.
1219 296 1272 360 xix

170 488 275 564 1571.
292 469 389 560 quod
407 468 446 539 in
465 468 679 540 bibliotheca
692 469 898 541 Academiae
913 469 1097 540 Leidensis
1115 492 1271 538 asserva-

163 596 234 656 tur.
287 584 487 655 Collatione
504 585 681 657 Vossiana
698 587 755 657 usi
777 595 862 658 sunt
882 585 1151 669 Valckenarius,
1170 586 1272 655 Mus-

162 701 309 796 gravius
344 724 389 770 ex
423 702 630 796 apographo
665 702 887 786 Ruhnkenii,
919 702 1089 772 Matthiae
1115 724 1158 770 ex
1186 724 1270 792 apo-

163 818 302 912 grapho
316 817 339 885 J
341 841 372 888 o.
384 817 471 887 Chr.
487 818 623 900 Wolfii,
636 820 732 910 quod
752 819 965 889 bibliotheca
984 817 1270 912 Hamburgensis

163 933 417 1024 suppeditavit.
470 933 591 1002 Codex
610 934 685 1024 ipse
703 957 814 1025 quum
829 934 866 1003 in
883 933 1106 1004 bibliothecis
1123 932 1271 1003 Floren-

163 1048 251 1118 tinis
277 1049 429 1139 publicis
451 1048 586 1118 frustra
603 1060 799 1140 quaeratur,
822 1049 977 1119 bominis
995 1048 1136 1118 videtur
1160 1049 1270 1119 fuisse

163 1164 307 1255 privati,
327 1168 552 1255 postmodum
572 1168 642 1236 alio
660 1167 810 1237 ablatus.

215 1299 249 1372 5.
276 1277 371 1350 Pur.
390 1279 441 1351 A.
465 1282 689 1354 bibliothecae
714 1283 824 1378 regiae
854 1307 889 1353 n.
914 1301 1021 1377 2712.
1048 1280 1271 1350 membrana·

165 1419 248 1466 ceus
277 1398 387 1466 seculi
413 1397 541 1467 decimi
568 1399 677 1480 tertii,
705 1400 795 1468 liber
817 1397 1148 1490 praestantissimus,
1167 1395 1271 1466 Vati-

164 1535 253 1582 cano
270 1536 356 1606 909.
375 1513 588 1583 auctoritate
605 1537 681 1605 par,
700 1515 769 1585 nisi
787 1516 959 1607 superior.
1011 1510 1271 1602 Complectitur

164 1627 304 1698 fabulas
329 1639 465 1720 septem
492 1630 638 1720 primas,
655 1655 808 1722 quarum
831 1632 1008 1713 Medeam,
1030 1628 1269 1720 Hippolytum

164 1753 201 1812 et
218 1743 510 1815 Andromacham
537 1746 782 1842 Musgravius,
803 1771 924 1817 omnes
951 1754 1083 1836 praeter
1107 1743 1271 1813 Alcestin

166 1857 385 1941 Brunckius‚
406 1859 698 1931 Andromacham
725 1865 841 1931 denuo
868 1860 1082 1954 Lentingius
1108 1858 1271 1929 contulit.

167 1973 276 2044 Hunc
301 1975 456 2046 codicem
483 1977 521 2046 in
547 1978 841 2048 annotationibus
868 1978 912 2047 ad
941 1985 1113 2068 quattuor
1138 1976 1272 2065 primas

166 2090 308 2160 fabulas
324 2091 509 2186 designavi
527 2092 680 2183 simplici
698 2093 802 2162 litera
820 2093 865 2174 Β,
883 2093 920 2161 in
938 2091 1086 2182 reliquis
1098 2086 1193 2159 Par.
1207 2088 1262 2160 Α.

217 2206 252 2275 6.
277 2202 443 2276 Par.13.
471 2231 505 2276 n.
526 2226 633 2300 2713.
660 2209 951 2278 membranaceus
978 2208 1136 2300 ejusdem
1167 2215 1274 2297 atque

167 2319 250 2390 Par.
267 2321 315 2391 A.
332 2323 452 2392 aetatis
470 2331 506 2392 et
523 2325 663 2393 easdem
686 2323 825 2393 fabulas
843 2327 1059 2415 complexus.
1112 2319 1273 2412 Inspexit

167 2436 410 2532 Musgrarius‚
436 2439 499 2530 qui
527 2463 609 2509 raro
635 2441 712 2533 ejus
738 2441 956 2510 mentionem
981 2440 1066 2510 fecit
1094 2439 1132 2509 in
1159 2437 1274 2507 tribus

167 2555 293 2645 primis
314 2556 457 2640 fabulis,
481 2557 704 2648 frequentius
727 2556 765 2626 in
785 2557 945 2648 reliquis.
981 2553 1273 2625 Andromacham

166 2671 322 2741 contulit
338 2670 567 2767 Lentingius.

219 2804 254 2881 7.
292 2783 388 2856 Par.
412 2784 469 2858 D.
500 2812 536 2858 n.
569 2789 677 2859 2818.
710 2790 918 2860 chartaceus
948 2811 1080 2870 recens,
1116 2787 1161 2854 ad
1196 2784 1275 2855 Me-

166 2903 270 2972 deam
298 2903 538 2996 Hippolytum
560 2903 724 2975 Alcestin
752 2914 787 2974 et
809 2904 1099 2976 Andromacham
1126 2926 1148 2972 a
1173 2901 1276 2971 Mus-

168 3017 293 3111 gravio
311 3022 473 3102 collatus,
490 3021 535 3088 ad
556 3020 848 3091 Andromacham
873 3022 990 3089 denuo
1007 3018 1053 3088 ab
1069 3018 1275 3112 Lentingio‚

172 3135 276 3227 cujus
294 3135 362 3204 hoc
378 3145 433 3206 ast
449 3137 494 3205 de
511 3159 554 3204 eo
566 3137 744 3228 judicium
761 3136 798 3206 in
817 3136 958 3227 praefat.
976 3157 1011 3225 p.
1028 3157 1082 3204 10.
1100 3142 1121 3173 ‘⁶
1135 3133 1218 3203 Par.
1230 3134 1276 3202 D.

168 3248 259 3319 nihil
276 3271 298 3318 a
317 3248 399 3319 Par.
418 3251 463 3319 B.
481 3250 663 3321 diversum
680 3251 799 3335 habet,
816 3252 887 3321 nisi
913 3250 1101 3340 scripturae
1123 3249 1209 3318 vitia
1236 3271 1276 3318 ac

168 3368 323 3454 paucula
340 3365 399 3435 hic
415 3365 489 3436 illic
507 3369 621 3436 multo
635 3366 742 3436 etiam
760 3365 948 3458 posteriori
966 3387 1076 3434 manu
1089 3363 1277 3454 adscripta.

169 3481 370 3576 Singularis
388 3483 519 3553 codicis
538 3483 618 3553 MS.
636 3483 780 3554 nomine
798 3480 967 3576 insigniri
992 3480 1088 3550 haud
1107 3489 1276 3549 meretur.

168 3596 296 3689 ltaque
321 3621 387 3692 ego
414 3622 486 3669 non
516 3599 711 3669 memoravi
737 3599 808 3668 nisi
838 3598 900 3668 ubi
929 3598 1121 3679 aberraret,
1148 3598 1201 3664 vel
1232 3594 1276 3665 B.
1378 3623 1380 3629 ·

168 3720 355 3784 truncatus
383 3723 485 3785 esset.
537 3713 611 3794 Qui
634 3714 729 3784 unde
758 3713 889 3783 haheat
912 3736 993 3803 quae
1019 3735 1039 3781 e
1066 3712 1110 3780 B.
1137 3710 1275 3780 ercide-

168 3838 267 3912 runt,
285 3853 329 3899 ex
355 3830 434 3921 ipso
458 3830 601 3925 integro
625 3829 804 3920 descripta
829 3828 913 3909 sint,
935 3851 993 3910 an,
1010 3828 1106 3917 quod
1129 3826 1204 3896 veri
1227 3827 1278 3896 vi-

134 3968 139 3979 ·
168 3945 296 4014 deatur
312 3945 476 4030 similius,
494 3968 539 4016 ex
556 3943 627 4015 alio
645 3944 724 4014 MS.
742 3945 939 4034 completus
957 3942 1016 4025 sit,
1034 3942 1071 4010 id
1089 3941 1180 4010 mihi
1204 3965 1276 4011 non

168 4070 401 4152 compertum.

220 4175 255 4247 8.
283 4171 389 4248 Flor.
413 4199 445 4245 a.
464 4174 552 4264 (sive
570 4172 693 4246 Laur.
714 4171 755 4246 C.
773 4175 811 4244 in
838 4172 1132 4245 annotationibus
1158 4171 1279 4243 Elma-

168 4290 229 4361 leii
244 4293 292 4361 ad
308 4291 500 4385 Bacchas),
517 4291 743 4362 bibliothecae
762 4290 1018 4360 Laurentianae
1035 4287 1150 4379 plutei
1168 4310 1229 4381 32,
1245 4310 1277 4356 a.

691 4427 714 4475 e
737 4429 756 4474 a
