2864 4914
173 269 238 336 274
532 267 910 333 ANNOTATIONES

171 437 252 505 bene
272 436 491 503 animadvertit
514 437 730 505 Blomfieldius
750 439 782 504 in
811 438 983 526 Quarlerlp
1005 438 1133 505 Κινέαν
1156 437 1218 503 vol.
1242 440 1273 502 8.

171 564 206 629 p.
230 559 305 624 219.
351 542 501 628 Ineptum
527 557 575 607 est
598 541 685 625 έμῶσ’
710 541 791 625 ἔρωτ’
816 543 952 624 ἔκδημον,
975 544 1020 607 ita
1045 540 1125 606 illud
1148 540 1271 606 illatum

171 644 261 731 quasi
276 642 416 708 nondum
432 643 550 709 dictum
565 659 645 710 esset
659 668 754 733 quem
770 645 907 710 Phaedra
922 645 1022 709 virum
1038 659 1167 708 amaret.
1213 643 1272 707 Di-

172 745 261 812 uendi
276 762 380 811 autem
396 746 510 813 modus
523 747 574 813 ille
589 749 739 830 ὠνόμαζεν
750 749 783 812 τὸ
798 748 907 813 λοιπὸν
921 750 1056 831 ἱδρῦσθαι
1069 746 1275 834 grammatico

171 847 278 936 aliquo
292 871 387 936 quam
403 849 559 938 Euripide
572 850 697 938 dignior
710 866 767 916 est.

213 971 268 1038 35.
300 950 404 1016 Pallas
425 951 509 1017 filius
533 966 599 1018 erat
622 952 805 1032 Pandionis,
827 953 924 1018 frater
946 953 1051 1040 AEgei.
1098 953 1132 1017 Is
1153 950 1286 1039 filiique,

170 1054 240 1142 ejus
265 1053 446 1119 seditionem
471 1055 608 1121 Athenis
632 1071 802 1135 moventes,
826 1071 859 1121 et
882 1078 1015 1143 regnum
1040 1056 1231 1132 affectantes,
1252 1077 1271 1117 a

171 1155 299 1236 Theseo
317 1156 471 1223 interfecti
495 1171 576 1225 sunt.
623 1159 773 1223 Historiae
795 1159 1004 1223 meminerunt
1026 1159 1217 1224 Plutarchus
1238 1157 1270 1221 in

171 1259 270 1325 Thes.
306 1283 340 1348 p.
369 1276 390 1346 5
421 1262 463 1325 E.
500 1260 709 1326 Philochorus
743 1261 830 1349 apud
864 1260 1029 1350 Euripidis
1064 1260 1271 1327 scltoliastam.

57 1349 60 1354 ¹
171 1361 322 1428 MONK.

211 1481 265 1551 37.
289 1466 341 1530 De
362 1465 471 1531 exsilio
491 1490 596 1533 annuo
618 1483 747 1556 propter
760 1467 877 1533 caedem
893 1490 955 1532 non
971 1466 1177 1532 voluntariam
1194 1466 1269 1530 sub-

169 1566 275 1633 eundo
296 1568 360 1636 vid.
385 1569 521 1636 Miscell.
542 1570 652 1658 philol.
675 1572 717 1636 ab
738 1594 789 1637 me
810 1571 895 1637 edita
910 1572 970 1635 vol.
990 1591 1017 1636 1.
1040 1593 1070 1658 p.
1091 1585 1161 1655 155.
1184 1591 1269 1656 seqq.

171 1672 364 1737 MATTH.

211 1775 265 1860 38.
289 1776 554 1863 κάκπεπληγμένη]
573 1776 656 1856 Quia
678 1777 927 1865 Pseudogregor.
946 1797 965 1862 3
968 1792 1022 1862 54
1040 1775 1120 1840 dixit
1140 1776 1199 1840 Καὶ
1217 1781 1271 1839 νῦν

170 1876 321 1943 στένουσα
335 1883 438 1944 πολλὰ
455 1883 503 1945 καὶ
517 1879 712 1963 πεπληγμένη
728 1879 869 1962 Κέντροις
883 1881 977 1953 ἀνίας,
991 1894 1022 1944 et
1037 1902 1066 1944 v.
1081 1879 1154 1962 748.
1172 1876 1270 1942 Ὀθεν

169 1979 251 2063 atyn
262 1979 412 2046 στένουσα
422 1984 471 2046 καὶ
481 1981 676 2065 πεπληγμένη
689 1982 831 2065 Κέντροις
841 1983 936 2057 ἀνίας,
949 1980 1098 2047 Valcken.
1109 1995 1267 2046 auctorem

167 2081 248 2170 ejus·
259 2083 407 2150 dramatis
423 2085 475 2150 hic
497 2109 625 2172 quoque
642 2084 752 2172 legisse
769 2085 987 2173 suspicabatur
1001 2085 1049 2149 καὶ
1063 2083 1221 2167 πεπληγμέ
1258 2136 1267 2156 ,

168 2185 256 2274 quod
270 2186 300 2251 ei
313 2187 418 2276 aptius
435 2187 529 2254 etiam
548 2188 581 2253 h.
597 2186 620 2253 l.
636 2187 780 2264 videtur;
803 2187 891 2252 hand
909 2187 1017 2266 dubie,
1039 2187 1116 2275 quia
1136 2186 1270 2251 stimulis

166 2288 306 2354 animum
319 2291 422 2377 feriri
437 2315 473 2356 ao
484 2294 620 2380 percuti,
637 2314 698 2356 non
713 2293 910 2356 coristernori
925 2289 985 2355 dici
1006 2313 1096 2378 posse
1113 2289 1282 2359 existima.

167 2390 234 2457 bat.
275 2390 366 2458 Med.
383 2393 412 2456 8.
436 2394 522 2476 έρωτι
544 2393 637 2475 θυμὸν
657 2394 833 2475 έκπλαγεῖσ’
847 2392 991 2460 Ἰάσονος.
1015 2392 1068 2457 Cf.
1085 2392 1161 2457 Hel.
1175 2409 1267 2480 1397.

167 2496 209 2560 fr.
223 2495 357 2583 Antiop.
375 2514 425 2578 27.
470 2496 520 2561 Ut
541 2495 591 2559 hic
614 2494 841 2578 ἐκπεπληγμένη
864 2494 1003 2577 κέντροις,
1019 2495 1062 2560 sic
1081 2494 1164 2559 infra
1176 2514 1269 2581 1293.

168 2603 314 2682 δηχθεῖσα
330 2596 467 2680 κέντροις.
487 2599 680 2663 ΜΑΤΤΗ.

211 2720 265 2781 41.
281 2699 354 2784 χρὴ]
372 2704 419 2764 δεῖ
433 2701 477 2763 Η.
492 2713 523 2762 et
540 2698 625 2763 Flor.
635 2711 712 2763 tres.

210 2819 264 2883 42.
294 2801 529 2887 κᾶκφανήσεται]
561 2804 609 2866 καὶ
638 2801 806 2883 φανήσεται
833 2804 876 2867 Η.
908 2803 1152 2886 κᾶναφανήσετοι
1181 2801 1267 2867 Flor.

167 2903 244 2970 duo.

208 3026 261 3094 43.
285 3005 454 3093 πεφυκότα]
480 3008 603 3072 νεανίαν
627 3009 700 3073 Par.
731 3009 868 3074 A.B.D.
894 3008 979 3072 Flor.
1000 3029 1048 3072 10.
1073 3010 1119 3073 H.
1147 3010 1269 3074 νεανίαν

168 3112 323 3196 πεφυκότα
339 3109 424 3174 Flor.
438 3126 486 3195 15.
503 3113 625 3176 νεανίαν
639 3135 677 3175 ex
692 3110 877 3197 glossemate
891 3126 946 3176 est.
964 3112 1158 3176 MATTH.

209 3216 262 3295 48.
291 3214 382 3279 κακόν
403 3213 483 3278 Ald.
506 3215 579 3278 Par.
602 3217 646 3278 A.
671 3214 756 3279 Flor.
780 3217 823 3279 A.
843 3231 959 3300 10.15.
984 3216 1091 3278 Havn.
1114 3229 1146 3278 et
1171 3214 1266 3279 schol.

168 3319 262 3381 καλόν
272 3317 343 3380 Par.
353 3317 397 3380 E.
409 3315 483 3383 Lib.
496 3319 535 3381 P.
546 3317 633 3382 Flor.
643 3336 672 3383 2.
682 3317 779 3382 schol.
789 3317 889 3382 Arist.
900 3318 983 3382 Ran.
992 3335 1066 3403 314.
1084 3319 1268 3404 Utrumque

168 3421 271 3484 καλόν·
295 3420 386 3485 κακόν
401 3421 494 3484 Lasc.
540 3419 644 3485 Verba
657 3419 735 3484 nihil
756 3419 842 3484 aliud
862 3419 1035 3508 significare
1048 3435 1192 3507 possunt,
1208 3421 1267 3484 nisi

166 3521 246 3588 hoc:
271 3523 418 3588 Phaedroe
432 3521 496 3587 sive
509 3522 708 3587 commodum
725 3522 789 3587 sive
803 3521 934 3588 exitium
952 3545 1014 3587 non
1030 3521 1129 3611 pluris
1143 3522 1267 3601 faciam,

167 3645 262 3711 quam
278 3624 446 3690 vindictam
462 3646 576 3705 meam,
591 3623 698 3712 itaque
712 3624 794 3690 illius
816 3625 880 3689 sive
901 3625 1066 3691 commodo
1087 3625 1151 3690 sive
1172 3624 1268 3691 exitio

167 3726 312 3814 impediri
326 3749 376 3792 me
391 3749 452 3791 non
468 3725 580 3814 patiar,
592 3727 762 3813 quominus
775 3726 915 3792 inimicos
929 3750 1013 3792 meos
1028 3727 1167 3793 ulciscar.
1190 3730 1214 3791 J
1215 3751 1266 3792 am

166 3852 242 3894 vero
263 3842 295 3894 et
316 3828 413 3893 exitio
437 3829 584 3895 Phoedrae
606 3829 750 3918 impediri
772 3845 893 3917 poterat
908 3833 1026 3911 Venus,
1049 3832 1074 3897 si
1097 3832 1265 3896 vindictam

167 3954 256 3998 suam
278 3954 341 3996 non
363 3930 481 4019 expleri
504 3955 593 4020 posse
615 3933 671 3997 nisi
694 3933 790 3998 exitio
805 3934 951 4000 Phoedroe
966 3935 1102 4012 videbat,
1118 3935 1177 3999 hoc
1193 3958 1267 4000 vero

166 4049 306 4100 avertere
321 4033 456 4112 volebat,
474 4049 507 4099 et
525 4034 690 4099 commodo
705 4035 753 4100 vel
776 4035 955 4102 bonafama
970 4037 1126 4117 Phaedrae,
1142 4061 1266 4118 curans,

167 4160 218 4218 ne,
234 4135 260 4202 si
278 4135 415 4224 privigni
435 4158 542 4201 amore
562 4137 699 4203 adducta
715 4139 852 4204 Phaedra
876 4163 909 4204 se
930 4139 1028 4227 ipsam
1052 4141 1265 4219 interfecisset,

167 4242 251 4309 bona
275 4241 359 4305 fama
386 4238 573 4326 privaretur.
620 4243 683 4320 Ita,
707 4242 732 4306 si
756 4266 819 4307 rem
845 4266 902 4331 per
924 4266 956 4307 se
978 4256 1107 4330 spectes,
1130 4259 1266 4330 utraque

167 4345 322 4435 scriptura
343 4343 449 4422 habet,
471 4367 536 4432 quo
558 4367 591 4408 se
612 4358 757 4420 tueatur;
788 4344 833 4410 sin
857 4369 973 4411 nexum
996 4346 1152 4434 respicias,
1172 4350 1267 4412 καλόν

167 4462 315 4536 prestare
334 4444 504 4534 intelligas:
539 4462 763 4536 praecesserunt
784 4448 866 4514 enim
887 4448 951 4531 illa,
970 4451 989 4532 ἡ
1010 4447 1034 4514 δ’
1056 4449 1177 4530 εὐκλεὴς
1197 4452 1264 4531 μὲν,
