2864 4914
165 267 241 335 ‚260
538 273 917 341 ANNOTATIONES

223 461 317 528 1215.
332 444 422 532 γόνυ]
437 470 485 527 γρ.
501 443 592 526 δέμας
606 447 651 509 A.
690 445 743 511 Ex
758 470 851 512 versu
870 466 964 515 1212.

223 550 316 615 1216.
333 547 502 626 ἀυτελάζυτ’
519 547 605 615 Flor.
624 567 653 616 a.
668 565 700 615 et
715 550 889 616 scholiasta.
922 548 1028 637 Vulgo
1043 547 1222 627 ἀυτελάζετ’,
1238 547 1280 613 de

177 672 242 738 quo
255 649 425 715 Elmsleius
440 658 461 689 “
472 652 553 716 Hoec
567 651 669 716 forma
682 675 743 717 non
760 653 818 718 nisi
839 653 871 717 in
890 652 1074 742 imperativo
1088 651 1174 738 apud
1189 652 1279 717 Atti·

176 777 230 818 cos
255 766 376 818 exstare
405 752 539 818 videtur.
577 752 749 841 Euripides
774 757 829 820 Or.
853 774 929 842 452.
954 754 1024 820 ἀλλ’
1049 754 1206 832 ἀντιλάζου
1229 756 1280 820 καὶ

176 857 278 922 πόνων
300 859 334 921 έν
355 860 395 944 τῷ
413 854 506 939 μέρει.
554 855 700 923 Incertus
720 858 808 947 apud
828 859 1033 925 Plutarchum
1049 858 1090 924 de
1114 860 1168 923 Ira
1183 857 1280 924 Cohi-

176 959 279 1025 benda
293 983 325 1047 p.
339 963 404 1045 456
422 962 462 1023 B.
475 961 557 1026 οὗτοι
577 959 683 1044 πρέπει
700 961 734 1026 τὸ
750 967 860 1046 σχῆμα.
883 963 952 1031 τοὺς
965 962 1073 1030 αὐλοὺς
1085 965 1184 1044 μεθδς,
1204 963 1210 1050 Ι
1229 963 1279 1026 καὶ

177 1059 284 1127 θῶπλα
296 1062 398 1141 λάζευ,
415 1066 463 1129 καὶ
480 1063 610 1147 γνάθους
631 1064 822 1148 εὖσχημάνει.
868 1065 1046 1152 Nusquam,
1061 1063 1148 1151 quod
1171 1066 1278 1144 sciam

176 1164 264 1252 apud
292 1188 345 1230 eos
374 1164 489 1253 legitur
517 1167 642 1245 λάζυσο.
687 1166 866 1232 Observatu
890 1166 1022 1256 dignum
1048 1182 1106 1245 est,
1129 1165 1278 1244 λάζυσθαι

176 1290 261 1332 nunc
282 1267 413 1333 activam
437 1267 691 1355 significationem
714 1269 842 1348 habere,
860 1293 945 1335 nunc
963 1292 1031 1334 eam
1053 1292 1148 1356 quam
1163 1284 1278 1334 vocant

177 1369 320 1434 mediam.
346 1372 462 1435 Noster
477 1391 573 1457 supra
584 1394 614 1434 v.
626 1373 701 1457 926.
716 1370 848 1450 λάζυσθε
861 1376 974 1456 φερνὰς
987 1371 1089 1446 τάσδε,
1105 1376 1217 1446 παῖδες,
1231 1375 1278 1441 εἰς

176 1472 277 1557 χέρας.
313 1472 543 1561 Aristophanes
566 1475 643 1561 Lys.
665 1492 737 1558 209.
761 1474 893 1552 λάζυσθε
915 1480 1011 1539 πᾶσαι
1032 1479 1083 1555 τῆς
1103 1477 1230 1550 κύλικος,
1252 1473 1277 1539 ὦ

176 1581 335 1658 Λαμπιτοῖ.
380 1575 482 1663 Apud
500 1576 688 1664 Euripidem
705 1599 813 1641 sensus
834 1590 881 1642 est
898 1576 1023 1658 λάβετε,
1043 1575 1129 1664 apud
1152 1575 1277 1642 Aristo-

176 1679 311 1768 phanem
326 1677 492 1758 λάβεσθε.”
1013 1731 1016 1738 .

224 1783 316 1846 1218.
332 1781 454 1861 ἀπέσβη
471 1779 619 1867 Scaliger.
649 1780 764 1862 ἀπέστη
785 1781 866 1847 libri.
904 1782 1171 1848 “Grammaticus
1189 1781 1277 1870 apud

177 1884 357 1950 Bekkerum
374 1883 498 1949 Anecd.
515 1884 573 1948 Gr.
596 1905 630 1970 p.
643 1902 721 1964 422.
741 1883 892 1965 Ἀπέσβη.
916 1883 1051 1966 ἐσβέσθη
1071 1884 1090 1965 ἢ
1114 1887 1275 1960 ἐπαύσατο,

176 1988 328 2068 τέθνηκεν.
374 1986 494 2051 Similia
519 1986 590 2051 vide
613 1986 700 2075 apud
727 1986 936 2075 Hesychium‚
960 1986 1111 2052 Photium
1137 1987 1277 2074 aliosque

176 2115 206 2155 v.
228 2089 377 2171 Ἀπέσβη,
395 2089 509 2172 Ἕσβη,
533 2090 686 2171 Κατέσβη,
703 2092 757 2154 διο.
796 2090 929 2178 Copiose
950 2091 990 2155 de
1012 2090 1072 2155 hoc
1086 2091 1183 2155 verbo
1197 2091 1278 2156 dixit

177 2192 390 2258 Ruhnkenius
404 2192 443 2257 nd
460 2191 575 2257 Timaei
589 2190 723 2278 glossam
739 2216 771 2280 p.
787 2212 841 2273 40.
855 2191 1005 2273 Ἀπέσβη.
1020 2192 1172 2274 τέθνηκεν.
1204 2195 1277 2260 Aut

176 2296 350 2377 Ἀπέσβηκε
363 2310 418 2359 aut
434 2296 585 2360 ἀπέθανεν
599 2294 732 2359 scribere
746 2293 856 2360 debuit
870 2294 1102 2383 grammaticus.
1134 2298 1275 2361 Tantum

176 2399 258 2466 enim
274 2399 401 2465 interest
423 2398 504 2462 inter
518 2397 639 2477 ἀπέσβη
657 2411 689 2461 et
708 2397 874 2478 ἀπέσβηκε,
889 2412 1043 2485 quantum
1065 2398 1146 2463 inter
1161 2399 1277 2480 ἀπέστη

177 2519 209 2569 et
224 2503 384 2586 ἀφέστηκε.
407 2500 509 2588 Apud
527 2498 689 2563 Platonem
705 2498 822 2585 legitur
834 2500 990 2582 ἀπέσβηκε
1006 2501 1101 2566 Polit.
1116 2525 1149 2589 p.
1164 2505 1276 2587 26913.

177 2611 225 2672 διδ
240 2610 272 2670 δὲ
286 2607 397 2688 χρόνον
416 2607 531 2683 πλῆθος
552 2605 589 2665 τὰ
605 2603 663 2683 μὲν
685 2601 781 2666 αὐτῶν
795 2602 961 2682 ἀπέσβηκε,
976 2606 1013 2668 τά
1028 2607 1061 2668 δὲ
1076 2606 1277 2687 διεσπαρμένα

178 2712 289 2790 εἴρηται
310 2708 401 2791 χωρὶς
423 2708 536 2770 ἕκαστα
557 2703 606 2769 ἀπ’
623 2703 777 2784 ἀλλήλων.
813 2704 978 2769 Aoristum
1002 2706 1122 2786 ἀπέσβη
1146 2723 1276 2795 usurpat

179 2809 350 2897 Euripides
372 2810 502 2894 Fragm.
522 2809 591 2871 luc.
611 2825 683 2889 127.
705 2809 722 2870 δ
745 2805 769 2870 δ’
785 2809 850 2890 ἀρτι
872 2806 995 2873 θάλλον
1013 2807 1118 2890 σάρκα,
1142 2811 1278 2889 διοπετὴς

178 2917 257 2981 ὅπως
275 2910 281 3000 Ι
301 2911 404 2993 ἀστὴρ,
428 2908 560 2990 ἀπέσβη,
583 2906 686 2990 πνεῦμ’
705 2910 793 2992 ἀφεὶς
815 2912 857 2977 εἰς
878 2907 992 2992 αἰθέρα.
1039 2910 1163 2998 Saepius
1185 2912 1278 2978 hodie

178 3039 240 3082 non
256 3015 371 3102 legitur
385 3012 471 3100 apud
487 3011 636 3099 probatos
651 3010 816 3099 scriptores
830 3011 889 3076 hoc
903 3013 1047 3090 verbum,
1061 3014 1148 3101 quod
1170 3015 1276 3100 sophi·

179 3121 233 3186 stis
256 3139 445 3205 magnopere
466 3114 618 3202 placuisse
644 3114 758 3179 docent
781 3113 924 3202 exempla
949 3138 988 3178 ex
1013 3138 1121 3180 eorum
1147 3116 1234 3181 libris
1258 3141 1278 3183 a

178 3221 372 3290 Ruhnkenio
385 3219 507 3285 allata.”
528 3218 642 3282 ELM.

225 3344 317 3391 1221.
334 3323 457 3403 ποθεινὴ
472 3323 623 3403 δακρύοισι
638 3319 791 3404 συμφορά]
809 3322 868 3398 Ut,
880 3321 966 3407 quod
980 3321 1128 3385 animanti
1143 3322 1277 3388 maxime

179 3428 444 3496 accommodatum
468 3440 526 3503 est,
548 3422 580 3488 id
598 3422 627 3487 ei
648 3437 774 3509 gratum
797 3435 829 3487 et
852 3438 1012 3511 acceptum
1034 3438 1092 3502 est,
1114 3424 1155 3488 ab
1177 3449 1277 3512 eoque

179 3533 348 3619 expetitur,
374 3529 417 3593 sio
445 3528 487 3592 ab
512 3526 570 3591 hac
600 3525 801 3590 similitudine
828 3527 922 3591 etiam
947 3527 1034 3614 quod
1059 3528 1102 3592 rei
1131 3528 1277 3594 inanimae

178 3634 314 3699 maxime
335 3630 512 3718 appositum
529 3641 575 3693 est
589 3640 620 3693 et
634 3643 887 3709 consentaneum,
902 3644 940 3694 ut
957 3630 1086 3695 materia
1105 3631 1180 3718 igni,
1195 3632 1227 3696 id
1248 3632 1277 3697 ei

178 3760 263 3804 curoe
277 3758 342 3799 esse
362 3735 496 3820 ideoque
517 3731 558 3797 ab
574 3755 611 3795 ea
625 3732 729 3819 appeti
745 3732 870 3797 dicitur.
918 3733 1022 3819 Iphig.
1040 3735 1082 3798 T.
1098 3737 1172 3818 629.
1193 3761 1277 3799 κατο-

178 3840 352 3924 λοφθρομαί
364 3864 400 3902 σε
420 3836 473 3900 τὸν
495 3837 645 3919 χερνίβων
667 3837 767 3916 ῥανίσι
789 3837 957 3915 μελόμενον
971 3839 1090 3917 ῥανίσιν
1112 3840 1275 3918 αἱμακταῖς.

180 3943 266 4008 Ηὶπο
280 3940 366 4028 qnod
383 3938 517 4003 maxime
531 3936 797 4001 accommodatum
813 3936 913 4001 estad
930 3936 1070 4002 lacrimas
1085 3939 1276 4018 excitandas,

178 4047 237 4111 hoc
267 4046 418 4126 deceptiores
445 4040 551 4123 μέλειν
580 4057 611 4103 et
641 4039 783 4104 ποθεινὸν
811 4062 876 4103 esse
905 4043 1039 4123 δακρύοις
1067 4041 1128 4107 dici
1161 4043 1275 4129 potuit.

180 4147 370 4216 MATTH.

225 4269 316 4319 1222.
341 4250 391 4313 καί
409 4271 459 4326 μοι
480 4245 514 4308 τὸ
535 4246 592 4324 μὲν
615 4244 673 4308 σὸν
698 4246 830 4309 ἐκποδὼν
852 4246 929 4310 loru
947 4249 1055 4332 λόγου]
1082 4249 1198 4313 Sensus
1216 4263 1274 4327 est,

179 4356 211 4422 ni
233 4353 334 4431 fallor,
364 4351 402 4414 de
427 4351 491 4413 tuis
515 4348 640 4434 quidem
664 4348 757 4410 rebus
774 4369 874 4433 parco
898 4349 1009 4424 dicere,
1032 4352 1197 4415 cottailium
1217 4353 1276 4415 tibi

178 4461 257 4524 dare
279 4451 471 4540 supersedeo.
513 4449 684 4536 Euripides
707 4449 787 4512 Hec.
812 4465 903 4534 1195·
929 4453 979 4514 καί
1000 4478 1051 4532 μοι
1076 4452 1110 4515 τὸ
1136 4455 1192 4533 μὲν
1217 4454 1276 4517 σδν
