2864 4914
171 276 236 338 440
339 342 342 346 Α
527 277 908 343 ANNOTATIONES

166 446 333 532 anapestis
345 445 386 511 sd
402 446 531 524 iambos,
546 446 651 514 abhis
666 472 696 514 v.
713 468 787 534 115.
802 448 908 514 denuo
925 446 967 512 ad
981 459 1162 534 anapestus
1175 457 1286 511 trans·

167 545 242 610 itur.
287 549 360 626 Quo
379 548 510 626 aceedit,
532 549 619 634 quod
641 573 671 612 v.
695 570 857 634 49-110.
880 548 1089 615 narrationem
1109 548 1286 615 continent

168 646 261 734 plane
275 648 380 727 ulem,
395 648 519 736 qualem
535 650 708 738 Euripides
727 650 803 716 elias
818 651 850 715 in
865 650 1003 738 prologis
1016 650 1239 739 persequitur,
1254 650 1283 716 si

167 749 267 815 abeo
288 750 424 829 recedas,
448 752 535 838 quod
556 752 588 816 in
610 753 758 817 extremis
782 752 823 817 ad
849 774 953 817 senem
977 752 1133 819 convertit
1153 752 1281 819 oratio·

168 874 251 915 nem.
296 853 454 938 Majorem
469 853 562 917 etiam
577 852 805 918 dubitationem
820 876 929 919 versus
945 855 1126 938 115-161.
1140 853 1280 920 habeut.

169 955 312 1019 Primum
328 955 423 1034 enim,
438 957 525 1043 quod
540 957 572 1021 in
588 957 625 1022 iis
639 960 871 1044 Agamemnon,
886 979 961 1044 quae
978 956 1011 1021 iu
1025 955 1157 1044 epistola
1170 957 1279 1045 serip-

167 1071 261 1135 serat,
276 1058 340 1122 seni
358 1057 460 1123 verbis
473 1059 586 1145 aperit,
601 1058 633 1123 in
648 1082 686 1123 eo
700 1059 776 1124 mihi
797 1058 871 1125 satis
893 1058 1056 1124 manifesta
1069 1057 1184 1123 indicia
1199 1058 1278 1124 imi-

169 1159 294 1224 tationis
306 1159 413 1224 similis
426 1159 485 1225 loci
501 1160 611 1249 Iphig.
627 1162 728 1226 Taur.
742 1178 803 1248 743
816 1184 886 1248 sqq.
901 1159 1135 1248 deprehendere
1149 1159 1278 1225 videor.

168 1261 322 1327 Simillimi
346 1277 420 1327 sunt
437 1262 531 1327 etiam
552 1285 672 1341 versus,
685 1263 801 1350 quibus
822 1262 863 1327 ad
884 1276 1105 1350 argumentum
1126 1260 1279 1350 epistolae

166 1365 388 1452 exponendum
407 1365 590 1452 inutraque
611 1365 721 1431 fabula
735 1364 902 1431 transitur:
927 1364 1001 1452 Iph.
1015 1363 1095 1430 Aul.
1113 1382 1185 1429 112.
1202 1364 1278 1429 άδέ

167 1467 288 1534 κέκευθε
303 1468 408 1536 δέλτος
422 1469 457 1532 ἐν
470 1474 596 1552 τπιχοῖς
610 1471 700 1555 Λάγῳ
715 1468 822 1550 φράσοι
835 1493 885 1532 σοι
898 1467 997 1533 πάντα
1007 1465 1277 1549 τάγγεγρομμάνα.

167 1569 243 1657 Iph.
268 1571 311 1634 Τ.
332 1588 407 1654 743.
432 1571 562 1634 τάνόντο
587 1568 823 1652 κάγγεγραμμέν’
846 1572 881 1635 ἐν
903 1570 1009 1634 δέλτου
1030 1575 1158 1652 ατνχαῖς
1176 1570 1276 1653 Λόγῳ

166 1672 274 1754 φράσω
296 1696 346 1735 σοι
367 1669 453 1735 πάντ’
470 1674 648 1754 ἀναγγεῖλαι
670 1675 779 1754 φίλοις.
825 1673 886 1737 Sed
908 1671 1053 1759 quamvis
1070 1668 1183 1735 similia
1206 1669 1276 1737 sint

165 1772 219 1838 illa
233 1773 311 1847 loca,
326 1796 364 1837 eo
379 1786 482 1837 tamen
503 1771 665 1851 differunt,
680 1773 767 1860 quod
789 1774 822 1839 iu
843 1773 941 1838 altero
957 1773 1062 1860 lphig.
1079 1773 1181 1836 Taur.
1197 1770 1275 1836 ido-

167 1898 255 1939 neam
277 1897 402 1940 causam
423 1874 517 1938 hahet
542 1874 650 1962 Iphig.
672 1898 729 1940 cur
751 1874 867 1964 Pyladi
887 1888 1106 1961 argumentum
1126 1872 1277 1961 epistolae

166 1979 274 2064 Argos
297 1975 490 2064 perferendae
511 1993 658 2064 exponat,
679 1977 711 2041 in
734 1977 793 2043 hoc
814 1976 883 2043 loeo
900 1976 987 2043 nulla
1003 1974 1158 2064 ejusmodi
1172 1997 1277 2042 eausa

165 2078 289 2145 aderat:
316 2102 387 2144 nam
402 2079 534 2166 epistola
546 2078 738 2166 deprehensa
751 2081 819 2167 ipse
836 2081 929 2146 etiam
950 2079 1079 2146 nuntius
1099 2079 1142 2143 ab
1155 2077 1276 2144 itinere

165 2181 345 2269 peragendo
370 2181 567 2268 prohibetur,
594 2205 651 2246 nec
679 2182 852 2269 quidquam
883 2183 1021 2270 prodest,
1045 2180 1131 2268 quod
1161 2180 1276 2247 auimo

164 2288 261 2361 tenet,
279 2307 352 2371 quae
375 2283 485 2349 litteris
508 2284 655 2349 mandata
675 2299 772 2348 erant.
818 2283 953 2362 Deinde,
975 2282 1062 2370 quod
1083 2295 1166 2349 recte
1186 2282 1277 2349 vidit

165 2385 322 2465 Bremius,
341 2409 441 2473 quum
466 2389 687 2472 Agamemnon
709 2410 738 2450 v.
758 2406 809 2471 99.
830 2384 970 2463 dixisset,
994 2382 1170 2472 Iphigeniae
1191 2406 1273 2449 cum

164 2486 291 2552 Achille
305 2487 485 2574 conjugium
502 2487 543 2551 ad
563 2487 731 2552 fallendam
747 2487 1019 2575 Clytaemnestram
1035 2485 1122 2571 tingi,
1138 2499 1171 2549 et
1185 2509 1275 2571 quas

162 2587 217 2652 illa
230 2589 336 2653 credat
350 2613 426 2666 esse,
442 2611 503 2652 non
519 2613 584 2653 esse
599 2612 686 2653 veras
702 2589 838 2676 nuptias,
854 2612 911 2652 nec
923 2602 1037 2675 preter
1051 2610 1093 2660 se,
1111 2585 1273 2653 Calchan-

164 2703 240 2768 tem,
256 2689 438 2754 Menelaum
454 2712 644 2777 quemquam
660 2688 700 2753 de
714 2714 751 2754 ea
765 2713 798 2754 re
812 2689 986 2776 quidquam
1002 2688 1089 2766 scire,
1104 2691 1275 2774 quomodo

164 2813 257 2856 senex
282 2815 311 2856 v.
336 2811 406 2870 124·
430 2791 575 2856 dubitare
597 2807 710 2878 potest,
735 2793 894 2878 quomodo
914 2790 1054 2857 Achilles
1073 2791 1272 2877 denegatum

163 2893 344 2979 conjugium
367 2892 487 2955 laturus
508 2892 569 2955 sit?
595 2893 780 2956 Absurdum
803 2895 895 2959 etiam
919 2916 1021 2957 senem
1039 2916 1067 2956 v.
1087 2913 1157 2977 153.
1174 2916 1272 2979 quae·

163 3017 242 3072 rere,
258 2993 418 3082 quomodo
432 2994 562 3058 orationi
586 3018 652 3058 suae
674 2995 765 3059 fidem
789 2996 930 3060 conciliet
951 2995 1037 3083 apud
1055 2994 1270 3081 Clytaemnes-

164 3111 255 3174 tram,
278 3097 365 3184 quasi
389 3120 463 3161 vero
485 3097 587 3160 verbis
608 3111 729 3161 tantum
754 3099 881 3186 exsequi
908 3100 1055 3163 mandata
1079 3098 1204 3175 debeat,
1230 3125 1272 3166 ae

163 3222 224 3263 non
247 3199 408 3288 epistolam
433 3198 682 3286 Clytaemnestrae
704 3200 893 3265 reddendam
917 3200 1006 3281 ierat,
1024 3225 1120 3288 quam
1143 3200 1271 3267 habens

162 3300 203 3367 de
218 3302 279 3367 fide
293 3302 352 3371 sibi
367 3301 512 3371 habenda
526 3300 666 3366 laborare
681 3325 742 3368 non
757 3317 904 3392 poterat.c

195 3569 209 3599 0
226 3560 322 3623 Prologi
333 3576 415 3610 versus
427 3574 549 3623 49-114.
566 3559 610 3608 etsi
628 3560 790 3610 narrationem
807 3562 931 3611 continent
942 3561 1038 3624 qualem
1055 3562 1086 3608 ab
1102 3561 1221 3624 Euripide
1240 3565 1271 3614 in

163 3639 266 3689 elianam
282 3642 419 3690 fabularum
436 3641 539 3704 prologis
555 3641 642 3703 exponi
658 3642 775 3702 videmus,
787 3655 868 3692 tamen
884 3644 992 3692 oratione
1008 3642 1089 3705 scripti
1106 3651 1166 3691 sunt
1181 3644 1273 3697 ιαίιιιις

161 3738 235 3785 quam
245 3738 294 3785 qun
305 3723 432 3786 Euripides
444 3723 470 3769 in
481 3721 586 3784 prologis
602 3722 639 3769 uti
654 3722 713 3770 solet
724 3724 823 3785 poetica,
834 3725 933 3786 nequid
946 3725 976 3772 de
987 3723 1106 3772 vocabulis
1118 3724 1271 3787 quibusdam

160 3802 368 3866 lowtionibusque
384 3805 461 3852 dicam
480 3817 530 3851 non
547 3801 691 3864 Euripideis.
725 3805 789 3854 Satis
806 3806 920 3868 antiquus
939 3816 1021 3854 tamen
1038 3808 1143 3869 adeoque
1159 3806 1272 3858 amonis

161 3886 264 3948 scriptus
280 3884 320 3934 hie
336 3884 448 3947 prologus
463 3883 511 3933 erit
527 3882 661 3944 habendus,
677 3885 724 3933 nisi
741 3886 801 3935 salsa
815 3888 893 3950 specie
908 3902 951 3935 nos
965 3887 1034 3935 ludat
1047 3887 1113 3936 locus
1124 3887 1273 3940 Aristotelis

161 3965 261 4015 Rhetor.
275 3981 297 4028 3,
312 3981 348 4014 tr.
360 3982 432 4028 quem
448 3966 571 4027 integmm
586 3967 673 4027 apponi
690 3981 767 4028 opere
783 3969 887 4031 pretium
903 3979 947 4027 est,
964 3966 1029 4029 atys
1046 3969 1075 4026 st
1091 3971 1135 4031 πρὸ
1151 3967 1273 4029 ὀμμάτων

159 4048 236 4096 ταῦτα
246 4048 321 4096 ποιεῖν
332 4047 379 4096 ὅσα
390 4048 532 4110 ἐνεργοῦντα
543 4044 660 4104 σημαίνει.
677 4044 726 4096 οἷον
735 4049 778 4097 τὸν
790 4050 879 4110 ἀγαθὸν
890 4051 962 4113 ἄνδρα
978 4049 1050 4114 φάναι
1067 4049 1124 4100 εἶναι
1140 4049 1272 4114 τετράγη.

160 4147 201 4178 νον
211 4127 341 4192 μεταφορά·
359 4129 429 4192 lippa
445 4128 492 4190 γὰρ
508 4122 599 4186 τέλεια,
610 4126 668 4175 ἀλλ’
679 4130 706 4176 οὐ
722 4130 831 4190 σημαίνει
848 4130 975 4195 ἐνάργειαν.
992 4131 1057 4180 &aad
1073 4134 1101 4180 τὸ
1118 4136 1135 4160 “
1145 4131 1274 4184 Μοῦσαν

160 4209 260 4272 ἔχοντος
272 4210 318 4269 τὴν
329 4209 419 4271 &W
431 4210 544 4273 ἐνέργεια,
556 4208 595 4255 sol
606 4209 635 4257 τὸ
648 4212 665 4243 “
673 4209 702 4259 σὲ
714 4213 734 4259 δ’
746 4214 824 4278 ὥσπερ
835 4214 940 4278 sanast
951 4212 1066 4277 ἐνέργεια,
1078 4214 1116 4261 sel
1127 4214 1274 4264 “volneri-

160 4295 201 4340 θεν
211 4290 377 4350 οὖν”Ελληνες
388 4290 485 4356 ᾄξαντες
497 4296 581 4346 τοσάν”
592 4295 621 4343 τά
633 4293 730 4358 ᾄξαντες
742 4294 885 4357 (lisitanae
896 4297 946 4344 duo
953 4296 1021 4343 oodd.
1030 4293 1148 4357 Belslteri)
1156 4292 1275 4358 ἐνάργεια

160 4374 199 4424 sel
208 4374 339 4438 μεταφορά.
372 4377 411 4424 Sic
422 4376 473 4425 hae
484 4394 551 4429 nune
561 4379 677 4441 leguntur
687 4393 719 4425 ex
729 4377 792 4425 seliei
802 4380 940 4439 conjectura
951 4377 1038 4425 veteris
1050 4378 1177 4439 enjusdam
1188 4377 1275 4428 edito·

158 4457 201 4518 ris,
218 4458 260 4522 qui
279 4459 341 4507 torte
355 4459 502 4508 meminisset
519 4476 603 4511 versus
618 4458 742 4522 Euripidei
759 4458 800 4506 80.
817 4458 956 4508 τούντεῦθεν
974 4455 1016 4506 οὖν
1029 4454 1149 4514 Ἕλληνες
1165 4454 1274 4522 ᾄξαντες
