2864 4914
212 280 279 349 464
572 278 950 347 ANNOTATIONES

211 452 245 517 hi
261 474 368 516 versus
388 451 429 516 ab
443 450 665 538 interpolatore
679 449 779 516 odditi
794 449 953 514 videntur.
975 446 1172 512 MATTH.
1216 447 1328 512 Recte

206 553 362 643 judicavit
373 552 561 619 Boeckhius.
586 553 650 632 Qui
662 552 786 640 scripsit
798 568 904 617 autem
918 550 976 616 hoe
987 572 1106 628 verens,
1117 547 1206 614 haud
1217 547 1327 614 dubie

211 656 298 723 chori
314 679 379 722 esse
393 655 488 721 verbo
503 654 612 720 voluit.

255 778 330 845 509.
355 757 548 843 πλεονεξίαν]
569 757 643 821 Ηοο
663 754 817 821 vocabulo
839 777 902 819 non
925 766 1061 819 utuntur
1081 751 1204 840 tragici.
1253 753 1326 818 Pro

213 861 385 943 Φιλοτιμίας
405 859 437 923 in
453 880 545 924 versu
567 858 681 924 Phoen.
696 876 770 943 532.
786 856 923 944 positum
944 854 1031 943 opud
1054 854 1190 919 Dionem
1207 854 1324 943 Chry-

213 975 383 1027 sootomum
399 960 463 1026 eive
476 960 635 1026 memoriae
649 982 754 1026 errore
768 958 832 1024 eive
845 957 963 1023 librarii
976 955 1081 1045 culpe.

254 1080 295 1149 52
299 1083 330 1149 3.
347 1062 512 1146 ἀναγκάσει
526 1066 575 1149 σε]
594 1062 774 1145 ἀναγκάσειε
789 1061 864 1126 Por.
880 1061 920 1125 B.

255 1182 332 1252 515.
354 1166 475 1232 ε1Α1ι1.
505 1166 543 1247 ἤν
556 1165 694 1230 oodioee:
718 1162 805 1228 unde
826 1160 1039 1227 Marklandus
1057 1161 1255 1242 άποστέλλῃι·
1269 1162 1325 1226 vel

213 1270 395 1356 άποσπείλῃι
408 1268 594 1356 corrigebat.

257 1372 318 1455 νιν]
338 1370 546 1459 Iphigeniam.

256 1473 284 1555 γ’
299 1496 362 1538 om.
378 1475 451 1538 Par.
467 1474 507 1537 B.

255 1561 331 1645 516.
346 1559 481 1640 λήσομεν
497 1560 569 1622 Par.
585 1559 625 1623 Β.
642 1555 728 1623 Flor.
747 1578 776 1622 1.
791 1577 819 1624 2.
841 1555 972 1638 λήσομαι
986 1552 1068 1619 Ald.

256 1676 331 1746 517.
347 1660 443 1746 οὗτοι]
459 1661 522 1726 οὔτι
537 1662 612 1725 Par.
627 1661 671 1725 A.

255 1777 331 1849 519.
354 1762 444 1850 θάνῃ]
470 1762 554 1827 Mihi
568 1762 707 1828 Jooobsii
721 1763 900 1849 oonjecture
922 1761 1038 1844 φθάνῃς
1055 1759 1216 1826 verissima
1231 1759 1329 1826 vide·

214 1879 279 1946 tur,
305 1887 362 1929 neo
387 1878 491 1929 temen
514 1865 555 1930 de
576 1864 806 1952 oorrumpendo
830 1879 911 1943 vate,
935 1864 989 1929 sed
1016 1863 1056 1928 de
1079 1887 1117 1928 eo
1140 1862 1327 1928 honoribus

214 1966 328 2032 habitis
351 1981 383 2032 et
404 1966 562 2033 blanditiis
583 1967 615 2032 in
636 1981 742 2055 partes
755 1966 1002 2054 Agamemnonis
1023 1965 1209 2053 pelliciendo
1228 1965 1322 2053 eogi-

214 2070 345 2134 tnndum
361 2092 427 2134 esse
442 2069 597 2134 existimo.
642 2071 695 2134 Ita
709 2091 816 2134 sensus
830 2067 908 2134 erit:
933 2091 996 2133 non
1010 2069 1082 2134 edet
1096 2067 1274 2147 oraculum,
1292 2067 1323 2133 si

215 2185 252 2237 tu
266 2171 406 2237 animum
421 2171 489 2259 ejus
509 2170 637 2236 honoris
655 2170 805 2256 cupidum
828 2169 987 2235 blanditiis
999 2169 1212 2258 oooupnvetis,
1229 2185 1323 2236 ante-

215 2296 310 2362 quem
326 2272 487 2339 oraculum
502 2272 604 2361 polam
619 2272 712 2337 edere
730 2271 845 2359 pomit3
869 2272 956 2359 quod
974 2270 1065 2337 facile
1079 2285 1125 2337 eet
1139 2271 1172 2336 in
1185 2271 1322 2339 homine

214 2398 309 2441 vano.
352 2375 413 2440 Sed
435 2398 500 2462 quo
521 2398 555 2439 re
576 2388 769 2439 antevertere
790 2388 933 2462 oportent
955 2389 1071 2454 vatem,
1089 2374 1322 2461 suspicandum

215 2476 364 2564 relinquit
378 2476 618 2564 Agamemnoni.
663 2478 759 2541 Tunc
778 2476 829 2542 hio
845 2490 919 2565 apte
940 2477 1107 2563 respondet
1121 2476 1156 2541 πὸ
1169 2478 1323 2558 μαντικὸν

215 2584 274 2664 γὰρ
293 2578 411 2661 σπέρμα
428 2580 587 2661 φιλότιμον
607 2580 708 2645 κακόν.
733 2580 923 2644 MATTH.
961 2579 1077 2667 φθάνῃς
1099 2577 1124 2643 ni
1146 2578 1320 2659 scribatur,

215 2685 330 2766 πρόσθε
342 2694 451 2746 contra
464 2703 556 2746 usum
577 2679 726 2768 loquendi
747 2681 890 2746 additum
905 2682 975 2746 erit.
1020 2681 1082 2746 Illo
1096 2697 1201 2747 autem
1218 2706 1320 2769 quem

216 2784 365 2848 Matthioe
386 2782 500 2870 probat
513 2805 604 2847 sensu
619 2783 723 2868 aptius
737 2782 798 2847 dici
813 2784 963 2871 potuisset
977 2789 1067 2865 πονῇ,
1081 2785 1168 2871 quod
1182 2787 1323 2873 conjecit

216 2887 430 2951 Hermennus.

258 3005 333 3071 520.
357 2987 391 3051 τά
409 2985 552 3068 μαντικὸν
572 2991 633 3051 πᾶν
658 2987 776 3070 σπέρμα
797 2991 956 3071 φιλότιμον
978 2989 1080 3071 κακόν]
1108 2987 1228 3052 lisdem
1250 2988 1322 3054 fere

216 3087 319 3152 verbis
342 3088 512 3176 Sophocles
523 3088 638 3176 Antig.
658 3105 749 3176 1055.
766 3091 799 3154 τὸ
818 3093 961 3173 μαντικὸν
975 3095 1033 3176 γάρ
1047 3096 1107 3156 πᾶν
1127 3091 1323 3176 φιλάργυρον

215 3188 314 3273 γένος.

258 3313 334 3378 521.
349 3320 386 3378 γε
399 3296 533 3379 χρηστὸν
549 3298 713 3362 Cantetur.
751 3296 842 3362 Libri
857 3296 883 3380 γ’
900 3299 1061 3381 ἄχρηστον.

259 3413 334 3481 522.
349 3397 368 3460 ὅ
381 3422 410 3461 τι
423 3396 554 3463 codices.
576 3399 595 3462 ὅ
608 3397 685 3463 Ald.

258 3517 333 3583 523.
343 3499 523 3581 ὑπολάβοιμ’
535 3501 588 3587 ἂν]
601 3501 693 3565 Libri
702 3500 918 3581 ὑπολάβοιμεν.
938 3500 1083 3565 Correxit
1092 3492 1325 3569 Marklandus.

258 3615 333 3683 524.
349 3601 444 3686 οἶδεν]
462 3601 542 3667 εἶδεν
556 3601 640 3667 Flor.
659 3622 688 3667 1.
712 3603 772 3668 εἶδε
787 3601 875 3666 Flor.
892 3622 921 3669 2.

258 3703 333 3787 526.
349 3699 373 3761 τ’
390 3701 550 3768 Reiskius.
596 3704 686 3769 Libri
701 3704 742 3787 γ’.

259 3804 443 3891 528-542.
470 3807 508 3869 In
532 3806 581 3870 his
603 3807 743 3872 versibus
767 3807 859 3894 plura
883 3822 957 3872 sunt
979 3807 1105 3872 minime
1128 3807 1322 3895 Euripiden.

217 3908 301 3971 Nom
316 3928 356 3971 ne
371 3907 449 3994 quid
464 3908 504 3972 de
519 3908 620 3973 verbis
640 3906 715 3994 κᾷτα
728 3912 878 3992 ψεύδομαι
899 3908 967 3974 10οο
982 3909 1178 3975 inoommodo
1191 3910 1324 3980 insertis

216 4009 317 4074 dicam
333 4023 365 4074 et
379 4010 419 4075 de
434 4033 493 4075 usu
517 4011 629 4099 passivi
645 4013 822 4093 άπορεῖσθσι
838 4013 968 4100 ejusque
990 4013 1219 4079 constructione
1240 4018 1322 4096 ἠπό.

216 4137 306 4194 ρημαι
327 4112 400 4194 πρὸς
422 4117 498 4178 θεῶν
519 4117 556 4178 τὰ
578 4119 631 4178 νῦν
653 4113 733 4188 τάδε,
754 4114 832 4179 mire
853 4130 885 4179 et
905 4114 1010 4204 inepte
1032 4115 1166 4180 Calchas
1187 4116 1321 4198 dicitur,

218 4228 366 4301 tanquam
393 4214 540 4301 proeella,
563 4215 749 4297 ξυνορπάσοι
770 4221 908 4300 στρατόν,
935 4242 990 4283 nec
1015 4220 1116 4284 multo
1138 4217 1245 4304 aptius
1271 4235 1326 4288 est

217 4313 441 4399 ξννσρπάσονσι
470 4321 527 4400 γῆν
551 4341 581 4382 v.
605 4333 681 4403 535.
720 4319 877 4384 Proeteren
902 4336 1004 4386 totum
1033 4321 1194 4386 inventum
1225 4320 1324 4404 illud,
