2864 4914
558 288 626 349 AD
649 287 888 352 ORESTEM.
1228 290 1268 357 91

168 457 225 534 γᾶς
237 452 376 517 deletum
399 469 560 540 praeeunte
582 456 744 521 scholiasta
759 456 897 521 metrico.
931 459 981 520 ίνα
1002 458 1194 539 μεσόμφαλοι
1215 457 1269 521 λέ-

167 579 274 636 γονται
287 557 380 637 μυχοί
391 570 473 621 reote
488 555 713 644 interpretatur
729 560 906 624 Schaeserus
924 561 980 623 obt
1001 570 1078 624 sunt
1092 562 1147 646 qni
1161 561 1272 623 dicarc-

166 666 225 720 ίκιτ
245 658 437 737 μεσόμφαλοι
457 661 550 741 μυχοί
557 685 565 724 :
588 661 644 746 qui
667 661 779 726 similia
792 660 937 747 exempla
950 661 1058 726 attulit
1078 660 1119 724 ad
1136 662 1270 748 Gregor.

169 759 246 822 Cor.
261 779 294 844 p.
309 760 383 842 986.

211 879 287 944 332.
304 859 327 924 ὦ
342 860 490 947 Kingius.
527 863 620 927 Libri
635 865 678 928 ίό.

211 980 231 1047 3
233 963 395 1046 33-336.
409 963 487 1027 Duo
501 986 620 1044 versus,
634 966 720 1051 prior
733 967 776 1033 τίς
791 966 1050 1047 ἔλεος-ἔρχεται,
1064 966 1143 1029 alter
1157 965 1270 1041 θοάζων

168 1062 395 1142 -σνμβάλλει.

211 1183 285 1248 337.
303 1166 358 1248 είς]
378 1165 477 1230 Scrib.
494 1169 533 1233 ἐς.

211 1266 309 1344 δόμων
323 1266 420 1330 codex
440 1267 560 1354 Kingii.
599 1269 703 1333 Ceteri
717 1282 750 1333 et
764 1268 842 1332 Ald.
858 1271 972 1348 δόμους.

211 1387 287 1452 340.
301 1370 436 1454 βροτοῖς]
453 1377 611 1452 βροτοῖσιν
627 1370 719 1435 codd.
736 1386 816 1435 octo.

211 1489 288 1553 341.
312 1472 406 1534 Unus
421 1494 529 1536 versus
547 1475 769 1553 ἀνὰ-δαίμων.
808 1474 847 1537 In
870 1471 1091 1557 Alutus-1
1110 1471 1269 1551 τινάξας-

167 1573 435 1636 δεινῶν-τόπου.

210 1692 288 1756 344.
304 1675 500 1755 ὀλεθρίοισιν]
518 1677 665 1757 ὀλεθρίοις
678 1675 770 1741 codd.
786 1674 886 1739 multi.
919 1678 1067 1739 Ceterum
1082 1675 1271 1740 oonstructio

168 1770 236 1836 lraec
256 1787 317 1851 cst,
340 1785 376 1837 ut
399 1775 493 1839 schol.
518 1776 597 1841 bene
616 1777 740 1841 docuit:
766 1781 877 1858 δαίμων
896 1777 929 1840 δέ
951 1802 995 1845 τις
1017 1776 1181 1841 κατέκλυσε
1205 1777 1271 1858 (cdv

166 1875 281 1959 ὀλβον)
298 1877 333 1939 ἓν
346 1875 474 1958 λάβροις
488 1880 635 1960 ὀλεθρίοις
651 1881 759 1959 κύμασι
774 1885 878 1943 δεινῶν
892 1872 1002 1953 τόνων,
1015 1881 1055 1946 ὡς
1068 1882 1187 1951 πόντου,
1199 1880 1272 1942 ὀνα-

167 1976 287 2055 τινάξας
303 1979 418 2060 (αὐτὸν)
436 1981 475 2046 ὣς
495 1986 606 2061 λαῖφος
625 1980 735 2043 άκάτου
751 1985 830 2053 θοᾶς,
854 2002 912 2066 pro
927 1980 1086 2062 ἀνέτρεψε,
1102 1979 1189 2065 quod
1203 1981 1270 2044 voci

167 2080 266 2158 ὄλβον
280 2079 406 2167 proprie
426 2080 582 2157 convenit,
598 2081 710 2146 sumtis
727 2081 830 2145 verbis
849 2081 896 2160 iis,
911 2105 984 2167 quae
1005 2081 1094 2158 mari,
1109 2080 1271 2159 fluctibus,

167 2179 244 2243 velis
265 2181 393 2268 propria
415 2196 499 2245 sunt.
547 2182 695 2246 Similiter
710 2182 819 2246 AEsch.
838 2185 871 2247 S.
887 2206 915 2246 c.
934 2182 1001 2246 Th.
1019 2186 1092 2263 760.
1116 2189 1213 2246 κακῶν
1234 2182 1269 2258 δ’,

167 2281 270 2363 ὥσπερ
300 2283 453 2357 θάλασσα,
485 2282 547 2364 κῦμ’
575 2285 652 2366 άγει.
691 2285 745 2349 Cf.
773 2286 854 2349 Eur.
883 2283 974 2348 Med.
999 2286 1074 2370 366.
1101 2284 1172 2347 Ion.
1196 2299 1269 2367 927.

167 2383 360 2448 MATTH.

208 2500 283 2569 345.
299 2485 382 2549 οἶκον
396 2487 494 2550 άλλον
510 2487 612 2568 ἕτερον
626 2485 681 2570 ir]
700 2486 869 2573 Adjectiva
884 2487 978 2552 ἄλλος
994 2485 1101 2565 ἔτερος,
1117 2486 1202 2549 alius
1220 2484 1269 2548 di·

165 2608 288 2664 versus,
303 2586 462 2651 interdum
479 2587 627 2674 conjungi
637 2588 703 2673 jam
720 2587 761 2651 ab
776 2587 935 2651 veteribus
952 2585 1162 2672 grammaticis
1176 2608 1271 2650 anno·

164 2701 266 2752 tatum
281 2700 340 2752 est.
387 2689 556 2752 Menandri
571 2704 603 2753 et
618 2689 754 2753 Cratetis
776 2688 919 2775 exempla
936 2688 1027 2753 affert
1048 2687 1271 2773 grammaticus

162 2789 196 2853 in
220 2788 359 2853 Bekkeri
381 2790 504 2854 Anecd.
526 2813 558 2876 p.
576 2808 652 2875 379.
675 2791 850 2876 exscriptus
872 2790 913 2854 ab
939 2789 1038 2853 Snida
1062 2812 1086 2852 s.
1111 2790 1206 2853 άλλοε
1230 2789 1271 2853 de

166 2891 286 2977 quibus
301 2915 331 2953 v.
347 2914 420 2976 quoe
435 2891 515 2954 dixit
532 2893 690 2957 Dobraeus
712 2893 742 2956 in
768 2892 898 2957 Porsoni
917 2891 1126 2956 Miscellaneis
1146 2914 1177 2976 p.
1196 2908 1270 2956 200.

163 2993 336 3079 Euripides
352 2994 464 3078 Suppl.
476 3007 551 3078 573.
568 2995 700 3061 rollolis
716 2995 806 3074 ἔτλην
818 2995 853 3073 ὀὴ
863 2994 1007 3077 χάτέρους
1021 2995 1135 3059 ἄλλους
1152 2995 1268 3060 πόνους.

162 3097 208 3158 Et
217 3095 262 3158 sic
272 3093 456 3158 recentiores
464 3118 593 3181 quoque
604 3095 769 3182 scriptores
778 3096 935 3159 interdum
947 3111 1021 3159 sunt
1033 3093 1138 3158 locuti.
1157 3093 1270 3158 Galen.

161 3197 222 3258 vol.
238 3217 270 3280 3.
285 3219 319 3281 p.
334 3195 404 3279 138.
424 3195 527 3276 ἕτερον
541 3195 566 3259 δ’
583 3197 661 3260 ἄλλο
677 3202 779 3278 ζεῦγος
793 3198 924 3279 ἄρχεται·
951 3196 1010 3259 vol.
1029 3215 1058 3279 9.
1075 3218 1108 3282 p.
1125 3195 1197 3278 258.
1216 3194 1269 3258 εἶτ’

165 3297 252 3364 αιἰτός
268 3299 284 3360 ὁ
299 3295 495 3378 Ἱπποκράτης
511 3296 560 3360 είτ’
579 3299 673 3364 άλλας
687 3324 731 3364 τις
746 3298 856 3377 ἔτερος.

209 3416 285 3482 347.
301 3398 355 3462 τὸν
371 3398 431 3462 άπὸ
446 3399 539 3462 codd.
555 3399 694 3485 plurimi.
721 3405 780 3463 τῶν
795 3398 854 3463 άτό
871 3397 948 3462 Ald.

211 3502 287 3585 348.
302 3503 353 3564 ὀόε
368 3499 499 3564 codices
524 3503 580 3566 ὦδε
596 3500 675 3565 Ald.

211 3623 285 3688 349.
301 3604 418 3690 πολλῇ]
434 3603 512 3666 πολὺ
528 3603 627 3667 Paris.
644 3625 735 3668 unus.

211 3706 379 3790 ἁβροσύνῃ]
400 3704 581 3790 Legebatur
595 3704 618 3768 δ’
635 3707 800 3787 ἁβροσύνῃ.
837 3703 1028 3768 Particulam
1043 3702 1159 3767 omittit
1173 3703 1272 3768 codex

171 3805 292 3892 Kingii,
314 3805 399 3868 haud
422 3804 520 3869 dubie
545 3829 583 3869 ex
611 3805 790 3891 conjectura
810 3803 1017 3890 grammatici,
1044 3804 1097 3868 sed
1121 3827 1158 3867 ea
1179 3805 1274 3868 veris-

169 3907 256 3972 sima.
301 3909 410 3985 Quum
433 3919 537 3971 tamen
561 3929 623 3970 non
646 3905 809 3970 verisimile
830 3906 975 3970 videatur
995 3910 1095 3992 ιιολλῇ
1119 3909 1273 3993 ἁβροσιίνρ

169 4008 329 4096 dipodiam
345 4031 384 4072 ex
399 4007 525 4094 dactylo
539 4022 571 4072 et
585 4020 743 4093 anapaesto
758 4007 959 4093 compositam
976 4030 1041 4070 esse
1056 4006 1187 4070 voluisse
1203 4009 1272 4070 Eu-

169 4109 315 4196 ripidem,
330 4109 474 4174 restituta
489 4108 688 4196 exquisitiore
702 4108 780 4172 crasi
803 4107 1001 4173 scribendum
1025 4130 1134 4172 censeo
1155 4109 1272 4171 πολλά-

168 4212 314 4292 βρασόνῃ,
330 4233 404 4296 quae
424 4209 598 4296 comparari
613 4208 847 4294 quodammodo
867 4224 971 4295 potest
992 4230 1064 4272 cum
1087 4208 1274 4292 ὀγορασόγέ-

169 4338 250 4379 νειας
272 4313 347 4398 (pro
365 4312 510 4393 ἀγοράσει
531 4312 679 4394 ἀγένειος)
704 4310 920 4396 similibusque
942 4311 983 4374 de
1005 4309 1122 4395 quibus
1144 4309 1210 4372 dixi
1232 4307 1273 4371 ad

169 4411 336 4500 Aristoph.
351 4412 464 4499 Equit.
485 4430 578 4498 1373.
623 4414 675 4477 De
697 4412 860 4499 scripturae
881 4426 987 4476 autem
1009 4411 1138 4475 veritate
1152 4409 1273 4496 quomi-
