2864 4914
337 277 404 340 AD
429 277 733 344 IPHIGENIAM
756 278 1089 347 AULIDENSEM.
1199 281 1264 348 487

208 463 266 542 γῆν
281 461 481 530 Plutarchus.
519 464 607 530 Libri
622 471 688 548 γῆς.

212 580 303 628 1221.
319 567 428 646 γόνασι
442 567 620 632 Bnrnesius.
658 567 750 633 Libri
764 570 898 651 γούνασι.

211 681 303 744 1224.
320 666 466 747 εὐδαίμον’
482 669 660 734 Piersonus.
703 670 794 736 Libri
809 671 988 750 εὐδαίμονος.

211 784 303 850 1225.
321 767 422 855 ἀξίως]
439 772 526 849 άξίαν
542 773 616 836 Par.
633 775 676 837 A.

166 947 175 1011 l
211 882 303 1014 Idm.
333 868 540 957 άντιλάζομαι]
577 871 783 937 Scribendum
813 872 1008 953 ἀντιλάζυμαι
1040 896 1112 938 cum
1151 873 1263 938 Markae

177 971 216 1013 sn
240 973 270 1014 ο.

211 1071 302 1138 1233.
317 1079 355 1119 σε
371 1056 591 1123 Marklandus.
628 1058 718 1124 Libn·
734 1085 780 1142 γε.

210 1172 303 1240 1234.
319 1161 410 1237 τῆσδε
425 1160 497 1224 Par.
516 1162 552 1225 C.
570 1160 657 1226 Flor.
675 1181 702 1224 1.
719 1179 750 1227 2.
772 1165 824 1241 τῆς
838 1186 874 1244 γε
890 1159 966 1224 Ald.

209 1274 302 1342 1237.
330 1258 412 1344 ἦλθ]
444 1262 544 1341 Poris,
570 1278 606 1328 ut
630 1278 737 1328 monet
766 1262 929 1327 Brodaeus.
968 1261 1148 1328 Delendum
1177 1264 1263 1330 bunc

164 1381 289 1453 versum
303 1385 369 1426 esse
383 1365 514 1452 conjecit
531 1365 690 1431 Matthiae.

208 1451 303 1544 1240.
326 1461 364 1543 ἣν
389 1466 546 1532 Matthiae.
583 1467 766 1554 Legebotur
789 1469 826 1532 εί.
863 1468 935 1545 Quo
959 1480 1082 1531 servato
1103 1467 1265 1534 Porsonus

165 1565 330 1629 εἰ-πείθει
344 1565 514 1632 scribebat:
538 1568 624 1656 quod
638 1569 744 1655 aptius
758 1567 883 1632 videtur
897 1590 991 1654 quam
1007 1566 1224 1656 ἢν-τεισθῇς.

210 1683 302 1748 1242.
332 1669 547 1751 συνδάκρυσον,
575 1671 727 1735 ἱκέτευσον
752 1669 885 1734 codices.
919 1671 976 1734 σὺν
1004 1669 1145 1752 δάκρυσιν
1169 1670 1264 1752 ἱκέτης

163 1769 248 1851 γίνου
272 1767 349 1833 Ald.
376 1793 415 1834 ex
440 1771 620 1858 conjectura
645 1771 837 1851 oorrectoris,
862 1793 955 1858 quern
982 1771 1112 1836 verbum
1142 1774 1262 1838 ίκετειίυ

163 1891 234 1934 oum
258 1870 397 1957 genitivo
419 1887 631 1938 constructum
654 1872 796 1952 offendit,
820 1872 906 1959 quod
931 1871 1075 1961 analogia
1096 1875 1263 1940 verborum

164 1970 266 2050 δέομαι
280 1988 312 2037 et
325 1973 421 2060 χρῄζω
436 1974 562 2039 delendi
578 1992 661 2040 recte
675 1974 895 2040 animadvertit
909 1974 1122 2040 Hermannus.

210 2092 302 2157 1243.
316 2075 356 2154 μὴ
372 2079 475 2140 θανεῖν
489 2099 549 2139 om.
567 2078 641 2142 Par.
657 2079 701 2140 A.

207 2175 248 2258 τι]
266 2199 312 2239 τοι
326 2178 540 2242 Hermannns.

210 2292 303 2360 1247.
319 2278 504 2364 άντάμεσθα]
521 2280 671 2359 άντόμεθο
685 2278 771 2342 Flor.
792 2300 818 2341 1.

206 2379 258 2442 δύο
272 2378 449 2444 Bornesius.
473 2383 531 2446 tto
545 2379 627 2444 libri.

209 2483 302 2561 1248.
327 2480 463 2547 Moleste
484 2481 629 2547 additum
654 2485 747 2559 ἐστιν,
774 2503 829 2545 nec
856 2481 1014 2568 sequentis
1038 2503 1147 2547 versus
1168 2483 1264 2549 verbo
1312 2555 1329 2587 ⁶

163 2597 236 2669 apte
250 2605 321 2646 cum
337 2583 586 2670 praeoedentibus
600 2597 673 2647 sunt
688 2581 842 2669 copulato.

209 2702 302 2768 1251.
325 2688 362 2750 τὰ
376 2686 462 2767 νέρθε
477 2684 501 2750 δ’
517 2686 619 2775 οὐδὲν]
644 2684 827 2771 Legebotur
846 2687 883 2749 τά
897 2682 985 2765 νέρθε
1005 2682 1029 2748 δ’
1046 2684 1151 2752 οὐδείς.
1187 2687 1266 2750 Cor·

162 2801 281 2852 rectum
297 2811 336 2852 ex
353 2788 478 2854 Stoboeo
496 2809 568 2874 109,
583 2809 614 2873 5.
630 2785 686 2852 ubi
700 2786 735 2851 τὸ
751 2785 857 2869 νέρθεν
873 2785 969 2852 οὐδέν.

209 2907 302 2974 1252.
318 2895 421 2955 θανεῖν
435 2889 547 2975 καλῶς]
562 2897 659 2958 καλῶς
673 2894 777 2954 θανεῖν
792 2889 880 2952 Flor.
899 2908 926 2951 1.
944 2906 973 2953 2.
988 2900 1021 2952 et
1035 2888 1190 2955 Stobaeus

210 2992 303 3077 1256.
318 2998 399 3074 φιλῶ
413 2993 438 3055 τ’
454 2990 673 3057 Marklandun.
711 2991 894 3078 Legebatur
908 2996 1016 3074 φιλΰν.

210 3110 302 3178 1259.
319 3092 518 3176 ναύφρακτον]
540 3092 745 3157 scribendum
763 3093 961 3174 ναύφαρκτον·

210 3197 301 3260 1260.
318 3194 342 3260 θ’
358 3194 501 3259 additum
517 3217 555 3258 ex
573 3195 657 3257 Flor.
677 3215 705 3258 1.
723 3214 751 3260 2.

210 3297 301 3362 1262.
328 3298 421 3382 1263.
453 3298 580 3360 Horum
603 3294 852 3360 versuumordo
873 3294 1077 3359 invertendus
1099 3295 1264 3362 videbatur

165 3398 365 3464 Marklando

210 3502 301 3586 1263.
317 3501 438 3566 κλεινὸν
453 3500 610 3566 Reiskius.
650 3499 741 3565 Libri
757 3503 870 3565 καινόν.

209 3605 430 3689 1264-1275.
446 3603 563 3668 Versus
584 3601 694 3689 spurii,
709 3600 881 3688 dequibus
899 3601 982 3666 conf.
998 3625 1072 3690 quae
1085 3601 1126 3666 od
1142 3625 1174 3667 v.
1187 3604 1263 3688 528.

163 3703 240 3769 dixi.

209 3808 301 3889 1264.
315 3807 492 3893 Ἀφροδίτη]
513 3808 626 3894 Inepte
642 3808 794 3870 Venerem
808 3804 859 3869 hic
873 3805 1024 3869 nominat.
1071 3805 1156 3870 Mire
1169 3805 1264 3871 etiam

161 3909 281 3974 dictum
296 3909 579 3996 μέμηνε-στρατῷ,
594 3908 683 3996 quod
704 3905 865 3973 Lobeckio
886 3907 926 3973 ad
951 3907 1048 3994 Sopb.
1065 3909 1122 3996 Aj.
1139 3923 1210 3994 705.
1229 3909 1263 3973 in

163 4013 426 4094 ἔμηνε-στρατόν
438 4011 627 4077 mutandum
642 4010 817 4076 videbatur.

209 4111 302 4175 1266.
317 4110 505 4190 Ἑλληνικῶν
519 4110 698 4176 Elmsleius.
736 4109 825 4175 Libri
838 4106 1039 4188 Ἑλληνικάςι
1062 4105 1149 4193 quod
1172 4129 1262 4172 revo-

163 4213 310 4293 candum,
326 4236 425 4300 quum
441 4213 472 4278 in
488 4213 542 4278 toli
557 4214 707 4301 scriptore
720 4212 838 4276 incerta
850 4208 1026 4276 emendatio
1041 4209 1089 4271 sit.

209 4318 302 4383 1268.
318 4316 443 4399 θέσφατ’
461 4315 607 4404 Scaliger.
649 4315 803 4397 θέσφατον
816 4313 896 4379 libri.

210 4435 301 4505 1270.
319 4417 451 4486 Insolito
461 4417 556 4484 modo
566 4417 685 4484 dictum
702 4418 750 4481 ἐπὶ
762 4415 796 4480 τὸ
808 4418 905 4483 κείνου
916 4416 1107 4496 βουλόμενον
1118 4411 1262 4491 ἐλήλυθα.

675 4518 750 4599 114
