2864 4914
585 287 654 351 AD
677 284 908 350 ΜΕΠΕΑΜ.
1223 286 1290 352 207

187 453 324 541 positum
339 472 396 535 est,
412 457 503 522 aliam
518 456 591 521 olim
615 457 800 545 scripturam
817 457 970 523 exstitisse
991 456 1146 545 sequitur,
1161 456 1293 521 fortasse

188 560 222 623 ἐν
235 585 258 646 ῳ
272 563 331 643 γὰρ
352 562 390 642 τΙν
409 588 460 643 μοι
482 560 590 636 πάντα,
613 563 789 644 γιγνώσκεις
812 568 919 630 καλῶς·
942 559 1028 648 quod
1049 559 1181 648 conjecit
1197 562 1291 625 Mus·

185 662 322 746 gravius.
368 663 430 728 Sed
454 661 544 728 valde
565 663 702 728 alienum
719 664 761 729 ab
783 663 842 728 hoc
863 665 932 729 loco
948 664 1073 730 videtur
1087 663 1165 728 illud
1182 665 1293 747 γιγνώ·

187 790 268 833 σκεις
289 773 397 834 καλῶς.
442 767 652 846 Quamobrem
676 790 749 831 vera
775 767 919 832 habenda
942 781 989 832 est
1013 766 1111 833 altera
1136 767 1293 856 scriptura

185 866 284 932 πάντα
297 872 477 951 γιγνώσκειν
492 876 599 946 καλῶς,
614 893 688 956 quae
711 869 873 934 Brunckio
887 871 919 934 in
933 872 1115 953 γιγνώσκειν
1129 874 1208 936 καλδ
1222 893 1290 934 mu-

186 968 282 1033 tanda
296 971 471 1035 videbatur.

231 1089 304 1155 232.
327 1073 363 1141 δις
383 1080 484 1156 πρῶτα
505 1077 561 1155 μὶν
583 1080 629 1141 δεῖ
648 1075 807 1159 χρημάτων
825 1077 981 1162 ὑπερβολῇ
1001 1072 1006 1162 Ι
1026 1077 1117 1139 πόσιν
1131 1074 1288 1159 πρίασθαι]

188 1174 293 1237 Schol.
311 1174 477 1257 Χρημάτων
490 1179 688 1258 ὖπερβόλονι
716 1177 875 1262 χρημάτων
888 1177 975 1259 λέγει
989 1183 1047 1242 τῶν
1063 1179 1106 1244 εἰς
1119 1177 1175 1257 τὴν
1189 1177 1294 1259 φανὴν

188 1278 372 1360 (Barnesius
387 1294 469 1344 recte
481 1280 620 1362 φερνήν).
644 1285 730 1344 τοῦτο
745 1282 778 1345 δὲ
790 1283 807 1343 ὁ
821 1281 977 1362 Εὐριπίδης
991 1280 1051 1344 δπδ
1063 1283 1115 1360 τῆς
1129 1277 1191 1343 κατ’
1202 1279 1294 1345 αὐτὸν

186 1382 344 1461 συνηθείας
358 1383 452 1466 λέγει.
492 1386 521 1447 oi
536 1386 568 1447 δὲ
583 1385 676 1466 ἥρωες
690 1384 747 1467 οὐχ
767 1386 859 1450 οὕτως
874 1383 995 1447 έποίουν
1009 1383 1076 1450 τοὺς
1089 1382 1211 1465 γάμους,
1222 1381 1293 1447 ἀλλ’

184 1485 218 1547 ἐκ
242 1490 302 1548 τῶν
329 1488 472 1550 ἐναντίων
495 1488 578 1551 αὐτοὶ
602 1490 749 1552 ἐδίδοσαν.
788 1486 920 1568 καθάπερ
947 1486 994 1550 καὶ
1021 1484 1108 1553 αίπδς
1132 1489 1167 1551 έν
1189 1488 1295 1554 ἄλλοις

89 1619 98 1629 =
187 1588 358 1667 παρίστησι.
398 1591 446 1652 καὶ
463 1587 598 1671 Ὄμηρος
619 1589 675 1673 (Il.
690 1596 728 1654 A.
747 1594 847 1673 244.)·
870 1586 961 1671 πρῶθ
979 1589 1085 1653 ἑκατὸν
1099 1594 1174 1668 βοῦς
1189 1595 1294 1665 δῶκεν,
1414 1672 1417 1676 ¹

185 1689 288 1753 ἔπειτα
303 1692 335 1753 δὲ
350 1692 446 1773 χίλια.
486 1693 552 1756 ἔστι
567 1695 600 1756 δὲ
615 1695 844 1777 δυαχρονισμός.
871 1695 911 1757 ὀί
924 1696 983 1776 γδρ
997 1693 1090 1774 ἥρωες
1104 1691 1138 1755 τδ
1155 1694 1294 1758 ἐναντίον

187 1799 345 1875 παρεῖχον.
392 1793 448 1857 Ab
463 1794 571 1858 eodem
596 1819 699 1859 errore
720 1811 940 1883 argumentum
964 1794 1054 1879 ducii
1072 1810 1177 1859 noster
1192 1794 1294 1883 Hipp.

188 1898 260 1977 627.
277 1897 370 1981 τούτῳ
386 1900 418 1961 δὲ
434 1902 525 1977 δῆλον
540 1900 579 1965 ῶς
601 1900 676 1980 γυνὴ
698 1900 790 1964 κακὸν
803 1901 891 1983 μέγα.
912 1899 918 1987 Ι
937 1900 1080 1982 προσθεὶς
1100 1903 1159 1981 γδρ
1178 1902 1195 1962 ὁ
1211 1901 1296 1965 σπεί·

184 2024 240 2079 ρας
254 2024 288 2062 τε
310 1998 483 2082 κάκθρέψας
504 2000 600 2083 πατὴρ
619 2000 625 2087 Ι
644 2006 766 2083 φερυδς,
783 2000 918 2089 dereined,
935 2003 974 2070 ῶς
988 2002 1184 2091 ἀπαλλαχθῇ
1195 2006 1295 2068 κακοῦ.

188 2103 305 2166 ELM.
841 2133 843 2136 >

233 2224 304 2290 234.
321 2204 398 2268 τοῦτ’
414 2205 502 2269 Α.Β.
541 2202 608 2268 Alii
624 2203 713 2271 τοῦδ’.

232 2306 272 2373 ἔτ’
288 2330 351 2371 om.
367 2308 452 2371 A.B.
489 2308 577 2372 ποθτό
590 2308 617 2391 γ’
634 2310 742 2391 ἄλγιον
758 2307 904 2380 Stobaeus
920 2327 972 2394 73,
989 2327 1041 2392 27.

235 2428 308 2494 245·
325 2411 447 2493 καρδίαν
462 2410 552 2495 ἄσης]
571 2411 690 2493 καρδίας
703 2413 801 2494 χόλον
814 2409 894 2474 Ald.
939 2412 1020 2476 Haec
1043 2411 1207 2497 scriptura,
1222 2434 1296 2497 quoe

190 2513 221 2576 in
239 2513 326 2577 nullo
341 2513 456 2600 scripto
468 2513 574 2578 codice
588 2513 693 2578 adhuc
707 2530 831 2600 reperta
845 2529 903 2592 est,
918 2529 987 2579 orta
1003 2513 1128 2579 videtur
1141 2537 1206 2607 εἰν.
1220 2516 1296 2600 576.

195 2617 286 2701 [590]
302 2617 365 2696 ἥτις
379 2618 447 2681 οὐδὲ
460 2621 513 2681 νῦν
531 2616 537 2703 Ι
556 2620 668 2701 τολμᾷς
677 2622 812 2698 μεθεῖναι
827 2620 947 2699 καρδίας
955 2617 1054 2700 μέγαν
1065 2619 1174 2701 χόλον.
1199 2618 1295 2682 Rom.

191 2724 236 2784 A.
254 2721 292 2784 B.
312 2721 386 2783 Par.
403 2720 444 2784 E.
461 2723 584 2802 καρδίαν
599 2721 680 2801 ἃιης.
717 2720 810 2784 Rom.
830 2721 869 2785 C.
891 2722 1013 2802 καρδίαν
1035 2721 1142 2800 δσσης,
1157 2742 1229 2784 cum
1251 2719 1296 2806 gl.

192 2825 296 2903 Mimo,
312 2822 444 2902 βλάβης.
478 2823 568 2886 Lasc.
591 2825 665 2886 Par.
681 2844 788 2886 omnes
809 2807 924 2910 prieter
946 2824 987 2889 E.
1004 2825 1092 2887 Cott.
1110 2821 1298 2887 Eustathiue

192 2949 226 3012 p.
242 2927 317 3011 635,
337 2946 388 3005 14.
405 2926 528 3007 καρδίαν
543 2926 627 3005 ἄσης.
675 2924 736 2989 Sed
760 2927 856 2990 Rom.
872 2927 915 2990 D.
932 2928 1051 3009 καρδίας
1064 2927 1154 3006 δσην,
1169 2947 1298 2990 consen-

193 3027 288 3092 tiente
312 3027 541 3116 Olympiodoro
565 3027 651 3116 apud
675 3027 901 3094 Ruhnkeoium
924 3026 964 3092 ad
988 3029 1147 3091 Timaeum
1174 3051 1205 3114 p.
1223 3045 1296 3109 247·

194 3131 296 3217 Cujus
311 3130 408 3194 verba
422 3146 512 3194 sunt:
535 3136 668 3195 Τοιαῦτα
690 3133 722 3194 δέ
745 3131 793 3195 καὶ
816 3133 847 3195 oi
868 3137 1006 3212 γυναῖκες
1026 3130 1247 3211 ὖπομενηπικαὶ,
1263 3131 1299 3195 οὔ

192 3236 251 3315 γὰρ
266 3234 379 3315 ἄνδρες.
412 3233 457 3297 διδ
473 3234 520 3297 καί
538 3236 650 3314 εἴρηται
672 3234 740 3315 περὶ
755 3233 860 3298 αὐτῶν·
879 3231 962 3312 'Ego
976 3232 1080 3313 μολῶν
1095 3233 1209 3297 ἔπαυσε
1231 3258 1299 3315 καρ·

194 3339 257 3404 δίας
271 3338 357 3417 ἄσην.
403 3337 497 3400 Hanc
512 3333 686 3414 lectionem,
703 3335 755 3400 cui
772 3335 900 3422 propior
914 3351 960 3400 est
975 3334 1096 3399 Aldina
1113 3336 1233 3417 καρδίας
1246 3337 1298 3419 χό-

192 3448 261 3518 λου,
286 3437 426 3525 praetulit
452 3441 620 3504 Porsonus.
665 3438 802 3503 Difficile
825 3454 872 3503 eet
895 3437 1019 3525 eligere.
1057 3438 1139 3502 Cum
1166 3434 1298 3502 Poreoni

194 3543 347 3631 scriptura
361 3541 533 3628 comparari
555 3557 657 3629 potest
672 3540 759 3628 quod
781 3541 897 3629 legitur
911 3563 1007 3628 supra
1021 3563 1052 3604 v.
1072 3558 1144 3624 192.
1160 3541 1300 3623 στυγίους

195 3648 227 3709 δὲ
251 3651 370 3728 βροτῶν
393 3646 487 3712 οὐδεὶς
512 3647 609 3711 λώπας
627 3645 633 3732 Ι
653 3647 755 3727 εθρετο
776 3647 875 3725 μοθοη
902 3645 950 3708 καὶ
974 3644 1170 3726 πολυχόρδοις
1188 3640 1194 3727 Ι
1212 3641 1301 3728 ᾠδαῖς

194 3751 310 3813 παύειν.
343 3750 408 3812 Ρτο
421 3748 519 3814 altera
533 3747 664 3813 lectione
678 3749 779 3812 facere
793 3747 941 3812 videntur
955 3761 1058 3834 poetae
1073 3745 1168 3809 verbo
1184 3743 1298 3810 Bacch.

196 3869 269 3934 279.
292 3853 419 3932 βότρυος
443 3851 537 3934 ὑγρὸν
559 3848 633 3932 πῶμ’
659 3852 736 3932 εὗρε,
761 3849 973 3932 κείσηνέγκατο
991 3847 998 3936 Ι
1018 3853 1142 3928 θνητοῖς,
1171 3846 1188 3911 δ
1213 3849 1301 3913 παίει

195 3953 262 4020 τοὺς
276 3954 480 4036 ταλαιπώρους
490 3954 617 4036 βροτοὺς
634 3953 640 4040 Ι
658 3956 763 4032 λθπης,
780 3950 821 4016 ὅτ’
834 3951 872 4016 δν
882 3955 1061 4031 πλησθῶσιν
1072 3949 1209 4030 ἀμπέλου
1218 3951 1299 4031 ῥοῆς.

196 4056 377 4144 Hesychius
392 4057 484 4121 etiam
500 4057 541 4121 ad
563 4056 643 4122 hanc
658 4056 842 4143 scripturam
859 4053 1010 4140 respicere
1025 4051 1159 4117 videtur.
1198 4052 1302 4117 Verba

195 4158 264 4244 ejus
286 4173 378 4221 sunt:
398 4157 506 4239 Ἀοης.
529 4161 633 4238 λύπης.
673 4157 805 4222 Codices
821 4179 949 4244 quoque
971 4155 1035 4219 fere
1050 4178 1159 4219 omnes
1179 4156 1302 4236 καρδίαν
1383 4197 1386 4202 -

194 4262 269 4341 δοης
291 4277 473 4347 agnoscunt.
520 4262 601 4324 Nam
618 4262 689 4341 διης
707 4275 739 4325 et
754 4262 853 4340 δσσης
875 4258 1012 4324 solennia
1026 4274 1100 4323 sunt
1115 4257 1229 4323 menda
1242 4280 1302 4345 pro

196 4365 280 4443 ἄσης.
327 4366 400 4427 Ηοο
422 4362 519 4449 igitur
541 4385 610 4427 meo
628 4362 749 4450 judicio
768 4377 851 4427 recto
872 4362 1030 4426 revocavit
1045 4361 1205 4426 Matthiae.
1249 4361 1302 4426 De

196 4488 271 4530 voce
285 4467 346 4546 ἄση
360 4465 484 4553 copiose
497 4465 578 4531 dixit
593 4465 762 4532 Picrsonus
772 4465 813 4532 cd
826 4462 974 4529 Moeridis
984 4462 1080 4528 verbo
1094 4485 1126 4550 p.
1134 4478 1190 4548 59.
1208 4462 1300 4545 ’λση
