2864 4914
186 267 230 333 66
546 268 927 334 ANNOTATIONES

185 440 325 527 applicat
339 461 404 504 mco
420 439 580 504 mulierem
594 442 737 505 omnibuis
751 441 933 506 simulacris
946 440 1196 504 emendatiorem.
1220 439 1285 503 vid.

184 558 216 607 et
231 540 323 606 Ovid.
342 543 473 606 Metam.
494 561 545 622 12,
560 543 637 627 398.
655 545 747 607 Max.
764 545 846 631 Tyr.
863 541 993 606 Dissert.
1011 560 1040 623 7.
1064 543 1209 607 MUSG.

226 647 301 729 562.
324 642 578 730 τλημονέστατον]
598 647 834 709 Fortissimum.
873 644 944 709 Vid.
966 643 1077 709 Elmsl.
1094 645 1134 708 ud
1157 642 1284 707 Heracl.

182 762 258 834 570.
274 747 423 811 Eustath.
448 771 480 834 p.
497 748 571 824 800,
588 749 637 812 26.
661 753 753 828 ἀῆλον
770 751 815 813 ὅτι
836 751 917 830 παρὰ
938 755 1000 815 τοῖς
1020 751 1146 829 ὕστερον
1166 746 1287 827 τλήμων

184 851 264 914 καὶὸ
286 850 417 918 ἐλεεινὸς
438 850 571 932 λέγεται·
593 853 664 915 ὅθεν
680 853 728 916 καὶ
746 852 781 915 τὸ
797 853 882 931 ἔλεξε
903 850 1023 915 πάντων
1042 849 1285 929 τλημονέστατον

182 956 288 1036 λόγον.
312 955 502 1017 ΜΑΤΤΗ.
549 953 651 1017 Schol.
667 953 735 1017 cod.
754 956 782 1017 F
785 953 841 1017 lor.
863 953 957 1016 unius
979 953 1168 1033 οἰκτρότατον
1189 953 1285 1032 λόγον

182 1059 231 1122 καὶ
245 1060 430 1140 θρηνητικόν.
475 1059 574 1122 Recte
589 1056 653 1134 alii,
670 1057 929 1138 κορτερικότατον,
945 1055 1248 1135 ὑπομονητικιότατον.

223 1163 297 1245 564.
315 1164 461 1241 προθυμεῖ
474 1160 580 1244 Mosq.
597 1183 689 1224 unus.
712 1162 845 1249 προθυμῇ
860 1159 938 1224 Ald.

224 1265 300 1346 565.
318 1261 472 1345 εὐτρεπὴς]
490 1262 635 1343 εὐπρεπὴς
650 1264 697 1327 Η.
714 1261 828 1349 aliique
844 1285 905 1325 non
922 1261 1022 1348 pauci.

223 1368 297 1448 569.
315 1362 482 1448 εὐσχήμως]
502 1365 692 1447 εὐσχημόνως
705 1365 825 1452 aliquot
839 1366 931 1430 codd.
949 1380 980 1430 et
995 1364 1137 1429 Galenus
1154 1363 1216 1427 vol.
1230 1383 1280 1448 13.

180 1489 211 1554 p.
229 1488 301 1552 941.
316 1467 369 1531 sed
387 1468 541 1551 εὐσχήμως
557 1467 615 1530 vol.
634 1470 661 1531 8.
677 1492 707 1554 p.
723 1470 797 1553 585.

223 1587 297 1655 570.
322 1574 458 1653 κρύπτειν
480 1570 505 1633 θ’
530 1569 647 1656 vulgati
671 1594 786 1657 magno
804 1593 964 1634 consensu.
999 1568 1167 1652 κρύπτοοσό
1192 1567 1218 1634 θ’
1242 1570 1281 1632 Β.

181 1674 280 1737 Recte
307 1672 463 1755 κρύπτουσ’
485 1672 630 1736 Clemens
652 1672 706 1737 Al.
732 1676 846 1737 Strom.
872 1691 901 1736 2.
924 1697 958 1759 p.
976 1675 1052 1758 506,
1072 1692 1122 1752 14.
1146 1673 1282 1736 Hermo-

178 1798 273 1860 genes
294 1778 362 1858 περὶ
382 1776 546 1856 κακοζήλοο
567 1801 598 1863 ρ.
615 1795 668 1859 75,
685 1796 737 1852 40.
754 1775 804 1838 ed.
819 1773 896 1837 Ald.
914 1774 1102 1839 Eustathius
1123 1774 1164 1838 ad
1187 1773 1280 1839 Ilied.

180 1883 214 1940 B.
229 1900 260 1964 p.
275 1880 349 1956 216,
368 1898 395 1960 7.
430 1881 532 1944 Verba
548 1878 757 1965 Hermogenis
772 1892 863 1942 sunt:
886 1878 904 1956 ἡ
920 1880 953 1940 δὲ
968 1879 1016 1942 καὶ
1031 1875 1188 1957 θνήσκοοσ’
1204 1879 1283 1956 ὅμως

179 1981 308 2060 Πολλὴν
332 1984 476 2063 πρόνοιαν
503 1983 585 2066 εἶχεν
608 1980 763 2065 εὐσχήμως
785 1988 902 2046 πεσεῖν·
925 1989 1012 2045 τοῦτο
1038 1987 1153 2060 σεμνῶς
1178 1981 1280 2055 εἰπὸν,

179 2085 343 2168 ἀπήνεγκεν
359 2087 477 2153 εὐτελὲς
492 2089 540 2150 καὶ
555 2086 656 2150 κοινὸν
672 2085 719 2146 καὶ
734 2084 908 2163 κακόζηλον·
932 2081 1097 2165 Κρόπτοοσ’
1109 2083 1129 2146 d
1143 2084 1282 2163 κρύπτειν

178 2185 283 2266 ὄμματ’
300 2187 435 2268 ἀρσένων
450 2190 556 2270 χρεόν.
604 2187 683 2266 Quis
704 2186 742 2250 sit
758 2187 826 2265 iste,
839 2186 881 2250 ab
895 2186 1065 2250 Eustethio
1079 2200 1280 2262 memoratus,

178 2287 232 2374 qui
256 2290 420 2370 ἀνθρώπων
444 2312 503 2376 pro
526 2290 662 2371 ἀρσένων
681 2287 801 2375 legerit,
826 2288 945 2363 nesci03
970 2288 1024 2353 sed
1048 2287 1174 2352 memini
1196 2287 1278 2351 idem

177 2391 294 2455 lactum
318 2392 348 2455 in
371 2392 421 2455 ed.
440 2393 531 2458 Lasc.
548 2393 704 2457 Androm.
722 2409 792 2457 220.
818 2389 872 2454 ubi
895 2407 977 2454 recte
999 2391 1135 2473 ἀρσένων
1156 2404 1277 2454 ceterae.

179 2493 281 2558 POR.

218 2615 293 2683 573.
310 2602 419 2685 αὐτῶν]
437 2601 528 2680 αὐτὴν
543 2601 633 2665 codd.
651 2622 773 2665 novem.

217 2718 294 2786 574.
318 2707 461 2789 φύλλοις]
488 2707 639 2768 Demere
658 2703 731 2767 folio
752 2718 783 2766 et
802 2702 893 2766 flores
911 2701 1014 2778 alicui,
1031 2700 1157 2765 honoris
1171 2725 1277 2777 causa,

174 2804 330 2889 injiciendi
348 2806 557 2870 consulendus
573 2804 778 2870 Kusterusad
798 2805 926 2869 Suidam
944 2829 973 2869 v.
985 2807 1141 2886 ἀκροδρόα.
1180 2804 1277 2868 Adde

174 2924 206 2970 et
222 2907 394 2972 Pindarum
415 2908 511 2995 Pytb.
528 2930 559 2992 9,
579 2909 649 2972 218.
674 2910 817 2973 MUSG.
849 2909 921 2974 vid.
939 2909 1073 2973 Casaub.
1089 2907 1130 2972 ad
1147 2910 1276 2973 Sueton.

175 3011 293 3074 Neron.
310 3035 337 3075 c.
352 3032 402 3097 25.
427 3014 618 3076 MATTH.

218 3118 247 3178 ol
268 3118 300 3179 δὲ
322 3117 500 3200 πληροῦσιν]
522 3118 551 3179 οἱ
571 3114 595 3180 δ’
620 3118 809 3197 έπληροῦσαν
836 3116 1065 3181 Choeroboscus
1086 3115 1118 3179 in
1139 3114 1275 3181 Bekkeri

174 3220 295 3284 Anecd.
312 3243 345 3307 p.
361 3241 451 3306 1293.
467 3220 508 3284 de
522 3243 588 3306 quo
601 3219 668 3282 dixi
683 3220 713 3282 in
730 3220 922 3307 prefatione.

215 3324 290 3406 580.
306 3322 387 3405 λέγω
413 3322 578 3386 Heatbius.
614 3321 715 3403 λέγων
736 3322 801 3385 duo
823 3322 913 3387 codd.
939 3321 1080 3399 Porsoni‚
1096 3320 1181 3408 quod
1205 3343 1273 3384 cor·

173 3439 302 3511 ruptum
326 3442 371 3489 est
392 3448 429 3488 ex
453 3425 556 3507 λέγον,
573 3425 659 3511 quod
682 3424 792 3511 reliqui
816 3424 906 3489 codd.
923 3424 1071 3488 exhibent
1093 3438 1124 3488 et
1140 3422 1218 3486 Ald.
1233 3423 1275 3487 ob

173 3527 305 3591 librariis
319 3529 466 3615 positum,
483 3529 538 3614 qui
555 3529 664 3609 ἔλεγον
678 3528 879 3613 requirebant
901 3541 1030 3614 propter
1050 3548 1204 3589 sermones
1222 3526 1275 3612 ju-

173 3653 287 3694 venum
304 3630 335 3692 in
352 3628 600 3715 praecedentibus
615 3630 756 3694 versibus
770 3630 811 3694 ab
828 3629 941 3693 nuncio
956 3645 1149 3692 memoratos.

216 3734 289 3818 581.
304 3733 380 3817 582.
396 3730 501 3795 attulit
518 3730 747 3796 Choeroboscus
768 3732 799 3795 in
825 3730 960 3795 Belikeri
979 3731 1102 3794 Anecd.
1125 3753 1156 3817 p.
1178 3731 1272 3812 1287.

175 3837 229 3900 ubi
244 3837 282 3900 de
296 3862 319 3898 ω
335 3850 367 3898 et
380 3860 397 3898 ο
412 3833 529 3920 gradus
544 3833 724 3919 superlativi
738 3835 812 3922 agit.

218 3937 445 4020 εὐτεκνωτότην]
466 3937 675 4017 εὐτεκνοτάτην
689 3938 766 4002 Ald.
782 3954 814 4003 et
828 3938 946 4025 aliquot
962 3935 1052 4001 codd.

215 4042 290 4126 582.
307 4039 332 4104 θ’
349 4062 409 4102 om.
427 4038 503 4102 Ald.
520 4055 551 4102 et
565 4039 656 4103 codd.
673 4040 826 4104 nonnulli.

216 4145 290 4230 588.
312 4143 448 4225 διάδοχος
470 4150 565 4206 κακῶν
580 4157 625 4205 est
639 4166 710 4229 quae
723 4145 807 4207 molo
822 4147 948 4231 excipit,
965 4151 1074 4218 κακοῖς,
1090 4146 1164 4209 aliis
1180 4147 1273 4209 molis

173 4248 302 4321 additis,
316 4247 360 4310 ita
375 4259 421 4318 ut,
435 4267 534 4332 quum
558 4243 619 4308 elio
633 4247 714 4308 melo
728 4246 897 4309 defunctus
918 4247 969 4323 sis,
985 4247 1046 4311 olio
1067 4248 1147 4311 mala
1167 4248 1272 4312 statim

174 4351 412 4436 subsequentur.
438 4349 625 4411 MATTH.

216 4472 290 4538 592.
304 4472 377 4538 595.
402 4450 491 4515 Accii
506 4472 613 4514 versus
628 4449 668 4514 nb
689 4450 839 4515 Cicerone
858 4450 966 4517 allatos
982 4455 1080 4518 Tusc.
1095 4452 1174 4540 disp.
1192 4473 1223 4532 2,
1239 4475 1272 4534 4,
