2864 4914
168 265 232 330 152
530 267 908 333 ANNOTATIONES

168 433 307 499 fabulam
323 436 364 500 de
379 449 460 501 terra
477 438 632 503 Thebana
647 439 844 525 Proserpinae
865 438 906 502 ab
920 439 1003 501 Jove
1023 435 1104 499 dotis
1127 434 1193 498 ioco
1215 431 1271 496 do-

168 553 251 614 nata,
268 537 322 601 ubi
337 562 407 603 cum
425 541 538 605 Cerere
552 558 652 606 matre
667 541 862 607 habitaverit.

211 638 391 727 πυρφόρους]
417 641 507 706 Libri
523 643 613 709 multi
635 643 832 727 πυροφόρους,
853 666 937 708 unus
957 643 1049 707 etiam
1072 637 1269 723 πυρηφόρονς.

168 742 347 828 Utramque
369 742 531 809 lectionem
554 745 689 833 explicat
712 745 884 811 scholiasta.
906 742 1060 828 πυρφόρον
1082 746 1155 808 θεὸν
1170 741 1271 823 Δήμη-

169 871 223 927 τρα
237 844 318 908 dixit
335 846 447 934 Suppl.
465 849 537 912 260.

212 968 286 1031 701.
304 950 402 1033 εὖρον]
424 948 629 1014 Scribendum
645 953 744 1032 ηὗρον.

212 1069 286 1134 702.
303 1052 574 1117 Constructionem
591 1052 694 1116 miuus
709 1053 847 1139 percepit
863 1050 1102 1116 Valckenaerius.
1147 1048 1271 1114 Subau·

168 1153 254 1217 ditur
279 1153 414 1234 έμαυτόν.
460 1154 625 1241 Aristopb.
652 1155 786 1242 Lysistr.
809 1157 883 1239 469.
910 1156 942 1217 τί
967 1158 1067 1217 τοῖσδε
1092 1152 1203 1216 σαυτὸν
1229 1154 1271 1217 εἷς

168 1254 276 1339 λόγους
290 1263 352 1324 τοῖς
366 1260 476 1338 θηρίοις
490 1255 656 1335 ξυνάπτεις.
674 1257 778 1320 ΡΟΒ.

212 1377 285 1441 704.
301 1359 476 1424 πεποιθέναι
491 1358 570 1423 Ald.
587 1359 641 1424 sed
656 1357 820 1426 πεποιθότα
834 1382 933 1446 prope
946 1380 1054 1422 omnes
1069 1358 1170 1421 MSS.
1207 1356 1270 1433 Qui

167 1461 312 1540 mutavit,
328 1487 361 1525 τε
375 1461 509 1548 priorem
525 1462 566 1526 ad
580 1462 787 1550 praecedentia
799 1462 962 1539 referebat,
974 1483 1046 1525 cum
1058 1459 1099 1523 ad
1111 1459 1272 1546 sequentia

167 1563 282 1626 referre
304 1578 471 1648 oporteret.
516 1566 629 1650 Neque
651 1565 754 1649 figura
768 1564 954 1652 Oropismus
975 1563 1026 1627 bic
1047 1560 1195 1648 fingenda
1212 1576 1271 1638 est,

167 1663 269 1750 qualis
284 1664 314 1726 in
331 1668 425 1748 χαίρω
441 1665 468 1727 σ’
486 1664 662 1746 ἐληλυθότα
679 1667 782 1730 ΡΟΒ.

211 1785 284 1849 707.
302 1766 392 1831 Idem
408 1768 473 1831 fere
491 1790 598 1832 versus
614 1768 710 1855 Soph.
728 1767 847 1832 Trach.
864 1770 916 1852 78.
931 1773 968 1834 τὰ
982 1775 1062 1842 ποῖα,
1076 1773 1186 1850 μίρερς
1218 1766 1272 1830 τὸν

167 1865 262 1950 λόγον
276 1871 334 1951 γάρ
349 1871 460 1951 ἀγνοῶ.
478 1871 582 1934 ΡΟΒ.

213 1990 284 2055 709.
302 1971 535 2058 dirriGueiph.
582 1973 788 2060 Vulgobrjrt.

211 2090 286 2156 710.
302 2077 456 2160 πύργοισι]
476 2074 706 2162 Corrigendum
722 2076 847 2140 videtur
861 2083 1000 2142 πυκνοῖσι
1013 2099 1085 2141 cum
1102 2073 1242 2139 Reiskio.

211 2192 285 2259 717.
299 2176 425 2263 Ἄργος]
443 2180 552 2261 τάργος
569 2181 608 2243 Β.
624 2194 655 2243 et
669 2179 734 2243 duo
749 2177 811 2243 alii.

212 2297 287 2360 720.
304 2280 364 2344 ἔσω
380 2280 468 2345 Flor.
483 2281 558 2345 duo.
582 2284 653 2346 είσω
669 2280 749 2345 Ald.

212 2399 286 2465 724.
301 2384 544 2468 προσβάλοιμεν]
562 2383 762 2466 προσβάλοιμ
779 2385 817 2448 ἂν
831 2384 922 2448 codd.
940 2383 1043 2448 multi.

213 2487 286 2568 728.
303 2486 488 2570 προσβάλω]
505 2487 693 2568 προσβάλλω
711 2486 787 2551 Ald.
803 2502 835 2550 et
850 2485 939 2550 Flor.
957 2509 1049 2550 uuus

214 2607 287 2673 730.
304 2587 342 2670 γέ
354 2587 492 2652 codices:
518 2588 552 2653 δέ
567 2588 645 2654 Ald.

213 2706 287 2775 733.
302 2689 484 2775 πέφρακται]
505 2691 710 2756 Scribendum
726 2692 904 2774 πέφαρκται.

213 2808 285 2877 734.
307 2797 479 2873 πολεμίοισι
494 2800 533 2858 m
547 2794 687 2881 quinque
702 2794 792 2859 codd.
837 2793 906 2858 Alii
920 2795 1072 2874 πολεμίοις
1086 2794 1184 2857 δόσαν.
1231 2795 1271 2857 In

170 2895 215 2957 H.
232 2909 263 2957 et
279 2892 355 2959 Ald.
374 2898 545 2976 πολεμίοισι
560 2898 655 2961 δώσω.

214 2997 286 3080 738.
321 2998 557 3086 προστετάχθαι]
589 2998 805 3080 προστέτακται
833 2997 919 3061 varia
947 2996 1038 3061 lectio
1066 2998 1151 3084 apud
1183 2998 1273 3062 scho-

168 3097 299 3161 iiastam.

213 3219 285 3286 739.
312 3202 494 3288 Legebatur
509 3207 610 3286 λόχων
626 3203 782 3269 ἀνάσσειν.
798 3206 901 3287 λόχων
916 3204 1044 3270 ἄνακτος
1058 3201 1141 3266 edidi
1163 3225 1181 3265 e
1196 3225 1270 3266 con-

164 3304 298 3391 jectum,
313 3304 387 3391 quia
406 3327 462 3368 nec
484 3305 655 3392 asyndeton
680 3304 1065 3387 ἀνάσσειν-προσκεῖσθαι
1086 3304 1160 3368 ferri
1183 3327 1273 3391 posse

169 3406 396 3484 existimabam,
412 3421 444 3470 et
463 3407 494 3471 id
511 3409 597 3495 quod
613 3408 830 3472 secundarium
845 3423 902 3483 est,
919 3410 1021 3490 λόχου
1036 3407 1191 3482 ἀνάσσειν,
1209 3431 1271 3471 non

168 3509 282 3573 debere
304 3509 412 3572 eodem
436 3509 530 3574 modo
552 3509 664 3588 efferri,
680 3534 745 3597 quo
766 3509 809 3584 id,
830 3509 916 3594 quod
938 3524 1034 3594 caput
1056 3509 1099 3573 rei
1122 3526 1179 3588 est,
1197 3514 1273 3575 ἑπτὰ

169 3637 276 3692 προσκ.
300 3638 332 3674 π.
374 3614 477 3695 λόχων
503 3613 649 3676 ἀνάσσειν
675 3611 737 3675 huc
765 3611 922 3698 irrepsisse
948 3611 1073 3676 videtur
1098 3637 1116 3676 e
1142 3638 1170 3677 v.
1197 3634 1272 3698 742.

171 3713 364 3776 MATTH.

214 3830 286 3899 745.
303 3814 533 3900 ξνστρατηγοιίς]
550 3814 768 3896 ξυστρατήγους
784 3817 822 3877 Β.

214 3918 288 3999 748.
311 3918 358 3994 Η,
374 3918 462 4000 Aug.
481 3913 511 3976 d.
528 3928 558 3977 et
576 3913 653 3977 Ald.
677 3917 762 3980 ἔσται
784 3915 855 3979 τάδ’·
879 3919 977 3981 ἐλθὼν
999 3917 1022 3982 δ’
1047 3920 1218 3985 ἑπτάπυλον
1242 3925 1272 3989 ε’ς

169 4022 270 4084 πόλιν.
288 4019 364 4080 MS.
381 4019 419 4080 C.
432 4018 470 4080 C.
482 4018 518 4080 C.
542 4016 568 4079 ἔ.
586 4041 615 4079 τ.
635 4017 732 4080 ἐλθὼν
750 4017 774 4080 δ’
797 4018 985 4099 ἑπτάπυργον
1008 4024 1038 4087 ές
1059 4026 1158 4096 πόλιν,
1183 4024 1269 4101 item,

170 4122 283 4188 omisso
297 4119 334 4197 δ’,
350 4118 434 4182 Flor.
452 4136 480 4182 2.
494 4137 549 4202 33.
572 4119 673 4180 Ταιιτ.
693 4117 779 4181 Flor.
795 4122 838 4181 A.
856 4120 971 4184 Leidd.
995 4124 1124 4210 Mosqu.
1142 4127 1186 4189 D.
1204 4130 1271 4192 Gu.

173 4224 260 4289 Flor.
275 4239 307 4307 5.
324 4224 353 4284 6.
371 4240 462 4304 9.10.
479 4221 526 4283 18.
546 4238 597 4296 21,
610 4239 663 4304 34.
695 4222 784 4305 Aug.
800 4221 831 4283 b.
848 4222 873 4284 ἔ.
888 4249 914 4286 τ.
933 4224 1120 4307 ἑπτάπυργον
1137 4229 1168 4294 ές
1182 4232 1274 4293 πόλιν

172 4329 283 4408 μολόν,
299 4326 331 4389 in
350 4348 413 4412 quo
431 4322 455 4387 δ’
470 4337 540 4409 post
563 4322 750 4402 ἑπτάπυργον
765 4321 844 4385 male
858 4323 998 4390 inserunt
1015 4325 1098 4390 Flor.
1114 4330 1159 4391 A.
1175 4345 1206 4394 et
1223 4351 1273 4397 10.

174 4433 278 4518 Prope
293 4426 410 4493 accedit
426 4425 523 4489 Paris.
540 4426 585 4487 A.
606 4424 711 4509 [quem
727 4444 783 4487 uos
797 4424 887 4488 litera
903 4426 941 4488 Β.
957 4425 1171 4513 designamus]
1187 4433 1274 4498 ἔσται
