2864 4914
165 281 230 347 174
531 279 909 344 ANNOTATIONES

167 450 240 532 πρὸς
264 457 342 514 τοῖσι
361 457 475 532 βωμοῖς
496 457 650 534 πανταχοῦ
663 449 729 515 Ἀεὶ
745 456 896 534 λοχῶντες
909 452 1085 533 βωμολόχοι
1100 449 1269 527 καλῶμεθα,

167 551 335 639 dupliciter
348 553 499 639 peccavit,
513 552 645 639 legendo
657 555 743 631 Κᾶεἰ,
756 554 858 640 primo
871 553 912 616 ob
923 575 1060 628 causam,
1072 573 1168 639 quarn
1181 549 1267 623 dixi;

168 655 290 732 deinde,
305 654 381 741 quia
402 654 581 742 hujusmodi
604 655 799 742 pleonasmos
821 678 942 743 semper
964 654 1029 717 sine
1050 652 1164 741 copula
1181 653 1271 718 adhi-

166 758 243 823 bent
259 757 370 835 Attici,
387 775 423 823 ut
444 764 598 841 πανταχοῦ
620 760 667 822 ὰεί
690 760 770 822 Hec.
788 759 859 844 839.
884 755 1091 843 Aristophan.
1114 757 1177 844 Eq.
1192 759 1268 843 565.

167 860 327 927 cinnamis
342 862 389 925 ἀεὶ
404 862 477 924 Pac.
493 879 566 944 397.
590 863 755 944 ἐνδελεχῶς
776 863 824 925 ἀεὶ
846 859 999 924 Menand.
1014 859 1099 947 apud
1116 862 1267 924 Ammon.

169 986 200 1028 v.
215 963 260 1043 ἧς.
286 965 386 1028 POR.

215 1066 304 1144 1408.
329 1067 429 1150 όριλίη
450 1065 561 1148 χθονὸς
582 1078 664 1128 recta
682 1065 799 1152 cepisse
823 1065 947 1129 videtur
969 1065 1174 1152 Musgravius
1195 1087 1269 1129 con·

166 1167 333 1231 arcetudine
355 1177 463 1244 terrra,
479 1165 564 1253 quod
588 1166 619 1229 in
640 1189 709 1230 eam
724 1167 855 1231 fortasse
874 1168 919 1231 ire
936 1184 1149 1245 consueverat,
1165 1166 1214 1230 vel
1235 1167 1266 1230 in

166 1291 203 1332 ea
218 1285 342 1356 tempus
363 1269 490 1355 aliquod
515 1283 716 1354 transegerat.
762 1270 813 1334 Sic
837 1270 947 1334 AEsch.
962 1272 1059 1335 Eum.
1074 1290 1147 1355 403.
1165 1271 1268 1350 καινὴν

165 1369 191 1437 δ’
207 1375 307 1453 ὁρῶσα
328 1371 406 1451 τήνδ’
423 1372 543 1452 ὁμιλίαν
564 1374 683 1455 χθονός,
699 1374 721 1435 i.
738 1395 763 1435 e.
786 1372 878 1436 τόσδε
900 1376 1063 1453 όμιλοόσας
1084 1377 1182 1457 χθονί,
1204 1376 1231 1437 F
1234 1397 1269 1437 11-

165 1474 237 1554 rias,
252 1497 325 1561 quoe
339 1474 446 1538 eodem
464 1473 558 1536 modo
572 1472 777 1559 designantur
798 1475 872 1556 708.
895 1478 943 1538 καὶ
959 1475 1017 1556 μὴν
1038 1482 1166 1557 βαρεῖαν
1187 1475 1265 1555 τήνδ’

166 1579 287 1657 ὁμιλίαν
302 1578 412 1661 χθονὸς
426 1576 595 1657 ξύμβουλός
611 1580 669 1657 εἰμι
678 1582 816 1658 μηδαμῶς
831 1577 983 1657 ἀτιμόσαι.
1009 1577 1156 1642 Similiter
1168 1578 1266 1666 Soph.

167 1679 247 1743 OEd.
265 1682 301 1744 C.
319 1683 370 1744 61.
395 1679 515 1743 τοιοῦτό
535 1704 584 1741 σοι
604 1678 684 1741 ταῦτ’
701 1681 794 1755 ἐστίν,
811 1677 833 1742 ὦ
849 1677 920 1758 ξέν’,
935 1681 969 1742 οῦ
991 1681 1093 1762 λόγοις
1106 1679 1265 1760 Τιμόμεν’,

166 1784 249 1847 ἀλλὰ
263 1787 298 1861 τῇ
312 1780 454 1865 ξυνουσίᾳ
468 1780 574 1858 πλέον,
590 1782 808 1845 commorando
822 1784 857 1844 in
872 1803 909 1844 σα
924 1791 1021 1845 terra.
1045 1782 1235 1846 MATTH.

213 1903 307 1969 1409.
335 1884 522 1964 ἀπαλλαγεὶς
546 1900 697 1968 quattuor
721 1883 814 1948 codd.
850 1885 954 1949 Ceteri
978 1907 1050 1949 cum
1075 1884 1154 1949 Ald.
1181 1888 1269 1964 ἐξολ-

165 1988 280 2068 λαγείς.

212 2109 304 2165 1410.
322 2092 494 2176 τοῦπισθευ]
511 2093 716 2172 τοῦμπροσθεν
731 2090 796 2154 duo
809 2090 902 2154 codd.
939 2092 1130 2173 τᾶμπροσθεν
1145 2113 1237 2155 unus.

208 2190 351 2275 ἀμφέρει]
368 2194 514 2275 ἀναφέρει
529 2195 618 2258 Β.Η.
635 2204 667 2257 et
683 2216 792 2257 novem
808 2192 869 2257 alii.

90 2349 95 2357 .
211 2313 306 2379 1413.
323 2293 525 2380 σφονδύλους]
544 2293 730 2362 σπονδύλους
745 2295 838 2359 Leid.
855 2318 947 2359 unus.

211 2417 306 2483 1415.
321 2400 431 2483 πίτνει]
450 2397 652 2463 Scribebatur
665 2405 772 2463 πιτνεί.

212 2520 306 2586 1413.
330 2500 478 2580 θλλήλοιν
494 2502 540 2564 Η.
555 2500 679 2588 aliique.
725 2501 873 2588 Plerique
887 2501 1040 2582 ἀλλήλων,
1056 2502 1142 2589 quod
1165 2517 1211 2567 est
1232 2503 1265 2567 in

166 2605 206 2668 B.
221 2620 251 2668 et
269 2602 346 2668 Ald.

213 2721 303 2790 1415.
320 2708 463 2771 Οἰδίπους
484 2706 559 2769 ὅσον
581 2730 620 2770 ex
644 2706 737 2770 Leid.
754 2730 817 2770 uno
838 2723 870 2772 et
889 2706 995 2770 codice
1018 2705 1126 2792 Kingii
1148 2707 1263 2794 reposi-

164 2821 242 2871 tum.
290 2807 393 2872 Ceteri
413 2806 460 2870 vel
482 2811 607 2873 Οἰδίπου
630 2809 683 2876 σὸς
704 2809 756 2888 ῶν,
773 2809 858 2895 quod
881 2823 928 2872 est
949 2807 980 2870 in
1003 2810 1042 2873 Β.
1063 2823 1094 2871 et
1109 2808 1199 2886 Ald.‚
1215 2811 1264 2873 vel

164 2913 291 2975 Οἰδίπου
312 2911 396 2974 ὅσον.
437 2911 570 2975 “Valde
591 2912 707 2976 arridet
724 2913 900 2998 conjectura
923 2908 1064 2973 Elmsleii
1086 2910 1126 2974 ad
1150 2910 1262 2998 Eurip.

164 3012 253 3076 Med.
282 3031 374 3077 1101.
397 3010 543 3098 legentis:
570 3019 629 3096 φεῦ
654 3018 722 3096 φεῦ,
747 3021 843 3078 κακῶν
865 3020 938 3092 σῶν,
963 3014 1113 3086 Οἰδίπους,
1138 3012 1166 3077 α’
1189 3015 1264 3078 ὅσον

164 3115 267 3178 στένω.
307 3115 409 3202 Hipp.
435 3135 527 3200 1399.
551 3117 646 3180 σπίνω
676 3120 713 3179 σὲ
738 3122 868 3196 μᾶλλον,
897 3114 915 3194 ἢ
943 3114 1000 3194 ’μζ
1031 3119 1082 3194 τῆς
1111 3118 1262 3197 ἁμαρτίας.

164 3217 273 3281 AEsclr.
298 3220 404 3281 Prom.
429 3239 504 3304 397.
529 3220 624 3284 στένω
648 3246 684 3284 σε
706 3226 758 3288 τῶς
778 3220 942 3300 οὐλομένας
963 3218 1065 3304 τόχος,
1093 3224 1261 3300 Προμηθεῦ.

163 3322 212 3385 Ut
232 3320 291 3385 hoc
312 3323 381 3386 loco
396 3323 491 3387 στένω
506 3329 569 3387 σῶν
584 3329 690 3401 κακῶν,
705 3322 747 3386 sic
772 3322 879 3408 Iphig.
896 3325 942 3385 A.
958 3341 1030 3406 359.
1046 3320 1196 3389 Ἑλλάδος
1208 3323 1265 3401 μό-

162 3421 240 3487 λιστ’
258 3424 353 3507 ἔγωγε
368 3430 419 3504 τῆς
433 3428 621 3506 ταλαιπώρου
636 3423 760 3489 στένω.”
785 3426 975 3488 ΜΑΤΤΗ.

208 3528 302 3605 1416.
319 3529 479 3611 ἐκπλῆσαι]
499 3529 660 3608 ἐκπλήσειν
673 3526 794 3615 aliquot
808 3528 900 3592 codd.
917 3544 948 3592 et
963 3527 1041 3591 Ald.

208 3630 301 3709 1428.
325 3630 389 3693 ἐπεὶ
410 3630 503 3694 τέκνω
524 3629 644 3693 πεσόντ’
668 3630 808 3709 έλιπέτην
827 3632 898 3710 βίον
921 3630 998 3693 Ald.
1024 3629 1114 3693 Leid.
1140 3630 1176 3692 B.
1195 3631 1259 3694 Gu.

162 3733 292 3816 Mosqu.
305 3732 391 3795 Flor.
405 3750 434 3794 2.
445 3748 475 3817 5.
490 3734 521 3795 6.
537 3753 568 3815 9.
584 3733 629 3794 18.
645 3752 694 3798 11.
708 3732 779 3813 (uisi
790 3732 876 3818 quod
887 3733 952 3796 Gn.
968 3734 1097 3817 Mosqu.
1108 3733 1193 3795 Flor.
1209 3733 1258 3796 18.

163 3851 212 3897 11.
240 3833 408 3913 ἐλειπέτην,
422 3834 506 3896 Flor.
516 3852 549 3918 5.
560 3836 590 3898 6.
604 3855 635 3917 9.
653 3833 854 3917 έκλειπέτην).
871 3836 958 3920 Aug.
971 3834 1001 3897 d.
1016 3836 1121 3897 ann.
1151 3836 1189 3900 ῶς
1203 3839 1261 3916 γὰρ

160 3938 288 3999 πεσόντε
302 3936 380 4000 τέκν’
393 3937 548 4016 ἐλειπέτην
562 3940 633 4017 βίον
648 3936 732 3999 Flor.
746 3939 790 3999 A.
809 3957 854 3999 10.
871 3938 910 4003 ῶς
924 3940 981 4019 γὰρ
996 3937 1086 4002 etiam
1105 3938 1134 3999 I.
1152 3939 1190 4002 ὡς
1204 3940 1261 4018 γὰρ

160 4039 288 4100 πεσόντε
310 4038 390 4102 παῖδ’
406 4040 563 4118 ἐλειπέτην
576 4041 647 4119 βίον
663 4039 769 4104 Valck.
785 4038 883 4103 edidit
903 4065 920 4104 e
943 4039 1033 4104 Leid.
1053 4042 1096 4102 A.
1112 4055 1144 4103 et
1165 4039 1209 4103 sic
1232 4042 1259 4103 I.

161 4138 267 4203 Laud.
284 4139 370 4204 Flor.
385 4161 440 4227 33.
457 4141 527 4228 (ηοί
543 4140 697 4223 ἰλιπέτηυ)
712 4161 764 4226 34.
782 4144 871 4229 Aug.
886 4143 919 4206 b.
943 4143 1135 4206 MATTH.

207 4260 299 4328 1429.
325 4246 514 4329 προσπίτνει]
544 4244 749 4308 scribebatur
770 4252 953 4325 προσπιτνεῖ,
977 4260 1009 4307 et
1035 4248 1261 4325 προσπιτνοῦσα

163 4365 258 4431 1433.
306 4348 380 4409 Post
400 4365 491 4429 1419.
508 4346 696 4432 sequebatur
711 4369 820 4410 versus
835 4362 914 4410 recte
928 4347 968 4412 ab
985 4346 1190 4412 Valckenario
1204 4347 1259 4410 de-

160 4448 241 4515 letus
256 4449 313 4513 σὺν
327 4449 465 4535 παρθένῳ
479 4475 512 4513 τε
529 4452 576 4513 καί
589 4451 735 4534 προθυμίη
749 4451 848 4515 ποδός.
