2864 4914
342 272 410 337 AD
433 271 737 338 IPHIGENIAM
760 270 1092 340 AULIDENSEM.
1204 271 1268 334 455

341 445 552 531 ταξιάρχοισι.]
576 453 647 511 λεν·

343 547 486 628 κῆρετμον
500 547 524 612 δ’
542 546 678 634 [έτασσ’]
690 547 767 630 Ἀρη

340 648 462 731 Τάφιον
475 651 593 732 ῆγεμων
607 647 721 731 Μέγης,

342 750 467 820 Φυλέως
480 755 625 836 λόχευμα

340 856 395 921 τὰς
407 852 531 938 Ἐχίνας
544 856 641 919 λιπὸν
657 853 756 940 [θοαῖς
772 851 893 939 ναυσὶν]

342 955 450 1034 νήσους
465 955 627 1038 ναυβάταις
641 956 861 1038 άπροσφάρους.
950 952 1103 1017 HERM.

215 1073 288 1136 286.
303 1073 463 1157 Ἐχινάδας
478 1075 520 1139 Ις.
536 1073 675 1138 Vossius.
713 1072 804 1138 Libri
817 1072 967 1156 Ἐχίδνας.

215 1176 396 1260 289-293.
426 1177 663 1261 Δίας-ναυσίν]
705 1176 788 1240 Haec
818 1196 946 1262 quoque
972 1172 1143 1260 majoribus
1170 1196 1265 1260 quam

170 1256 260 1340 inetri
283 1277 366 1342 vitiis
386 1277 497 1343 affecta
518 1301 583 1343 esse
601 1277 830 1367 apertissimum
854 1293 910 1342 est.
957 1277 1008 1341 Ne
1029 1296 1266 1340 commemorem

169 1377 275 1465 inepte
290 1379 426 1466 positum
441 1381 596 1458 πλάταισι,
612 1404 648 1445 ea
662 1380 713 1445 hic
726 1392 904 1459 namntur,
918 1402 991 1467 quoe
1008 1378 1100 1466 plane
1114 1377 1268 1442 contraris

169 1493 244 1542 sunt
264 1480 358 1543 lamae
379 1481 420 1546 sb
443 1484 586 1545 Homero
610 1480 755 1569 proditae,
780 1480 871 1568 eique
897 1479 962 1556 toli,
989 1490 1025 1543 ot
1050 1499 1118 1541 eam
1144 1492 1266 1540 mutare

170 1579 258 1644 nullo
283 1583 378 1647 modo
400 1583 530 1648 licuerit.
577 1583 795 1649 Praedicantur
823 1582 904 1647 enim
930 1581 971 1646 de
997 1582 1108 1668 Ajace,
1132 1602 1205 1666 quoe
1233 1579 1265 1643 in

170 1682 297 1748 Ulixem
314 1685 442 1766 eadunt,
456 1709 555 1774 eaque
568 1686 612 1751 sic
627 1700 662 1751 ut
677 1686 744 1773 ipso
759 1686 839 1751 inter
853 1709 886 1750 se
900 1698 1053 1773 pugnent.
1089 1684 1171 1746 Nam
1187 1705 1265 1770 qoo-

168 1784 263 1850 modo
276 1786 358 1852 idem
375 1804 406 1853 et
420 1789 610 1877 conjungere
632 1802 803 1875 utrumque
823 1809 919 1852 cornu
936 1800 968 1852 et
982 1800 1064 1851 stare
1078 1783 1109 1849 in
1124 1799 1265 1849 extremo

167 1885 292 1953 sinistro
306 1890 433 1977 potuit?
456 1893 539 1955 Nam
554 1891 586 1955 in
601 1890 714 1955 dextro
728 1889 890 1954 emtionem
905 1889 1001 1954 fuisse
1016 1887 1151 1954 Achillis
1170 1909 1266 1974 supra

166 1990 290 2056 dixerat
302 2015 333 2056 υ.
350 2012 421 2080 235.
460 1995 572 2059 Ulixes
591 1994 618 2059 is
631 2009 709 2073 erat,
725 1994 781 2081 qui
795 1993 883 2081 quod
904 1993 1041 2058 medium
1063 1994 1164 2057 locum
1180 2007 1264 2057 tene·

168 2107 227 2168 ret,
249 2095 439 2181 conjungere
463 2119 581 2160 cornus
601 2093 753 2159 dicendus
774 2110 858 2159 erat:
883 2094 913 2157 in
940 2092 1149 2181 eumdemque
1171 2093 1264 2159 etiam

168 2191 246 2257 illud
260 2196 396 2282 quadrat
416 2203 476 2261 τῶν
497 2199 596 2262 ἆσσον
617 2199 707 2278 ὥρμει
727 2194 865 2274 πλάταις,
881 2217 980 2282 quum
1005 2197 1166 2259 Homerus
1184 2219 1263 2282 quo-

168 2316 241 2380 que,
269 2297 322 2361 ubi
349 2297 487 2362 Dulichii
516 2313 548 2362 et
574 2298 772 2362 Echinodum
799 2297 903 2384 copias
931 2296 1136 2374 enumeravit,
1160 2298 1264 2362 stetim

167 2396 281 2462 addat:
306 2401 398 2481 αὐτὰρ
411 2399 576 2468 Ὀδυσσεὺς
589 2399 645 2482 ἥγε
657 2403 860 2482 Κεφαλλῆνας
873 2401 1069 2482 μεγαθύμους.
1108 2400 1160 2465 De
1173 2401 1264 2487 cujus

167 2499 298 2564 statione
313 2500 412 2588 iisque
426 2501 480 2590 qui
495 2501 526 2565 in
542 2501 700 2566 oomubus
714 2516 813 2579 erant,
825 2501 1056 2567 celebratissimi
1069 2525 1175 2567 versus
1189 2515 1264 2568 sunt

170 2599 209 2664 Il.
227 2606 268 2682 Θ,
285 2621 355 2669 222.

252 2726 309 2800 στῆ
324 2719 348 2785 δ’
365 2720 409 2786 ἐπ’
424 2722 592 2802 Ὀδυσσῆος
605 2722 765 2804 μεγακήτεϊ
779 2722 829 2802 νηὶ
841 2723 980 2808 μελαίνῃ,

251 2824 271 2901 ῆ
284 2822 314 2905 ρ’
332 2827 365 2888 έν
378 2825 519 2911 μεσσάτῳ
536 2826 617 2902 έσκε,
632 2823 804 2906 γεγωνέμεν
819 2825 1025 2906 ἀμφοτέρωσε,

250 2926 325 3004 ἠμέν
340 2925 385 2990 ἐπ’
402 2930 527 2995 Αἴαντος
542 2928 660 3007 κλισίην
672 2925 920 3007 Τελαμωνιάδαο,

251 3024 294 3105 ἠδ’
311 3025 356 3090 ἐπ’
371 3029 544 3110 Ἀχιλλῆος,
558 3031 607 3092 τοί
618 3025 648 3110 ῥ’
665 3027 781 3111 ἔσχατα
796 3032 868 3108 νῆας
883 3027 969 3096 ἐίσας

252 3131 383 3210 εἴρυσαν,
399 3128 505 3211 ἠνορέῃ
520 3131 640 3194 πίσυνοι
655 3130 702 3193 καὶ
717 3128 817 3211 κάρτεϊ
830 3135 948 3214 χειρῶν.

163 3249 216 3312 Ex
239 3246 286 3311 his
306 3246 396 3311 focile
417 3245 601 3334 intelligitur
622 3269 758 3325 versum,
773 3270 838 3334 quo
853 3247 962 3334 Ajacis
984 3249 1100 3314 mentio
1123 3252 1168 3329 fit,
1192 3250 1261 3316 loco

164 3374 223 3415 suo
238 3364 357 3414 motum
373 3373 456 3424 esse;
480 3348 576 3437 idque
590 3365 689 3413 metro
703 3348 906 3423 confirmant;
930 3372 1002 3436 quoe
1015 3365 1120 3415 autem
1135 3352 1176 3415 de
1189 3375 1260 3417 con-

159 3452 331 3540 jungendis
353 3451 512 3517 cornubus
533 3450 691 3529 dicuntur,
706 3449 746 3514 ed
768 3449 892 3514 Ulixem
913 3467 1063 3539 spectare,
1078 3453 1170 3540 cujus
1191 3454 1259 3519 nul-

164 3555 224 3618 lam
241 3555 299 3619 hoc
314 3577 450 3629 carmen,
466 3553 513 3618 uti
528 3553 560 3617 in
575 3551 661 3616 libris
676 3551 800 3638 legitur,
816 3551 910 3617 habet
925 3554 1115 3621 memoriam.
1143 3555 1259 3643 Itaque

163 3657 263 3722 lacera
278 3658 453 3744 fragmenta
467 3654 572 3719 licebit
587 3653 630 3718 sic
645 3652 819 3741 integrare:

335 3775 479 3861 [Λαρτίου
492 3778 563 3840 παῖς
577 3774 625 3859 δὲ]
641 3775 725 3859 δεξιῷ
742 3770 828 3855 κέρας
938 3845 943 3854 ,

333 3879 423 3942 λαιὸν
438 3875 502 3964 [ὃς]
517 3880 636 3957 ξυνᾶγε,
652 3881 711 3939 τῶν

332 3981 433 4044 ὅσσον
446 3981 536 4060 ὥρμει
549 3977 685 4046 πλάταις·

331 4084 406 4149 Aloe
421 4081 448 4145 θ’
463 4083 479 4144 ά
495 4086 667 4161 Σαλαμῖνος
680 4078 835 4162 ἔντροφος,

333 4183 493 4267 ἐσχάταισι
507 4182 686 4263 συμπλέκων

333 4284 430 4350 δώδεκ’
447 4284 719 4367 εὐστροφωτάταισι
734 4286 850 4350 ναυσίν.
939 4287 1093 4352 HERM.

205 4441 277 4505 290.
294 4421 370 4506 λαιᾷ
385 4423 493 4504 ξύναγε
508 4420 606 4500 δεξιὸν
620 4418 722 4505 κέρας]
746 4421 820 4484 Ηοα
836 4443 875 4486 ex
892 4422 931 4486 L.
949 4420 1106 4486 Diodorlii
1120 4422 1255 4490 editione

661 4544 680 4585 G
696 4540 756 4608 84
