2864 4914
161 266 226 331 458
528 262 907 329 ANNOTATIONES

201 451 277 522 370.
302 432 453 499 Eubulus
475 433 563 521 apud
589 433 709 498 Athen.
735 454 786 521 13.
811 457 846 522 p.
868 435 934 520 569
953 436 998 500 A.
1020 454 1043 499 ι
1068 433 1279 501 ΜιῐΙιΙιιιῶο

158 552 367 627 comparatus,
381 535 532 606 Ἑλλάδος
545 538 643 620 lueys
655 540 708 616 τῆς
721 538 911 619 mudena
925 536 1033 602 στένω.

201 657 277 726 373.
302 639 473 704 Manifeste
493 652 678 727 corruptum
692 652 741 704 est
760 638 879 723 χρέους,
892 638 982 727 quod
1002 636 1097 703 nulls
1111 638 1275 727 pmbnbdi

159 742 280 806 ratione
307 740 456 827 explicari
483 754 598 828 potest.
640 739 851 829 Aptissimum
880 739 922 806 sd
950 762 1077 807 sursum
1104 754 1160 807 est
1183 739 1273 828 qiud

160 842 310 909 Reiskius
323 843 456 929 conjecit
470 843 586 926 γένους.

203 965 279 1031 374.
298 945 593 1033 Interpungendum
609 961 681 1033 post
695 945 787 1028 ἔχειν,
800 947 911 1013 ntum
921 956 1029 1010 cutm
1043 943 1088 1010 ed
1103 944 1276 1033 aquatis

160 1047 371 1113 referendum.
417 1047 547 1112 Monuit
561 1049 776 1112 Hermsunus.

203 1167 244 1235 37
246 1166 280 1234 5.
295 1151 406 1218 πόλεος
420 1149 563 1215 Grotius.
588 1152 704 1218 πόλεως
717 1148 799 1214 libn'.

202 1254 277 1338 376.
293 1270 368 1337 377.
383 1253 489 1318 Affert
503 1253 562 1318 bos
575 1275 683 1318 versus
699 1252 844 1318 Stobeus
859 1252 911 1332 84,
925 1271 959 1336 3.

203 1354 279 1439 378.
300 1355 454 1435 βούλομαί
473 1354 501 1417 σ’
518 1358 612 1420 εἰπεῖν
634 1361 727 1423 κακῶς
748 1353 797 1440 εὖ]
813 1357 997 1441 lucrm,
1010 1351 1067 1417 sed
1087 1353 1186 1418 maio
1206 1374 1277 1418 eer-

161 1465 244 1534 νοω,
266 1478 337 1520 cum
359 1458 549 1520 uerecundia
570 1457 717 1545 quodam,
739 1455 961 1543 interpretatur
983 1453 1149 1520 Matthia.
1199 1456 1277 1519 Hoc

160 1557 255 1623 modo
269 1557 326 1622 etsi
340 1557 488 1645 explicari
505 1561 537 1624 εὖ
555 1571 669 1645 potest,
685 1558 848 1623 fatendum
865 1573 967 1622 temen
982 1569 1031 1621 est
1043 1555 1141 1621 valde
1162 1554 1277 1643 inepte

159 1674 285 1747 poetam
314 1659 511 1746 conjunxisse
539 1659 688 1725 adverbia
718 1664 812 1728 κακῶς
842 1662 886 1724 εὖ.
930 1657 1026 1738 Quod
1053 1678 1162 1744 quum
1194 1657 1276 1723 mibi

159 1783 272 1849 perum
302 1761 450 1826 credibile
478 1760 633 1840 videntur,
661 1776 745 1826 recte
775 1759 1002 1826 Mnrklsudum
1026 1760 1064 1825 οῶ
1094 1761 1277 1826 uomuisse

160 1879 250 1951 puto,
265 1863 339 1928 lieet
351 1863 383 1928 in
400 1865 433 1929 εὖ
445 1863 619 1929 consentiat
636 1864 781 1929 Stoboeus
795 1882 849 1948 31,
865 1882 896 1931 ν.

202 1990 277 2060 379.
292 1973 545 2057 σωφρονεστέρως
558 1990 732 2039 nomentum
744 1995 784 2038 ex
799 1972 936 2037 stobaeo.
957 1943 1180 2053 oedpoveoress
1193 1966 1276 2032 ΑΜ.

159 2075 247 2162 quod
273 2077 523 2160 σωφρονέστερον
551 2075 716 2163 significat,
742 2096 806 2139 non
831 2073 1089 2157 σωφρονέστερος,
1115 2076 1213 2160 quod
1242 2074 1276 2138 in

160 2178 381 2244 Brubaobinna
402 2179 532 2266 aliisque
557 2178 747 2244 editionibus
770 2177 908 2266 positum
929 2192 987 2241 est.
1031 2178 1084 2241 De
1110 2177 1277 2265 scriptun

160 2281 304 2346 codicum
320 2302 382 2345 non
397 2296 526 2347 onustat.

202 2384 278 2467 380.
301 2382 379 2448 Ald.
401 2384 476 2464 ἀνὴρ
496 2387 554 2465 γὰρ
576 2383 700 2466 αἰσχρὸς
722 2382 845 2448 altem
861 2383 896 2446 οὗ
916 2387 1009 2464 φιλεῖ.
1054 2382 1125 2445 Pro
1140 2381 1275 2466 αἰσχρὸς

160 2485 261 2549 Florr.
289 2506 315 2548 1.
336 2505 365 2550 ο.
391 2488 530 2569 αἰσχρῶς.
575 2484 768 2549 Particuiam
792 2486 828 2549 αὖ
853 2497 1061 2571 transponunt
1081 2481 1182 2548 oodd.
1208 2500 1274 2549 tres

159 2589 249 2652 Part.
264 2587 330 2652 duo
347 2590 450 2653 Flort.
465 2589 518 2652 οὐκ
538 2591 697 2653 αἰδεῖσθαι.
716 2589 847 2674 (ἑδεῖσθβ
860 2585 954 2670 Vict.)
972 2590 1059 2669 φιλεῖ
1078 2585 1173 2651 Stob.
1191 2588 1271 2669 ἀνὴρ

159 2695 217 2773 γὰρ
230 2691 362 2775 χρηστὸς
375 2691 509 2774 χρηστὸν
524 2695 673 2756 αἰδεῖσθαι
688 2698 782 2773 φιλεῖ.
830 2692 941 2754 Veram
963 2689 1128 2754 lectionem
1144 2690 1179 2753 in
1199 2692 1273 2755 Sto-

159 2793 229 2858 baeo
245 2793 378 2857 restituit
394 2794 536 2871 Grotius,
552 2808 584 2857 et
599 2793 670 2857 hinc
686 2794 716 2856 in
734 2791 890 2879 Euripide
906 2790 1024 2856 Markl.
1048 2791 1258 2857 MATTH.

202 2895 277 2979 382.
293 2896 396 2978 χρήστ’
413 2897 482 2979 ἐρᾷς
497 2895 663 2959 Heathius
689 2898 758 2980 ἐρᾷς
771 2899 886 2978 χρηστα
901 2893 1029 2959 oodioes.
1055 2895 1127 2977 έρᾷς
1142 2920 1181 2976 γε
1197 2922 1272 2979 χρη-

161 2998 219 3059 στὰ
236 2994 312 3059 Ald.

202 3098 277 3182 384.
293 3101 333 3162 δῶ
348 3099 412 3162 σῶν
427 3099 590 3164 Dawesius
602 3099 695 3163 Misc.
707 3098 776 3163 crit.
791 3121 824 3186 p.
834 3118 910 3184 341.
932 3097 1023 3162 Libri
1037 3099 1139 3162 odon.
1164 3100 1273 3166 Hunc

159 3197 261 3264 locum
284 3199 424 3264 imitatur
446 3201 571 3265 Ennius
592 3201 677 3288 apud
694 3203 716 3264 J
721 3201 765 3264 ul.
782 3199 988 3264 Rufinianum
1003 3198 1044 3262 de
1066 3198 1121 3285 fig.
1138 3216 1225 3266 sent.
1240 3217 1274 3267 et

159 3301 235 3366 eioc.
250 3326 277 3366 c.
292 3320 344 3386 37.
359 3327 379 3366 α
394 3305 535 3366 Porsono
549 3302 712 3367 indicatus.

202 3423 278 3489 392.
293 3407 312 3485 ἡ
327 3405 361 3469 ot
375 3405 420 3492 γ’]
435 3406 491 3489 ἦγε
507 3405 530 3472 δ’
548 3405 706 3469 Matthiae.

202 3527 277 3593 393.
295 3506 477 3589 κάξέπραξεν
491 3508 623 3572 codices·
648 3507 812 3590 ἐξέπραξεν
827 3506 904 3571 Ald.

202 3626 291 3694 394⁸.
315 3610 459 3691 σσράτενέ
479 3610 507 3692 γ’
528 3610 570 3694 (γ’
593 3633 656 3675 orn.
680 3611 755 3674 Par.
771 3611 857 3674 Α.Β.
880 3622 912 3673 et
933 3608 1064 3673 fortasse
1086 3607 1273 3676 Florentini

158 3712 314 3797 quoque),
330 3712 412 3792 οἶμαι
433 3712 468 3786 δ’,
486 3716 553 3801 εἴσῃ
567 3716 662 3799 μωρίᾳ
683 3715 817 3799 φρενῶν]
839 3714 955 3776 Versus
976 3725 1158 3798 corruptus,
1171 3714 1275 3801 cujus

159 3812 343 3878 nulladum
366 3814 493 3879 inventa
515 3829 562 3879 est
584 3815 657 3879 satis
678 3830 764 3879 oerta
784 3814 968 3878 emendatio.
1015 3812 1276 3881 Heatbiooorri-

157 3915 297 4002 gendum
314 3915 481 3980 videbatur
495 3918 546 3984 οὓς
567 3918 675 3997 λαβὼν
689 3916 833 3998 στράτενέ
854 3915 892 3997 γ’·
912 3915 1004 3995 οἶμαι,
1018 3916 1135 3998 μωρίαν
1155 3915 1183 3980 δ’
1200 3921 1274 4005 εἴσῃ

159 4027 291 4207 φρὲἒῖζ.
309 4123 343 4186 οὐ
357 4123 606 4210 γὰρ-συνιέναι]
626 4123 692 4188 Ηὶο
706 4145 814 4187 versus
827 4119 954 4186 scoessit
968 4142 1007 4183 ex
1024 4118 1216 4208 Theophilo
1230 4125 1276 4190 ed

159 4225 269 4288 Autol.
288 4244 318 4302 2,
333 4247 385 4310 54
401 4241 433 4290 et
450 4226 575 4290 Stobaeo
591 4228 644 4305 28,
662 4247 711 4290 10.

200 4346 242 4412 39
243 4342 274 4424 5
291 4326 606 4413 σονηναγκασμένους]
624 4326 921 4410 κατηναγκασμένους
938 4324 1095 4390 Stobaeus

201 4433 275 4514 396.
297 4432 374 4495 Post
388 4431 478 4495 τέκνα
492 4446 629 4518 ponatur
642 4452 782 4495 somma:
806 4451 875 4493 nem
892 4425 1046 4515 particula
1059 4425 1095 4488 οὗ
1108 4425 1212 4492 etiam
1229 4429 1276 4495 ed
