2864 4914
190 276 255 342 246
552 279 929 344 ANNOTATIONES

190 448 244 514 sed
258 470 371 536 quum,
385 471 457 535 quas
472 449 609 514 studiose
622 449 705 515 facta
720 449 750 514 in
772 451 937 538 perniciem
953 448 1087 536 alicujus
1100 459 1238 526 vertunt,
1254 471 1291 512 ea

189 551 240 616 hic
261 553 347 639 apud
370 553 485 616 inferos
506 567 696 617 tractaturus
717 553 852 630 dicatur,
872 555 991 617 Creusa
1012 551 1099 638 apud
1121 551 1238 616 inferos
1258 574 1292 616 se

188 669 339 719 ornatura
359 677 425 719 esse
449 655 574 733 dicitur,
597 654 683 742 quod
708 678 793 721 nunc
818 655 933 744 cupide
957 677 1025 720 earn
1048 654 1203 718 facturam
1224 676 1292 718 esse

189 759 315 824 Chorus
330 758 491 844 praevidet.
515 761 706 825 MATTH.

231 861 305 946 986.
330 860 441 944 Ἕρκος
467 885 525 948 pro
549 865 665 928 δίκτυον
694 862 908 951 accipiendum
938 875 1044 925 monet
1073 858 1292 946 Musgravius.

162 999 164 1004 v
190 963 387 1051 Hesychius:
421 962 556 1047 Ἔρκεσι.
593 969 726 1034 δικτύοις.
762 971 922 1049 Σοφοκλῆς
953 964 1118 1045 Ἀθάμαντι
1154 963 1292 1050 δευτέρῳ.

190 1066 298 1131 Idemt
317 1064 436 1148 Ἕρκος.
458 1067 551 1149 ἤγουν
570 1069 719 1152 φραγμὸς,
739 1071 778 1137 ὡς
800 1070 845 1144 τό,
864 1072 1011 1150 Αίμασιᾶς
1024 1067 1174 1146 λέξοντες.
1191 1068 1291 1146 ἀλωῆς

188 1170 312 1252 ἔμμεναι
333 1171 418 1251 έρκος
439 1170 515 1253 (Οό.
530 1177 571 1236 Ω.
588 1173 686 1257 223).
707 1174 756 1237 καὶ
774 1174 870 1238 λίνον·
896 1170 968 1258 [Ὡς
988 1169 1012 1235 δ’
1029 1168 1070 1233 ὅτ’
1087 1169 1125 1234 ἃν
1147 1166 1165 1248 ἢ
1188 1170 1291 1252 κίχλαι

188 1275 406 1355 τανυσίπτεροι,
422 1275 456 1354 ἠέ
471 1274 616 1362 πέλειαι,]
634 1278 713 1358 έρκει
729 1275 907 1355 ἐνιπλήξωσι
922 1272 1001 1360 (οθ.
1017 1279 1056 1337 X.
1067 1270 1169 1356 469.).
1191 1271 1292 1335 Plura

188 1391 410 1461 congesserunt
424 1375 617 1462 interpretes.
640 1377 756 1442 ELM.

232 1478 307 1561 988.
323 1478 534 1561 προσλήψεται
547 1501 611 1543 om.
630 1481 668 1544 Β.
685 1482 778 1544 Rom.
795 1480 919 1544 B.C.D.
936 1481 1044 1542 Harn.
1059 1491 1091 1541 et
1106 1477 1198 1540 Lasc.

233 1580 307 1664 989.
329 1583 555 1663 r‘rncrdpapeirot
578 1584 747 1647 Porsonus.
783 1581 873 1658 Libri
896 1583 1119 1664 ὑπερφεθξεται,
1135 1578 1222 1665 quod
1244 1592 1291 1642 est

189 1679 341 1766 glossema
364 1681 526 1769 scripturas
547 1699 703 1770 corruptae
725 1687 961 1768 ὑπερδραμεῖται,
976 1684 1067 1770 cujus
1089 1681 1216 1770 syllabis
1237 1680 1290 1745 tri-

189 1785 249 1848 bus
274 1785 437 1871 postremis
461 1787 706 1874 superscriptum
733 1787 795 1853 fuit
824 1787 974 1872 φεύξεται,
1002 1785 1087 1850 unde
1110 1800 1216 1849 ortum
1240 1797 1286 1848 est

188 1887 318 1951 verbum
336 1888 517 1952 inusitatum
533 1892 757 1973 ὑπερφεόξεται.

233 2010 306 2075 990.
331 1993 463 2071 κηδεμὼν
484 1993 650 2077 τυράννων]
676 1994 819 2073 Κηδεμὼυ
844 2016 903 2081 pro
925 1993 1061 2072 κηδεστό.
1086 1989 1288 2078 Hesychius:

190 2095 366 2174 Κηδεμόνες.
391 2096 576 2177 φροντισταὶ,
599 2096 759 2179 εὐεργέται,
784 2097 832 2161 καὶ
857 2099 886 2161 οἱ
908 2095 969 2160 κατ’
991 2095 1151 2178 ἐπιγαμίαν
1174 2096 1288 2158 οίκεῖοι.

189 2194 245 2260 Gl.
259 2196 346 2283 apud
370 2197 566 2261 Brunckium
589 2199 718 2281 γαμβρέ.
763 2197 862 2263 Plura
874 2198 915 2263 de
936 2198 994 2262 hac
1017 2194 1288 2261 reValckenarius

187 2297 229 2362 ad
252 2298 365 2365 Phoen.
392 2320 468 2385 431.
491 2301 608 2365 ELM.
654 2302 693 2365 In
717 2301 795 2365 Ald.
817 2301 883 2366 duo
904 2323 1023 2379 versus,
1048 2322 1184 2386 quorum
1208 2297 1289 2363 alter

189 2407 249 2483 κηδ.
266 2428 327 2484 τυρ.

231 2526 305 2591 993.
323 2507 361 2570 In
378 2505 455 2571 Ald.
471 2506 536 2571 duo
551 2530 670 2586 versus,
685 2529 820 2594 quorum
837 2507 914 2571 alter
928 2507 969 2571 ab
985 2508 1088 2591 θλόχῳ
1103 2504 1221 2591 incipit.

230 2612 370 2693 ὀλέθρων
390 2610 513 2697 βιοτὰν]
540 2610 745 2675 Scribendum
770 2613 898 2693 ὀλεθρον
920 2615 1020 2694 βιοτᾷ.
1061 2611 1169 2673 “Non
1191 2607 1288 2672 miror

187 2713 326 2795 ὀλέθριον
339 2715 447 2792 βιοτὰν
462 2736 520 2799 pro
534 2728 618 2777 certa
633 2728 732 2778 morte
747 2713 865 2778 dictum
883 2714 956 2777 viris
972 2713 1071 2778 doctis
1084 2710 1287 2798 displicuisse.

188 2815 281 2892 Quod
306 2814 452 2878 Reiskius
468 2815 608 2900 conjecit,
624 2819 762 2898 ὄλεθρον,
779 2817 814 2881 οό
827 2821 945 2896 βιοτὰν,
961 2817 1018 2880 etsi
1041 2838 1102 2879 non
1120 2813 1209 2878 valde
1230 2815 1287 2877 bo-

187 2938 276 2994 num,
292 2916 403 2980 melius
417 2931 463 2980 est
485 2917 662 3003 Musgravii
684 2917 948 3005 interpretatione,
963 2920 1107 2983 exitiales
1128 2940 1200 3005 opes
1223 2917 1287 2980 sive

172 3021 362 3106 fidelitates.
409 3020 443 3083 Is
462 3019 542 3083 enim
558 3024 666 3099 βιοτὰν
680 3021 789 3085 eodem
804 3045 894 3085 sensu
911 3022 1097 3086 sumendum
1113 3020 1285 3098 contendit,

186 3146 252 3208 quo
273 3125 378 3202 βίοτον
400 3145 430 3187 v.
452 3125 654 3205 1070.1076.
701 3122 843 3187 Melioris
864 3124 1027 3211 scripturae
1048 3125 1179 3212 vestigia
1199 3123 1287 3187 exhi-

186 3226 261 3290 bent
281 3225 422 3290 nonnulli
445 3224 526 3290 libri.
551 3229 645 3290 Rom.
662 3228 835 3292 A.B.C.D.
852 3227 991 3310 ὀλέθριον
1005 3229 1120 3307 βιοτάν.
1168 3227 1229 3291 Sed
1253 3227 1285 3291 in

186 3331 230 3392 A.
246 3353 341 3416 supra
357 3328 506 3417 scripturn
531 3335 560 3414 ᾷ,
577 3346 613 3394 ut
635 3329 675 3395 sit
695 3335 795 3414 βιοτᾷ.
812 3332 902 3419 Mag.
921 3333 966 3416 [et
982 3331 1068 3395 Flor.
1085 3334 1127 3415 2.]
1147 3334 1285 3412 ὀλεθρον.

187 3431 273 3495 Ηίυα
288 3432 388 3496 oritur
402 3455 475 3495 vera
492 3432 646 3518 scriptura
660 3435 789 3515 ὀλεθρον
806 3435 906 3518 βιοτᾷ,
922 3457 1016 3520 quam
1037 3433 1178 3521 agnoscit
1200 3433 1287 3497 scho-

186 3532 300 3612 liastes,
322 3534 413 3621 cujus
434 3535 530 3599 verba
553 3534 596 3598 ita
622 3534 754 3623 legenda
777 3551 868 3601 sunt:
897 3537 940 3601 Σὺ
961 3535 984 3600 δ’
1011 3535 1035 3600 ὦ
1057 3537 1170 3601 τάλανι
1198 3543 1284 3601 τοῦτο

186 3635 260 3716 πρὸς
281 3634 405 3700 ’ίθσονα
433 3638 592 3701 ἀποτείνει.
623 3639 755 3718 κηδεμὼν
787 3642 819 3703 δέ
845 3643 925 3721 παρὰ
954 3640 988 3703 τὸ
1012 3644 1107 3719 κῆδος,
1138 3641 1204 3703 ὀντὶ
1233 3644 1285 3702 τοῦ

187 3738 316 3821 γαμβρέ.
340 3740 430 3813 asts,
448 3742 552 3818 φησὶν,
568 3740 592 3804 ὀ)
608 3740 653 3806 ἐπ’
665 3743 780 3830 ὀλέθρῳ
795 3747 935 3827 γινόμενε
950 3746 1057 3826 νυμφίε
1073 3748 1124 3822 τῆς
1139 3745 1283 3823 Γλαύκης,

188 3843 236 3907 καὶ
252 3844 453 3924 έπιγαμβρίον
467 3846 519 3906 οὐκ
542 3845 649 3928 εὐτυχῆ
670 3848 778 3924 ταύτην
795 3849 869 3928 πρὸς
890 3846 957 3914 τοὺς
977 3852 1117 3926 βασιλεῖς
1140 3848 1283 3929 ἐσχηκὼς,

187 3947 314 4026 ὀλεθρον
328 3952 391 4012 τοῖς
405 3947 494 4009 αὐτοῦ
509 3948 596 4011 παισὶ
612 3948 659 4011 καὶ
673 3950 707 4027 τῇ
724 3950 823 4032 νύμφῃ
839 3937 1073 4027 κατασκευόζεις,
1090 3949 1125 4012 οὗ
1136 3950 1236 4014 συνεὶς
1249 3948 1284 4011 τό

188 4046 233 4112 ἔπ’
256 4046 371 4132 ὀλέθρῳ
392 4048 561 4132 μηχάνημα
594 4054 683 4134 βιοτᾷ
706 4053 738 4114 δὲ
761 4052 875 4125 παισὶν,
899 4053 965 4115 ἀντὶ
985 4056 1037 4114 τοῦ
1057 4053 1092 4138 τῇ
1114 4054 1203 4136 βιοτᾷ
1223 4057 1282 4114 τῶν

187 4152 308 4214 παίδων.
346 4152 452 4238 Vulgo
465 4151 592 4238 quidem
617 4152 731 4240 legitur
742 4158 850 4234 βιοτὰν
864 4157 897 4218 δὲ
915 4154 1031 4231 παισὶν,
1047 4154 1101 4218 sed
1124 4153 1286 4239 sequentia

191 4252 283 4316 verba
305 4253 378 4316 satis
399 4254 568 4318 ostendunt
589 4257 825 4340 grammaticum
841 4262 930 4342 βιοτᾷ
952 4257 983 4320 in
999 4256 1144 4344 exemplo
1158 4281 1215 4321 suo
1228 4256 1281 4320 ha·

187 4354 301 4419 buisse.
346 4355 465 4420 Eadem
489 4373 535 4420 cst
558 4357 636 4420 ratio
651 4359 785 4425 duorum
807 4361 982 4425 dativorum
1005 4363 1110 4425 παισὶν
1131 4374 1162 4423 et
1184 4361 1286 4442 βιοτᾷ,

185 4481 259 4545 qua
274 4458 408 4523 duorum
432 4459 677 4526 accusativorum
699 4462 731 4527 in
756 4464 925 4530 Homerico
944 4463 997 4529 illo
1013 4466 1044 4528 τί
1061 4464 1096 4529 δέ
1114 4489 1151 4527 σε
1173 4463 1286 4546 φρένας
