2864 4914
204 273 270 343 406
566 277 943 343 ANNOTATIONES

206 441 278 513 vide
298 458 389 514 notas
409 448 464 513 ibi.
509 452 638 536 Semper
658 449 732 516 alibi
755 472 813 536 pro
827 451 1024 535 interfectore
1039 447 1097 512 hac
1111 470 1188 512 voce
1200 443 1312 510 utitur

206 549 388 638 Euripides,
410 552 565 618 Androm.
586 573 655 635 172.
680 553 754 640 Iph.
777 555 857 618 Aul.
875 571 968 634 1190.
990 565 1023 616 et
1044 551 1167 637 passim.
1203 547 1311 614 Unde

206 651 258 718 bic
278 653 359 719 forte
381 654 577 720 scribendum
603 657 741 737 εὐθυντὴς
761 655 881 740 χθονὸς,
899 664 1001 719 rector
1022 664 1135 719 terroe:
1160 667 1196 716 ut
1216 651 1308 717 εὐθή-

207 781 266 820 νον
287 757 375 832 λαὸν,
398 779 513 846 regeas
531 760 694 847 populosa,
717 759 784 824 init.
805 757 960 822 Hecubae.
984 757 1114 822 εὐθύνων
1130 757 1224 820 πόλιν
1244 755 1309 818 So·
1376 828 1380 835 ι

207 857 309 945 pbocl.
325 859 438 947 Antig.
456 863 527 941 184.
550 877 581 926 et
603 878 707 927 noster
729 883 823 950 supra
839 884 901 924 ver.
916 860 990 941 418.
1006 859 1179 923 ἀπευθύνων
1199 854 1308 930 πόλιν,

207 960 319 1048 OEdip.
335 963 457 1049 Tyren.
474 983 546 1046 104.
570 964 654 1029 unde
676 969 827 1046 σκῆπτρον
849 961 1036 1044 εὐθυντήριον
1051 957 1195 1047 AEschyl.
1213 961 1308 1024 Pers.

208 1067 281 1147 766.
297 1072 474 1147 ναυκληρεῖν
487 1065 588 1145 πόλιν,
603 1066 685 1131 idem
703 1069 788 1154 Sept.
807 1065 910 1130 Theb.
927 1064 1000 1149 658.
1019 1062 1128 1128 eodeni
1151 1085 1257 1139 sensu,
1272 1075 1309 1126 et

207 1167 371 1248 ναυκλήρου
392 1168 482 1251 χερὸς
500 1169 541 1232 de
561 1182 681 1235 rectore
694 1192 822 1247 carrus,
839 1167 972 1255 Hippol.
991 1186 1090 1252 1239:
1115 1165 1223 1230 eadem
1239 1188 1309 1229 me-

206 1269 358 1357 taphora:
382 1284 464 1336 utet
479 1273 657 1355 κυβερνήτης
679 1273 737 1337 hac
757 1272 900 1336 fabren
919 1269 992 1333 880.
1029 1270 1143 1356 Operas
1164 1267 1309 1355 pretium

205 1369 284 1435 duxi
305 1372 479 1437 exscribere
500 1397 539 1438 ex
563 1374 674 1440 Budaei
691 1377 901 1440 Commentar.
923 1371 1019 1457 Ling.
1035 1370 1158 1434 Groecae
1179 1391 1211 1455 p.
1228 1369 1308 1454 813.

207 1489 311 1538 notam
330 1474 454 1540 Theod.
471 1477 580 1556 Gaza,
596 1478 651 1564 qui
675 1486 696 1516 ‘⁶
706 1478 737 1541 in
754 1475 834 1542 libro
855 1477 923 1557 περὶ
944 1479 1044 1554 μηνῶν
1064 1472 1108 1536 ait
1129 1471 1187 1536 hoc
1209 1494 1308 1535 voca-

207 1576 318 1642 bulum
334 1576 406 1641 olim
429 1591 549 1643 tanturn
574 1580 759 1667 significasse
780 1578 834 1643 τὸν
849 1575 1023 1660 αὐτόχειρας
1047 1587 1155 1662 postea
1168 1597 1256 1653 vero,
1273 1589 1310 1640 et

206 1696 302 1760 supra
316 1673 399 1739 mille
413 1699 521 1756 anuos,
533 1678 677 1760 αὐθέντην
689 1680 801 1744 Groece
812 1677 871 1742 hoc
886 1676 1057 1763 significare
1071 1674 1201 1761 ooepisse
1215 1672 1307 1760 quod

206 1775 293 1862 apud
309 1777 441 1843 Latinos
454 1790 565 1844 erector·
579 1781 740 1867 significat.
786 1781 825 1844 Id
841 1779 925 1866 quod
946 1778 1017 1843 ideo
1031 1778 1107 1843 dicit
1120 1778 1252 1855 factum,
1270 1793 1311 1842 ut

208 1879 312 1944 Graeci
335 1904 429 1946 unani
447 1882 611 1949 dictionem
635 1884 797 1964 haberent,
813 1907 887 1972 quae
908 1883 999 1970 plane
1022 1880 1223 1968 responderet
1237 1879 1312 1945 dic-

206 1981 282 2047 tioni
306 1984 441 2063 Latinis,
456 1986 515 2052 boc
536 2002 593 2064 est,
609 1987 683 2052 huic
705 1987 832 2064 nomini,
847 1995 977 2051 orwtor:
1000 1984 1060 2063 vel,
1075 1999 1111 2049 ut
1124 1983 1212 2072 apud
1228 2007 1308 2049 eum

207 2085 332 2173 legitur,
357 2091 455 2172 αὐτορ.
501 2089 582 2155 Inde
608 2092 765 2168 Αὐθεντία,
791 2091 975 2154 auctoritas.
1001 2087 1087 2174 quod
1113 2087 1245 2152 verbum
1274 2088 1313 2155 in

208 2187 374 2253 Pandectis
396 2213 479 2278 saepe
500 2189 625 2278 legitur.
641 2192 718 2255 etc.''
734 2189 804 2253 vide
825 2187 868 2253 ibi
886 2204 996 2252 cetera.
1020 2186 1173 2250 MARK.
1220 2186 1310 2251 Scri-

206 2289 345 2354 bendum
361 2292 499 2373 εὐθυντὴς
513 2316 584 2359 οιιιυ
603 2292 801 2358 Marklando.
841 2291 892 2356 Sic
908 2292 1041 2355 εὐθύνειν
1056 2314 1085 2353 v.
1099 2292 1175 2371 418.

248 2414 326 2479 449.
348 2394 473 2480 τόλμας]
500 2397 564 2460 Ρτο
578 2398 750 2479 τολμηρούς.
787 2396 1007 2474 Abstractum,
1022 2392 1107 2480 quod
1128 2392 1231 2472 aiunt,
1246 2416 1314 2480 pro

206 2514 358 2563 concreto.
383 2500 526 2564 MUSG.

249 2620 323 2686 451.
339 2602 377 2667 ὡς
392 2603 463 2665 Ρατ.
480 2617 551 2666 tres.
575 2602 608 2669 ds
622 2601 700 2664 Ald.

249 2722 323 2786 452.
341 2705 448 2789 καλῶς]
465 2706 546 2768 Cum
560 2727 650 2782 cura,
663 2719 697 2768 ut
714 2703 788 2790 Iph.
803 2702 880 2766 Aul.
897 2703 969 2787 738.
982 2702 1101 2766 Alcest.
1113 2719 1189 2786 323.
1203 2703 1311 2790 Soph.

209 2805 359 2869 Trachin.
373 2807 447 2889 588.
471 2811 573 2884 καλὰς,
590 2806 746 2871 ΒοὶεΙεὶιιε.
771 2807 922 2871 MARK.

250 2935 271 2988 4
272 2927 325 2993 53.
341 2910 413 2971 ὅταν
428 2908 517 2994 θέλη]
543 2910 615 2974 scil.
631 2913 647 2973 ὁ
662 2912 813 2992 τύραννος,
829 2909 982 2995 siquidem
997 2932 1059 2972 non
1075 2924 1178 2972 certus
1191 2908 1313 2993 aliquis

208 3027 368 3099 tyrannus,
385 3012 438 3076 sed
454 3012 557 3098 quivis
572 3012 764 3099 intelligitur.
791 3012 861 3076 Vid.
873 3012 1039 3080 Heindorf.
1052 3011 1091 3074 ad
1106 3011 1189 3078 Plat.
1202 3014 1309 3100 Gorg.¹

208 3137 238 3199 p.
256 3134 324 3200 ¹05·
343 3117 469 3202 Protag.
485 3139 516 3202 p.
532 3138 605 3199 499.
629 3117 819 3180 MATTH.

249 3234 322 3302 454.
339 3217 448 3300 δάκρυα
463 3217 486 3283 δ’
503 3220 688 3299 ἑτοιμάζουσι
698 3220 723 3306 ;]
746 3218 938 3301 ἑτοιμάζουσι,
955 3218 1019 3281 scil.
1035 3219 1152 3297 ἡδονὰς,
1168 3220 1234 3282 illis
1250 3222 1308 3307 qui

208 3323 381 3407 uoluptates
403 3324 482 3385 istos
499 3332 617 3408 pareat
638 3331 786 3407 θμτάτιττο,
805 3321 827 3383 i.
843 3343 869 3384 e.
894 3320 1085 3406 parentibus.
1110 3319 1192 3384 idem
1218 3344 1257 3384 ac
1283 3323 1308 3386 si

207 3424 376 3510 scripsisset
390 3423 499 3505 δάκρυα
513 3426 545 3487 δὲ
562 3430 622 3489 τοῖς
638 3428 770 3504 γονεῦσι,
787 3422 834 3486 vel
853 3430 913 3489 τοῖς
930 3427 1058 3486 τεκοῦσι.
1082 3422 1124 3486 sic
1141 3423 1309 3504 ἑτοιμάζειν

206 3528 335 3607 βουλὴν,
349 3526 510 3593 Heraclid.
522 3546 597 3610 473.
612 3525 743 3592 Ἡδονὰς
752 3540 783 3587 ct
796 3525 905 3606 δάκρυα
916 3541 1128 3611 opponuntur.
1147 3527 1310 3593 MARK.

208 3628 318 3708 δάκρυα
340 3626 364 3691 δ’
386 3627 570 3707 ἑτοιμάζουσι
591 3626 614 3689 si
635 3626 755 3712 scripsit
779 3626 957 3712 Euripides,
982 3626 1141 3712 perinepta
1164 3649 1241 3689 usus
1261 3645 1310 3691 est

208 3730 372 3794 verborum
396 3747 427 3794 et
452 3730 639 3793 obscuritate
660 3746 691 3792 et
712 3728 926 3814 ambiguitate.
972 3729 1065 3807 Quod
1093 3729 1311 3793 Marklandus

207 3832 430 3919 interpretandi
453 3855 562 3896 caussa
585 3831 689 3918 posuit
714 3832 823 3913 δάκρυα
847 3834 878 3894 δὲ
904 3839 966 3898 τοῖς
991 3839 1124 3914 γονεῦσι,
1148 3833 1309 3919 idipsum

207 3959 266 4021 ego
280 3934 429 4020 scripturn
452 3958 470 3998 a
491 3951 582 4021 poeta
603 3958 668 3998 esse
687 3934 829 3998 arbitror.
875 3935 997 3999 Eodem
1023 3960 1112 4000 sensu
1135 3935 1312 4001 Elmsleius

208 4037 317 4119 δάκρυα
339 4040 371 4100 δὲ
394 4043 456 4105 τοῖς
478 4043 597 4102 διδοῦσι.
644 4038 812 4101 Librorum
833 4038 1017 4124 scripturam
1034 4040 1087 4125 qui
1112 4061 1235 4103 servare
1252 4064 1311 4104 vo-

208 4139 283 4219 lent,
297 4138 414 4225 aliquid
431 4155 503 4203 ante
518 4139 585 4203 lraec
601 4141 695 4204 verba
710 4140 858 4204 excidisse
881 4156 1016 4205 statuere
1031 4141 1202 4219 debebunt,
1217 4144 1316 4228 quod

208 4242 282 4306 mihi
298 4243 399 4306 nrinus
415 4242 575 4329 probabile
591 4243 722 4307 videtur.

249 4367 322 4432 455.
340 4349 539 4428 νυμφεύσεται
556 4348 767 4410 Hermannus.
810 4347 990 4434 Legebatur
1007 4350 1194 4429 νυμφεύεται.

250 4452 324 4533 456.
351 4450 422 4531 πρὸς
448 4449 507 4513 τάδ’
530 4448 717 4535 ἐξηκόντισα]
745 4449 877 4535 Opinon,
900 4450 974 4531 πρὸς
999 4454 1035 4513 τὰ
1060 4449 1088 4513 σ’
1115 4448 1321 4532 ἐξηκόντισο,,
