2864 4914
198 265 263 330 138
563 267 943 333 ANNOTATIONES

198 479 288 535 μιμον
303 491 346 504 -
369 452 374 543 Ι
394 454 558 536 ἇννμίναια
578 493 622 504 -
641 454 646 543 Ι
668 452 874 538 λουτροφόρον
887 455 961 544 -Ι
985 454 1111 538 ἐσιγάθη
1128 454 1196 541 -Ι
1221 455 1302 519 ὄλοι-

198 581 277 621 το-
294 557 301 645 Ι
319 557 458 639 πατήρ-
477 557 482 644 Ι
502 560 736 639 κατεκῶμοσε-
753 557 760 646 Ι
778 559 853 641 πρὸς
864 560 975 642 -ὰχη
989 557 1067 623 Ald.

243 660 316 744 298.
331 658 420 725 τόνδε
433 659 540 746 μᾶτερ]
559 660 764 725 Scribeudum
779 660 857 726 τόνδ’
874 659 1002 743 ὰμὰτερ
1016 683 1088 725 cum
1104 658 1254 724 Seidlero.

241 782 315 848 300.
354 761 465 849 θιγεῖν]
501 767 597 847 θίγειν
630 762 710 828 libri.
756 764 898 828 Metrum
936 763 1138 851 probabiliter
1166 761 1302 827 restituit

200 864 358 931 Seidlerus
381 872 477 949 θιγεῖν
495 866 520 931 τ’
546 867 690 932 ὠλέναισι
713 873 817 932 σοῖσιν
838 866 953 932 τέκνον.
991 865 1127 954 Vulgata
1148 864 1303 951 scriptura

199 968 279 1034 hauc
301 969 391 1033 metri
413 968 545 1034 formum
574 969 694 1058 praebet
720 982 812 1036 υέ-
831 970 837 1057 Ι
855 1005 876 1034 υ
890 986 912 1017 e
927 1006 948 1032 υ
962 1008 995 1049 -,
1016 993 1080 1057 qua
1102 983 1176 1057 apte
1201 967 1302 1032 utitur

199 1072 327 1135 Jocasta
344 1095 374 1135 v.
396 1092 471 1158 334.
495 1071 599 1136 minus
617 1087 690 1158 apte
713 1087 853 1138 uteretur
873 1074 999 1150 chorus,
1023 1093 1117 1158 quem
1139 1066 1304 1154 aequabilis

199 1171 413 1237 dochmiorum
428 1172 577 1238 decursus
591 1173 691 1252 decet,
703 1197 801 1261 quum
817 1174 921 1239 animo
932 1174 1080 1261 loquatur
1091 1171 1194 1236 minus
1205 1191 1301 1257 quam

198 1277 328 1340 «Iocasta
341 1291 505 1340 commoto.

241 1397 315 1465 302.
339 1379 471 1443 Retinui
494 1379 679 1467 scripturam
703 1379 868 1459 Aldinem,
888 1401 1023 1468 quacum
1047 1377 1169 1442 codices
1189 1374 1301 1462 optimi

198 1483 370 1547 consentire
390 1482 546 1547 videntur.
592 1483 775 1548 Ceterorum
799 1483 960 1549 lectionem
984 1480 1130 1568 exposuit
1152 1477 1301 1542 Matthiae

199 1577 221 1625 ‘.‘
236 1569 322 1633 Flor.
339 1571 382 1633 A.
398 1583 429 1632 et
448 1589 496 1633 10.
512 1570 681 1634 Φοίνισσαν
694 1573 773 1650 βοὰν
789 1573 931 1645 κλύουσα,
947 1568 971 1633 ὦ
986 1568 1129 1641 νεάνιδες,
1152 1564 1240 1647 γήραι
1261 1567 1302 1650 τῷ

198 1672 280 1735 παιδὶ
294 1697 377 1752 τρομ.
396 1673 421 1736 ἕ.
437 1673 527 1738 ποδὸς
540 1673 644 1752 βάσιν.
678 1674 777 1737 MSS.
794 1672 891 1759 King.
908 1673 946 1736 B.
963 1669 1044 1734 Aslr.
1060 1669 1141 1732 Exc.
1157 1669 1232 1731 Put.
1248 1688 1302 1752 ap.

200 1774 325 1859 Musgr.
342 1773 428 1838 Flor.
446 1793 474 1839 2.
490 1792 543 1859 33.
559 1776 661 1837 Taur.
677 1775 788 1859 γηραιῷ
804 1776 872 1839 τοδὶ
882 1776 1028 1855 τρομερὰν
1044 1773 1122 1836 ἕλκω
1136 1769 1227 1836 ταὰὰς
1240 1769 1300 1849 βό-

199 1901 261 1939 σιν.
278 1874 364 1940 Flor.
376 1897 409 1961 5.
427 1879 457 1939 6.
474 1897 505 1959 9.
522 1880 633 1960 γηραιῷ
648 1877 716 1940 ποδὶ
730 1879 875 1958 τρομερὰν
891 1877 915 1939 ἕ.
932 1876 1000 1939 ποδὶ
1014 1882 1046 1954 β.
1067 1875 1142 1937 MS.
1156 1874 1193 1936 C.
1207 1873 1245 1936 C.
1262 1872 1301 1936 C.

198 2000 248 2064 ap.
262 1977 360 2042 Piers.
374 1976 487 2043 Leidd.
503 1979 632 2063 Mosqu.
644 1977 688 2042 D.
702 1978 739 2042 C.
751 1979 791 2041 L.
802 1979 867 2042 Gu.
881 1976 967 2042 Flor.
982 1979 1032 2041 18.
1044 1996 1094 2041 21.
1106 1996 1159 2062 34.
1170 1977 1259 2061 Aug.
1269 1974 1303 2039 b.

199 2085 310 2165 γηραιῷ
332 2084 478 2163 τρομερὰν
501 2082 578 2145 ἕλκω
601 2081 670 2145 τοδὶ
690 2080 795 2160 βάσιν,
819 2096 855 2144 ut
876 2079 1008 2144 Grotius
1029 2077 1127 2143 edidit
1145 2102 1163 2142 e
1185 2076 1302 2141 Periss.

200 2183 289 2247 Idem
308 2182 450 2246 habuisse
465 2183 590 2247 videtur
605 2181 782 2247 scholiastes
797 2183 954 2261 metricus,
969 2183 1025 2268 qui
1043 2182 1077 2245 τὰ
1097 2179 1126 2265 γ’
1140 2186 1300 2264 χοριομβι-

199 2284 252 2349 κὰν
267 2287 403 2368 δίμετρον
418 2285 623 2366 ἀκατάληκτον
639 2288 671 2365 ἐξ
684 2288 830 2368 ἐπιτρίτου
844 2284 985 2366 τετάρτου
1001 2282 1092 2367 (nim.
1106 2284 1216 2368 γηραιῷ
1227 2287 1300 2366 no)

199 2387 246 2450 καὶ
261 2387 428 2471 χοριάμβον
445 2387 611 2469 (nim—bl
625 2387 797 2473 τρομεράνΙ·
821 2390 847 2451 εί
861 2389 893 2452 δὲ
907 2388 1015 2466 βούλει
1030 2383 1245 2449 ἀναπαιστικὸν
1261 2385 1304 2448 ὰί-

196 2514 305 2570 μετρον
326 2489 610 2573 βρσχνκατθληκτον
634 2490 777 2576 (γῃραιΙῷ
799 2488 887 2562 nobil
904 2488 1075 2574 τρομερὰν).
1119 2487 1182 2550 Sed
1205 2485 1300 2552 schol.

198 2605 267 2655 tum
289 2591 404 2671 editus,
422 2607 488 2655 tum
506 2593 571 2656 Gn.
587 2594 625 2656 C.
642 2594 679 2655 C.
698 2595 736 2656 C.
756 2593 862 2678 Mosq.
884 2592 942 2656 ὑπὸ
964 2597 1016 2654 τοῦ
1038 2595 1134 2673 γήρως
1155 2593 1302 2671 τρομερὰν

198 2693 387 2781 explicantes
410 2692 553 2778 legerunt
568 2694 651 2779 γήρα.
699 2694 738 2757 In
756 2695 821 2758 Gu.
837 2708 939 2758 tamen
963 2716 1059 2780 supra
1072 2698 1184 2778 γηραιῷ
1206 2693 1302 2778 scrip-

199 2811 266 2860 tum
283 2812 328 2860 est
344 2796 435 2860 etiam
452 2796 559 2860 endem
577 2818 618 2860 m.
634 2797 700 2860 ἀντὶ
715 2803 766 2860 τοῦ
781 2801 952 2882 γεροντικῷ.
996 2798 1114 2861 Omnes
1136 2796 1185 2860 hae
1200 2795 1303 2858 diver-

199 2896 304 2962 sitates
325 2922 343 2961 e
365 2898 519 2985 scriptura
542 2906 663 2964 ΓΗΡΑΙ
685 2899 706 2963 i.
722 2923 749 2962 e.
769 2899 845 2983 γήρα
863 2897 1113 2976 ostendentur,
1131 2899 1214 2962 uude
1238 2899 1302 2985 pri-

197 3022 283 3063 mum
312 3001 429 3064 factum
458 3006 579 3088 γηραιῷ,
603 3000 716 3066 deinde
739 3004 811 3065 ποδί
830 3001 880 3065 vel
904 3000 1007 3065 statim
1029 3000 1184 3075 additum,
1209 3001 1258 3065 vel
1284 3025 1302 3065 e

197 3102 288 3170 ποδὸς
302 3103 457 3167 effictum:
481 3107 551 3169 τοδί
563 3104 644 3168 enim
667 3102 744 3167 nihil
767 3103 824 3167 nisi
840 3126 905 3167 var.
920 3102 941 3167 l.
957 3126 1023 3167 esse
1037 3103 1085 3167 vel
1100 3105 1217 3169 incerta
1232 3104 1302 3191 ejus

198 3204 286 3267 sedes
300 3205 414 3291 arguit.
459 3207 553 3285 Quod
568 3207 601 3270 in
617 3206 703 3271 Flor.
719 3209 762 3271 A.
778 3206 893 3293 legitur
907 3204 995 3289 γήραι
1014 3207 1055 3291 τῷ
1077 3208 1168 3281 παιδί,
1185 3207 1299 3293 partim

198 3307 330 3371 servavit
352 3308 515 3395 antiquam
538 3309 699 3373 lectionem
722 3308 808 3394 γήρᾳ,
832 3307 958 3372 librario
976 3320 1092 3385 temen,
1109 3324 1144 3372 ut
1165 3309 1299 3388 videtur,

197 3430 258 3471 non
281 3410 480 3490 intellectam,
504 3413 618 3500 parlim
640 3436 678 3476 ex
702 3412 799 3476 altera
820 3410 950 3475 lectione
974 3410 1117 3475 additum
1141 3411 1236 3476 habet
1261 3417 1302 3499 τῷ

196 3513 274 3585 ποδί,
298 3512 328 3575 in
352 3517 391 3600 τῷ
412 3517 494 3579 παιδὶ
515 3514 623 3580 leviter
646 3514 813 3578 deflexum.
860 3512 911 3577 Sic
929 3512 961 3576 in
982 3516 1070 3600 Aug.
1090 3513 1125 3579 d.
1150 3529 1195 3578 est
1212 3514 1300 3600 γήρᾳ,

198 3612 250 3676 sed
267 3638 361 3700 supra
377 3640 434 3680 scr.
453 3620 486 3681 ἐν
501 3619 541 3702 τῷ
557 3627 665 3702 γεραιῷ
678 3614 774 3680 ποδί.”

239 3736 313 3800 304.
333 3715 381 3802 lb]
399 3717 422 3781 ὦ
438 3719 582 3782 undecim
598 3719 690 3782 codd.

239 3836 315 3903 305.
331 3820 461 3907 μυρίαις]
477 3818 502 3882 τ’
518 3821 641 3884 addunt
656 3844 729 3908 pars
744 3820 886 3884 codicum
901 3835 932 3884 et
948 3821 1026 3885 Ald.

237 3924 311 4005 306.
328 3921 522 4008 ἀμφίβαλλε]
541 3926 698 4005 ἁμφίβολε
711 3923 803 3987 codd.
820 3923 919 3986 multi.
967 3923 1172 3988 Scribcndum
1191 3940 1296 3988 autem

196 4045 261 4087 uno
277 4046 368 4086 versu
383 4027 721 4108 προσεῖδον-ματέρος.

239 4144 314 4210 307.
327 4127 611 4214 παρηίδων-ἐμάν]
630 4130 711 4192 Haec
726 4151 854 4214 quoque
868 4127 899 4190 in
917 4150 1013 4192 unum
1030 4152 1153 4193 versum
1169 4132 1300 4218 conjun-

195 4227 310 4313 genda,
322 4226 377 4313 qui
394 4250 432 4290 ex
448 4241 599 4312 quattuor
614 4230 748 4317 dipodiis
762 4229 911 4307 iambicis,
925 4229 1071 4294 dochmio
1081 4247 1112 4296 et
1128 4234 1301 4318 penthemi-

196 4351 279 4393 mere
302 4330 457 4394 trochaico
471 4347 517 4395 est
532 4334 732 4421 compositus,
748 4333 807 4397 nisi
828 4332 899 4418 quis
920 4332 1001 4398 hauc
1022 4336 1170 4421 praeferat
1193 4359 1301 4403 nume-

196 4454 301 4497 rorum
318 4433 556 4522 descriptionem
