2864 4914
551 302 620 364 AD
643 301 880 366 ORESTEM.
1226 298 1269 370 93

163 481 252 545 runt,
275 480 312 531 ut
334 467 510 534 mitioribus
530 471 695 537 affectibus
714 472 822 537 nullus
845 472 877 535 in
896 471 934 535 iis
954 470 1042 535 locus
1059 469 1110 534 sit.
1156 469 1207 535 Sic
1228 471 1268 535 ab

165 568 261 634 Orid.
278 570 494 658 Metamorph.
513 593 563 648 11,
579 592 653 658 559.
677 573 735 638 sibi
757 589 964 661 opponuntur
985 572 1095 637 flentes
1116 586 1148 636 et
1162 573 1270 638 obstu-

163 687 291 759 pentes:
316 673 394 737 Noa
408 682 491 737 tenet
504 675 555 738 δὶα
568 675 729 754 laesimus,
743 684 848 763 stupet
868 677 929 738 δι’σ.
973 677 1018 738 Et
1033 674 1093 738 hoc
1108 674 1202 738 modo
1216 699 1271 739 ex-

163 772 344 862 plicandum
361 789 441 861 puto
456 777 572 839 Horat.
589 778 697 840 Carm.
717 799 744 855 1,
760 797 794 862 3,
815 779 864 842 18.
891 778 1085 841 MATTH.

207 896 285 961 390.
299 902 337 955 με
350 875 481 939 codices.
504 902 555 955 μοι
569 877 648 942 Ald.

207 997 284 1063 595.
308 979 413 1059 φείδου
436 977 460 1042 δ’
477 979 612 1061 ὀλιγάκις
632 979 737 1062 λέγειν
757 980 844 1066 κακά]
872 980 1018 1044 Debebat
1039 980 1142 1045 dicere
1164 982 1270 1063 φείδου

164 1081 205 1160 μὴ
219 1080 367 1147 πολλάκις
380 1079 485 1162 λέγειν
500 1081 584 1154 κακά,
600 1103 674 1165 quoe
689 1094 735 1145 est
749 1080 889 1167 legitima
903 1081 1085 1167 hujusmodi
1101 1082 1269 1146 verborum

164 1182 366 1246 constructio.
412 1184 477 1245 Pro
498 1205 536 1246 eo
558 1205 769 1270 synonymum
791 1182 896 1269 posuit
913 1183 1100 1246 vocabulum
1123 1184 1268 1266 ὀλιγάκις,

165 1283 252 1368 quod
268 1307 305 1346 eo
319 1283 442 1347 facilius
455 1284 596 1347 excusari
612 1299 715 1371 potest
731 1284 755 1347 si
772 1284 937 1370 proverbio
952 1284 1070 1348 dictum
1087 1285 1149 1348 fuit
1164 1287 1267 1368 ὀλιγά-

167 1410 210 1451 κις
224 1384 329 1467 λέγειν
343 1386 428 1458 κακά,
445 1385 532 1471 quod
548 1385 712 1472 aliquoties
727 1386 840 1471 repetit
861 1386 1061 1465 Eustathius,
1076 1409 1108 1472 p.
1124 1389 1198 1467 762,
1215 1390 1267 1451 62.

170 1486 515 1573 1173‚38.1a94,50.

209 1608 285 1673 394.
301 1592 343 1656 είς
356 1615 394 1670 με
410 1588 561 1671 (debebat
576 1590 607 1658 ές
620 1593 670 1672 με)
689 1588 857 1653 Elmsleius
871 1589 911 1653 ad
928 1589 1033 1676 Iphig.
1050 1591 1093 1652 Τ.
1109 1592 1160 1669 64.
1189 1589 1269 1653 Scri-

165 1689 302 1754 bebatur
318 1695 360 1758 είς
374 1693 436 1772 ἐμέ.

208 1811 284 1876 595.
299 1795 331 1856 τί
342 1798 441 1876 χρῆμα
454 1793 603 1877 πάσχεις;
627 1796 683 1879 τίς]
702 1792 834 1875 Ὀρέστα
848 1796 971 1871 τλῆμον,
987 1795 1031 1859 τίς
1054 1792 1199 1859 Stoboeus
1215 1812 1268 1874 24,

165 1912 197 1977 5,
219 1892 364 1974 Ὀρέστα,
379 1897 423 1962 τίς
437 1894 583 1960 Clemens
598 1894 652 1957 Al.
672 1896 785 1958 Strom.
803 1912 833 1976 7.
853 1915 884 1979 p.
902 1893 975 1974 844.
1014 1894 1184 1980 Euripides
1205 1917 1267 1959 non

166 2009 269 2080 potest
284 1995 422 2059 dubitari
436 1995 513 2082 quin
530 1995 685 2082 scripserit
700 1994 786 2082 quod
802 1996 833 2058 in
850 1993 936 2057 libris
949 2007 1006 2057 est..

208 2098 284 2181 596.
300 2098 418 2175 ξύνεσις
431 2098 581 2162 Eustath.
598 2120 629 2185 p.
650 2116 702 2174 νυ,
717 2118 750 2177 4.
782 2100 904 2165 σύνεσις
919 2097 997 2162 Ald.
1014 2096 1178 2162 Plutarch.
1195 2100 1269 2162 Mo-

166 2197 222 2262 ral.
237 2219 270 2284 p.
286 2200 351 2280 476
367 2200 407 2262 F.
422 2215 454 2264 et
471 2199 624 2264 Stobaeus.

209 2319 285 2384 599.
314 2299 384 2366 θεὸς
409 2301 657 2387 monosyllabum
685 2318 757 2365 ante
779 2302 931 2379 vocalem,
958 2316 994 2364 ut
1020 2303 1116 2366 Herc.
1144 2303 1166 2366 ἰ.
1190 2306 1265 2387 546.

167 2401 282 2481 ἆμαθής
296 2426 339 2469 τις
354 2401 384 2465 εί
395 2400 506 2481 θεδς,ἢ
521 2404 632 2470 δίκαιος
645 2403 697 2467 οὐκ
713 2404 797 2485 ἔφυς.

208 2521 285 2584 400.
307 2501 428 2588 μητρὸς]
453 2503 560 2584 μητρὸς
581 2503 605 2567 δ’
623 2505 668 2567 Η.
704 2505 813 2586 ματρὸς
835 2506 858 2567 δ’
875 2503 951 2568 Ald.
990 2504 1181 2569 Particulam
1203 2528 1267 2570 orn.

167 2605 255 2669 Flor.
273 2620 336 2669 tres
350 2620 382 2669 et
398 2608 499 2670 Taur.
515 2621 546 2671 et
562 2607 657 2671 schol.
673 2607 713 2671 ad
730 2631 760 2669 v.
775 2609 850 2692 396.

210 2725 285 2785 402.
310 2709 457 2790 έξάγκουν
479 2709 578 2793 τάφιρ]
606 2708 657 2772 Sic
683 2710 751 2772 Ion.
775 2709 849 2793 588.
876 2711 914 2775 ὣς
938 2713 965 2773 εί
989 2712 1045 2789 μὲν
1068 2707 1162 2773 οὐκέτ’
1186 2710 1269 2772 ἐστὶν

167 2810 285 2897 ὀγκωθῇ
301 2809 396 2894 τάφιρ.
440 2807 610 2891 Έξάγκσυν
624 2832 681 2895 per
697 2810 827 2873 ἔθαπτον
841 2809 975 2897 explicat
991 2810 1130 2896 Hesych.

209 2930 285 2996 403.
301 2913 426 2995 πότερα]
443 2913 570 2992 πότερον
583 2924 654 2974 octo
667 2910 800 2974 codices.

210 3015 285 3094 406.
303 3014 567 3098 συνδρῶν-αἷμα]
595 3013 742 3076 Similiter
758 3037 788 3075 v.
809 3032 900 3097 1139.
917 3017 1005 3091 κακῆς
1018 3014 1156 3094 γυναικὸς
1169 3010 1268 3094 οὕνεχ’

169 3115 229 3195 αἶρ’
246 3116 422 3198 ἐπράξαμεν.

210 3239 283 3302 407.
307 3218 530 3299 φαντασμάτων
552 3217 770 3304 septemdecim
794 3217 925 3281 codices.
959 3215 1160 3298 έκφασμάτων
1182 3213 1269 3278 Flor.

169 3344 262 3385 unus.
300 3324 334 3384 lx
355 3320 521 3402 φασμάτων
543 3320 629 3383 Flor.
653 3319 729 3397 duo,
745 3321 852 3405 Mosq.
872 3341 953 3381 unus
974 3332 1004 3380 et
1020 3317 1097 3380 Ald.
1114 3339 1187 3401 quae
1210 3315 1271 3378 lor-

168 3438 248 3487 tssse
270 3444 344 3485 vera
367 3421 520 3507 scriptura
545 3435 600 3484 est.
638 3423 720 3484 Cum
748 3419 866 3506 duplici
894 3418 1114 3507 praepositione
1138 3419 1270 3482 ἐκ-θπσ

168 3522 355 3588 Erfurdtius
376 3523 569 3609 comparavit
590 3523 688 3610 Soph‘.
705 3523 824 3587 Trach.
843 3526 937 3586 1160.
954 3522 1029 3604 πρὸς
1046 3528 1104 3586 τῶν
1120 3521 1272 3585 θανόντων

166 3623 294 3704 μηδενὸς
309 3629 412 3689 θανεῖν
426 3626 494 3688 tao.
532 3624 627 3688 Cous.
644 3624 684 3688 ad
701 3624 792 3688 Med.
811 3626 901 3708 1296.

209 3725 286 3806 408.
310 3724 388 3804 ἔδοξ’
405 3729 479 3791 ἰδεῖν
493 3748 532 3789 ex
555 3724 614 3789 hoc
629 3723 697 3790 loco
711 3725 872 3790 annotavit
888 3725 1064 3790 Herodian.
1081 3747 1113 3810 p.
1129 3744 1206 3809 454.
1221 3722 1270 3786 ed.

167 3827 266 3891 Piers.
291 3828 433 3892 BOISS.

209 3949 284 4011 410.
310 3929 486 3992 εὐπαίδευτα
509 3926 533 3991 δ’
561 3926 736 4010 ἀποτρέπει]
766 3930 928 3993 ἀπαίδευτα
953 3927 977 3991 δ’
1002 3926 1170 4009 ἀποτρέπου
1193 3923 1273 3989 Ald.

168 4034 354 4097 Correctum
369 4053 409 4094 ex
425 4029 571 4116 pluribus
585 4028 678 4093 codd.

207 4151 284 4213 412.
301 4134 345 4200 als
358 4131 488 4196 codices.
512 4133 556 4199 οἷς
569 4130 596 4214 γ’
612 4130 690 4195 ΑΙά.
713 4130 741 4214 γ’
757 4155 776 4195 a
791 4154 831 4195 m.
848 4155 907 4195 sec.
923 4131 1018 4195 habet
1037 4132 1082 4193 H.

209 4253 285 4319 415.
302 4237 385 4298 δεινδ
400 4234 467 4301 τοὺς
482 4233 710 4319 εἰργασμένους]
730 4233 769 4296 Id
786 4248 832 4298 est
849 4233 916 4299 τοὺς
930 4235 1013 4296 δεινὰ
1027 4230 1247 4314 εἰργασμένους.

208 4358 286 4418 414.
302 4338 442 4418 ὀναφορδ
457 4340 510 4415 τῆς
531 4340 681 4417 ξυμφορᾶς
702 4334 850 4421 ambigue
864 4334 997 4412 dictum,
1012 4332 1164 4419 aliterque
1185 4330 1274 4394 intel-

169 4438 247 4503 lexit
264 4437 442 4516 Menelaus,
458 4437 548 4501 aliter
562 4436 629 4524 ipse
644 4439 781 4514 Orestes,
797 4436 848 4500 hic
862 4435 903 4500 de
917 4434 1066 4499 relatione
1082 4433 1121 4497 ad
1137 4432 1233 4498 alium
1249 4456 1273 4497 s.
