2864 4914
297 302 365 366 AD
389 299 692 365 IPHIGENIAM
717 298 1049 364 AULIDENSEM.
1160 301 1219 363 451

210 473 378 535 πολύθυτον
393 473 426 535 δὲ
440 469 476 535 δι’
492 472 587 538 ἄλσος
600 468 772 554 Ἀρτέμιδος
783 471 897 551 ἤλυθον
912 471 1051 553 ὀρομένα,

209 575 413 654 φοινίσσουσα
427 570 532 661 παρῇδ’
548 575 624 654 έμδυ
637 575 767 659 αἰσχύνᾳ
781 578 931 647 νεοθαλεῖ,

210 674 336 743 ἀσπίδος
372 675 465 756 έρυμα
501 677 550 740 καί
578 678 913 760 κλισίας-ὁπλοφόρους
943 681 1073 740 Δαναῶν
1102 672 1223 739 θέλοιμ’

295 779 393 841 ἵππων
407 775 431 839 τ’
447 778 544 860 ὄχλον
559 778 685 842 ἰδέσθαι.

124 874 240 961 Inepta
255 876 324 941 hoec
344 877 584 964 interpellantur
597 879 786 967 interpositis
800 878 942 943 versibus
961 877 1140 960 ιρι-184.
1155 877 1225 963 qui-

123 977 185 1043 bos
205 979 415 1067 anticipantur
436 1003 511 1066 quoe
530 981 612 1046 iufra
629 981 756 1047 demum
780 997 812 1047 et
831 1004 890 1046 suo
907 980 1034 1068 quidem
1055 978 1123 1044 ioco
1143 979 1225 1044 dixit

124 1082 297 1169 Euripides
310 1106 341 1148 v.
357 1084 536 1169 189-191.
575 1085 725 1150 Ceterum
747 1105 810 1149 nou
832 1094 913 1171 puto
928 1081 1116 1170 Euripidem
1131 1104 1223 1169 paro-

124 1182 200 1248 dum
226 1186 335 1270 paucis
357 1186 420 1251 illis
441 1210 523 1274 quos
547 1187 643 1252 modo
664 1187 797 1275 apposui
823 1186 965 1252 versibus
987 1184 1147 1250 absolvere
1171 1208 1225 1248 vo

123 1283 228 1365 luisse,
244 1287 296 1352 sed
312 1289 406 1375 plura
420 1289 604 1355 additurum
620 1289 728 1367 fuisse,
782 1289 922 1354 sabulum
938 1286 1125 1376 perfecisset.

171 1406 242 1471 171.
259 1393 444 1477 κατιδοίμαν]
464 1393 648 1479 Legebatur
661 1389 747 1474 ίδοιμ’
763 1394 812 1459 δν.
836 1393 884 1456 καὶ
898 1389 1040 1471 ἴδοιμ’δν
1054 1392 1129 1454 Par.
1145 1393 1190 1457 A.

171 1505 243 1576 173.
258 1492 405 1581 ἡμιθέων]
422 1493 628 1561 scribendum
645 1494 754 1574 ἡιθέιιν
767 1516 839 1558 cum
856 1490 1058 1559 Marklando

167 1593 219 1659 οθς
235 1593 383 1680 Scaliger.
421 1594 512 1658 Libri
528 1596 576 1675 ὡς,
591 1595 649 1660 nisi
665 1595 751 1682 quod
768 1596 817 1659 καί
832 1595 905 1658 Par.
922 1597 966 1658 A.

156 1693 240 1758 '18o.
257 1696 384 1780 ἔλαβεν]
406 1696 611 1761 scribendum
629 1698 726 1777 ἔλαβε
740 1720 779 1762 ex
795 1695 882 1760 Flor.
902 1716 929 1759 1.
947 1714 977 1762 a.

172 1797 241 1876 184.
259 1797 368 1882 έσχεν]
385 1799 460 1882 ἔσχε
475 1801 503 1863 F
506 1798 562 1863 lor.
583 1824 608 1863 1.
626 1817 656 1862 2.

169 1899 240 1962 186.
256 1899 387 1981 ὀρομένα
401 1903 567 1965 Canterus
605 1901 695 1966 Libri
709 1899 873 1983 δρωμένου.

172 2019 241 2084 191.
264 1999 288 2063 r’
306 2004 404 2085 θχλον
417 2002 584 2067 Heatbius
608 2000 632 2065 τ’
653 2016 725 2089 post
746 2003 842 2084 ὄχλον
863 2000 953 2088 ponit
968 1999 1058 2077 Ald.‚
1074 1999 1224 2065 omittunt

124 2101 255 2166 codices.

172 2223 242 2289 193·
259 2203 375 2272 Οἰλέως
391 2204 571 2269 Elmsleius.
611 2203 718 2291 Vulgo
729 2202 866 2270 Ὀιλέως.

172 2326 242 2389 194.
265 2311 317 2373 τᾶς
340 2312 512 2386 Σαλαμῖνος
534 2305 716 2383 Elmsleius,
741 2319 903 2392 preeunte
925 2304 1072 2387 Brodaeo,
1094 2307 1149 2393 qui
1172 2311 1224 2387 τῆς

126 2412 297 2488 Σαλαμῖνος
311 2408 484 2495 scripserat.
507 2415 568 2477 τοῖς
584 2415 755 2488 Σαλαμῖνος
770 2406 847 2471 Ald.
874 2413 936 2475 τοῖς
957 2410 1150 2487 Σαλαμινίοις
1171 2432 1224 2473 oo·

125 2508 216 2573 dices.
257 2509 461 2574 Scribendum
477 2516 539 2579 τοῖς
561 2512 758 2590 Σαλαμίνοιςε
782 2532 856 2596 quse
877 2509 1023 2596 adjectivi
1036 2509 1136 2576 forma
1151 2512 1225 2576 satis

124 2610 303 2676 defenditur
326 2611 482 2677 simillimo
505 2611 692 2690 Ἐλευσῖνος,
716 2611 804 2698 quod
828 2611 931 2699 ipsum
955 2633 1083 2699 quoque
1107 2613 1223 2679 librarii

124 2714 276 2779 constanti
291 2737 395 2779 errore
408 2714 439 2777 in
454 2713 642 2782 Ἐλευσίνιος
656 2729 837 2780 mutarunt:
862 2715 982 2801 dequo
997 2738 1029 2778 v.
1046 2714 1088 2779 ad
1111 2716 1221 2803 Suppl.

128 2836 155 2880 1.
187 2821 355 2897 Σολομινοέ
370 2818 481 2883 vitioso
493 2832 624 2883 accentu
647 2817 798 2906 seriptum
819 2829 866 2882 est
888 2817 919 2881 in
942 2817 1048 2882 codice
1070 2818 1223 2908 Hesychii

125 2941 150 2983 s.
166 2943 197 2982 v.
213 2920 341 3000 ἐλθέμεν
355 2934 386 2984 et
401 2921 539 3000 κθδαμος,
556 2919 612 2985 ubi
627 2922 784 2985 Musurus
798 2922 980 3001 Σαλαμίνιοι
991 2919 1125 3008 scripsit,
1135 2921 1222 3009 quod

124 3020 335 3085 consentiente
356 3021 473 3100 codice,
498 3021 523 3085 si
545 3020 623 3108 quid
646 3045 685 3086 ex
707 3022 839 3087 Schowii
857 3021 979 3088 silentio
999 3022 1221 3110 colligendum,

124 3121 239 3209 legitur
261 3145 286 3186 s.
303 3144 333 3186 v.
355 3125 450 3196 καδία,
473 3125 602 3205 θγγεμας
624 3136 656 3187 et
679 3125 797 3206 θριγγα.
819 3126 996 3206 Σαλαμηροί
1014 3148 1039 3189 s.
1060 3149 1090 3190 v.
1115 3128 1221 3209 κθγρα.

126 3223 212 3287 Mihi
232 3223 283 3288 bis
302 3223 379 3288 locis
396 3223 542 3293 omnibus
561 3228 728 3304 Σαλομῖνοι
749 3225 977 3290 restituendum
999 3226 1135 3291 videtur.
1181 3230 1222 3292 In

123 3326 192 3392 loco
206 3341 312 3391 autem
328 3324 492 3412 Euripidis
504 3332 567 3392 τοῖς
581 3328 762 3406 Σαλαμίνοις
776 3327 931 3409 στέφανον
945 3326 1053 3392 eadem
1065 3342 1223 3394 construc-

124 3429 209 3494 tione
229 3427 350 3492 dictum
371 3441 419 3492 est
433 3450 499 3514 qua
512 3426 594 3492 idem
616 3443 710 3515 poeta
723 3428 805 3493 infra
822 3428 923 3493 utitur
937 3453 968 3492 v.
985 3449 1058 3511 241.
1080 3433 1223 3513 πρύμνας

124 3530 192 3612 σῆμ’
207 3530 383 3616 Ἀχιλλείου
397 3536 535 3613 στρατοῦ.

170 3636 241 3717 196.
265 3633 386 3698 Plurali
410 3654 542 3696 numero
565 3632 647 3697 inter
671 3631 737 3696 duo
761 3632 888 3696 nomina
912 3634 1033 3698 numeri
1058 3634 1223 3721 singularis

124 3737 225 3823 posito
239 3737 320 3802 dixit
334 3736 495 3817 ἡδομένους
513 3734 668 3799 schemate
684 3757 759 3798 usus
773 3734 859 3821 quod
875 3735 1093 3801 Alcmsnicum
1110 3755 1223 3804 vocant

123 3837 327 3924 grumumtiei.
373 3841 457 3904 Nam
486 3837 652 3902 verborum
682 3837 761 3902 ordo
789 3836 840 3900 hic
869 3853 915 3902 est
945 3841 1162 3919 Πρατεσίλαθν
1189 3867 1221 3906 τε

125 3941 311 4020 Παλαμήδεά
324 3939 569 4021 πε-θρδομένονς.

169 4061 241 4109 aot.
260 4043 388 4128 Ἀρεας]
415 4041 505 4107 Libri
521 4037 640 4124 Ἀρεος,
655 4039 741 4127 quod
760 4041 980 4106 revocandum.
1026 4044 1162 4109 Locutio
1175 4061 1221 4111 est

126 4145 297 4210 Homerica
311 4147 379 4224 ὄζος
387 4144 508 4226 Ἀρηος.

169 4265 240 4327 204.
256 4247 362 4328 Νιρέα,
381 4248 544 4312 κάλλιπον
557 4242 704 4330 Ἀχαιῶν]
722 4247 854 4311 Homer.
872 4246 910 4310 Ιί.
924 4253 959 4327 B,
970 4249 1045 4332 673.
1058 4266 1091 4328 4.
1104 4250 1221 4330 Νιρεὺς,

123 4348 157 4418 δυ
182 4350 344 4417 κάλλιστος
367 4349 441 4430 ἀνὴρ
466 4348 524 4412 ὑπὸ
546 4346 644 4410 Ἰλιον
668 4347 754 4425 ἦλθε,
776 4353 846 4412 Τῶν
870 4347 974 4413 ἄλλων
1001 4355 1140 4424 Δαναῶν,
1160 4352 1221 4431 μετ’

123 4453 259 4532 ἀμύμονα
273 4454 445 4532 Πηλείωνα.

625 4575 645 4614 c
661 4575 684 4637 g
700 4569 718 4616 2
