2864 4914
533 275 602 336 ΑΙ)
626 276 911 339 PHOENISSAS.
1210 276 1272 336 115

172 443 250 507 OEd.
275 445 312 507 C.
333 446 424 525 1187.
449 445 485 508 τά
508 471 554 510 τοι
577 453 674 512 καλῶς
696 445 839 527 Εὑρημέν’
864 447 937 527 ἔργα
959 451 998 532 τῷ
1019 450 1103 532 λόγῳ
1124 449 1271 527 μηνύεται.

172 548 354 633 Utrumque
376 545 506 633 negligit
522 547 601 613 OEd.
618 551 655 612 C.
673 549 748 630 782.
769 551 852 632 λόγῳ
873 551 929 628 μὲν
952 551 1057 623 totta,
1081 554 1160 613 τοῖσι
1182 549 1206 613 δ’
1223 551 1271 632 ἔρ-

170 675 270 731 γοισιν
286 650 368 714 κακά.
414 650 585 737 Euripides
600 652 757 714 Androm.
774 651 846 730 264.
867 649 973 714 τοιόνδ’
991 651 1051 734 ἔχω
1074 677 1130 715 σου
1153 651 1271 734 δέλεαρ·

169 753 252 816 ἀλλὰ
266 755 324 834 γὰρ
338 755 447 834 λόγους
462 756 586 838 Κρύψω,
602 753 635 817 τὸ
656 752 681 817 δ’
698 754 788 835 ἔργον
803 752 874 816 αὐτὸ
894 759 1024 833 σημανεῖ
1040 753 1128 836 τάχα
1153 754 1273 819 Troad.

175 873 267 935 1241.
290 854 410 934 τλήμων
433 855 540 937 ἰατρὸς,
560 855 641 935 ὄνομ’
666 857 790 938 ἔχουσα,
814 856 910 938 τάργα
931 854 1018 920 δὀὔ.
1043 854 1137 920 Ovid.
1160 857 1274 921 Amor.

174 977 186 1018 1
193 1003 203 1034 ,
224 975 273 1032 12,
296 973 347 1039 27.
392 958 489 1045 Ergo
510 979 571 1045 ego
593 980 648 1021 vos
672 959 764 1021 τοθιις
789 958 928 1044 duplices
949 980 1010 1044 pro
1033 959 1158 1022 nominc
1179 960 1273 1022 sensi.

173 1060 274 1122 POR.

211 1177 287 1246 504.
311 1161 440 1246 αἰθέρος]
462 1160 537 1225 Ald.
554 1176 585 1225 et
603 1184 710 1225 omnes
726 1164 826 1226 MSS.
851 1163 937 1242 ἡλίου
960 1162 1033 1243 πρὸς
1056 1163 1186 1229 ἀντολὰς
1210 1165 1274 1244 (vel

171 1264 347 1347 ἀνατολὰς),
364 1264 418 1327 sed
434 1264 550 1346 αἰθέρος
563 1287 602 1328 ex
616 1266 742 1329 Stobaeo
757 1282 808 1350 45.
825 1289 856 1352 p.
869 1283 943 1350 322.
963 1265 1029 1349 [45,
1042 1266 1089 1349 3.]
1105 1265 1276 1350 probavere

171 1364 228 1428 viri
251 1365 346 1443 docti,
368 1367 454 1451 quod
477 1367 569 1431 etiam
594 1368 785 1434 Plutarchus
807 1370 951 1434 habuisse
974 1369 1098 1433 videtur
1122 1369 1162 1432 de
1185 1372 1275 1434 Frat.

172 1469 291 1531 Amore
313 1492 345 1555 p.
361 1469 422 1549 481
442 1472 485 1534 A.
502 1493 572 1533 nam
594 1470 624 1534 in
642 1473 715 1535 MS.
733 1473 777 1535 D.
793 1474 880 1551 ἡλίου
901 1471 1070 1558 repositum
1087 1487 1164 1552 crat,
1179 1474 1276 1536 veteri

170 1569 300 1634 lectione
319 1593 415 1647 erasa,
438 1586 471 1635 ut
493 1587 624 1637 testatur
640 1574 918 1660 Wyttenbachius.
942 1573 1093 1654 ἀνέλθοιμ’
1110 1575 1276 1661 conjuncte

171 1689 290 1737 veteres
304 1673 389 1738 editi.
407 1676 510 1738 POR.

213 1795 287 1860 505.
305 1778 406 1858 ἔνερθε
422 1779 459 1841 Β.
475 1792 506 1841 ct
522 1780 549 1840 F
551 1778 606 1841 lor.
624 1778 689 1842 duo
703 1802 774 1842 cum
794 1779 929 1843 Stobaeo.
954 1781 1076 1860 ἔνερθεν
1091 1780 1166 1843 Ald.

213 1898 289 1963 509.
304 1878 413 1963 πλέον]
431 1885 538 1944 πλεῖον
552 1878 629 1943 Ald.
645 1895 677 1944 et
691 1903 764 1966 pars
777 1880 931 1944 codicum.

213 1982 289 2066 516.
313 1983 423 2064 ἐξαιρεῖ
436 1981 524 2047 Plut.
540 1983 578 2048 V.
595 1982 711 2070 Pyrrhi
729 2006 762 2070 ρ.
780 2003 839 2068 391
859 1984 897 2046 Β.
914 1997 945 2046 et
967 1982 1162 2047 Themistius
1183 2006 1228 2047 or.
1246 2002 1273 2049 2.

171 2105 204 2169 p.
219 2099 259 2169 37
278 2085 315 2147 Β.
362 2083 901 2172 8οήὺεοα1υτέξαίρει,ι]ιιοόαριιό
918 2083 1129 2148 Themistium
1148 2109 1276 2172 quoque

172 2185 286 2271 leff‘tur
300 2208 345 2250 or.
362 2189 409 2251 16.
425 2209 455 2273 p.
474 2200 533 2262 207
547 2188 590 2251 D.
632 2189 733 2252 Recte
749 2186 915 2252 Cruserius
930 2186 960 2249 in
978 2186 1063 2250 Plut.
1080 2188 1173 2252 vertit
1186 2210 1276 2252 ουιτια

169 2288 206 2350 td
217 2309 406 2375 expugnare
421 2290 515 2353 verba
530 2290 791 2376 comptafirrum
801 2290 884 2377 ρτιοιί
895 2292 1005 2353 minax
1018 2293 1130 2377 possit,
1146 2305 1177 2354 et
1188 2291 1274 2376 quod

171 2391 297 2478 proprie
316 2391 356 2456 de
378 2392 462 2456 ferro
476 2391 536 2455 dici
552 2405 672 2478 poterat
694 2391 734 2455 ad
757 2391 940 2470 orationem,
963 2415 1036 2478 quae
1059 2392 1187 2456 similem
1213 2393 1274 2457 vim

172 2494 278 2572 habet,
293 2495 455 2559 commode
471 2496 667 2560 transfertur.
683 2497 874 2559 MATTH.

213 2612 289 2682 519.
306 2601 420 2662 ἐκείνου
435 2597 665 2662 Valckenarius.
692 2601 788 2662 ἔκεῖνο
804 2597 887 2660 libri.

212 2715 289 2784 520.
305 2705 466 2764 δουλεῦσαι
480 2701 621 2788 plerique
635 2701 727 2765 codd.
744 2704 895 2765 δουλεύσω
911 2699 988 2764 Ald.

215 2821 291 2886 521.
306 2805 363 2882 μὲν
376 2802 506 2868 codices.
529 2829 580 2884 μοι
595 2803 674 2868 Ald.
720 2802 868 2866 Eundem
885 2824 1008 2866 versum
1032 2801 1063 2864 in
1088 2801 1182 2888 Syleo
1203 2824 1275 2866 cum

168 2903 292 2968 dederit
322 2904 504 2991 Euripides,
530 2905 686 2992 integrum
715 2904 818 2969 locunt
846 2903 1061 2982 transcribam,
1090 2918 1125 2966 ut
1155 2902 1275 2967 lectoris

172 3007 312 3072 animum
337 3008 429 3071 variis
452 3008 635 3073 lectionibus
660 3022 691 3073 et
716 3005 926 3093 grammaticis
951 3005 1090 3069 minutiis
1108 3005 1275 3091 fatigatum

172 3110 326 3174 suavitate
348 3111 469 3197 poetica
486 3111 656 3199 paullisper
676 3110 854 3175 exhilarem.
879 3108 961 3190 Πρὸς
976 3106 1054 3171 ταῦτ’
1070 3111 1120 3170 ίτω
1135 3111 1191 3188 μὲν
1206 3113 1274 3190 πῦρ,

171 3216 223 3277 lto
245 3215 278 3277 δὲ
301 3213 454 3295 φάσγανα,
471 3216 603 3295 Πίμπρη,
622 3213 741 3277 κάταιθε
764 3213 885 3294 σάρκας,
902 3209 1089 3291 ἔμπλήσθητί
1100 3235 1157 3288 μου
1172 3213 1275 3274 Πίυων

172 3315 316 3379 κελαινὸν
330 3317 412 3396 αἷμα,
430 3319 546 3398 πρόσθε
567 3319 625 3397 γὰρ
648 3314 723 3379 κάτω
739 3319 796 3393 Γῆς
811 3312 888 3377 εἶσιν
903 3314 1009 3393 ἄστρα,
1024 3315 1063 3392 γῆ
1077 3309 1101 3373 τ’
1123 3310 1216 3374 άνεισ’
1234 3314 1276 3378 είς

172 3417 286 3500 αίθέρα,
305 3419 384 3499 Πρὶν
399 3416 435 3496 ἔξ
449 3421 520 3498 ε’μοῦ
535 3443 584 3481 σοι
600 3418 670 3482 aar?
687 3419 855 3494 ἀπαντῆσαι
869 3416 974 3496 λόγον.
1014 3412 1155 3500 AEscltyli
1171 3414 1273 3477 locum

175 3521 281 3584 Prom.
293 3540 364 3604 991.
383 3519 529 3584 indicavit
542 3517 754 3590 Abreschius;
780 3532 950 3602 utrumque
965 3515 1136 3602 respexisse
1152 3516 1275 3580 videtur

173 3622 381 3686 Philostratus
402 3624 441 3686 V.
455 3625 497 3686 A.
518 3638 609 3700 7.14.
633 3645 666 3708 ρ.
683 3639 755 3704 291.
778 3621 852 3701 ὑπὲρ
873 3620 996 3692 τούτων,
1022 3619 1048 3680 εἰ
1070 3615 1211 3682 καταλύοι
1233 3644 1276 3685 τις

173 3725 258 3802 αύτᾶ,
275 3729 325 3789 ίτω
339 3729 396 3806 μὲν
410 3731 476 3808 πῦρ,
493 3729 543 3789 ίτω
559 3727 591 3787 δὲ
606 3723 744 3798 πέλεκυς,
759 3723 798 3788 ὡς
817 3721 931 3799 νικήσει
949 3720 1038 3783 αὐτὸν
1053 3720 1140 3783 οὐδὲν
1152 3718 1274 3796 τούτων,

173 3828 240 3891 οῦδὲ
258 3831 288 3895 ἐς
303 3831 402 3892 ὁτιοῦν
416 3829 540 3910 περιελᾷ
555 3831 677 3909 ψεῦδος.
698 3826 800 3890 ΡΟΒ.

214 3945 291 4015 522.
306 3929 465 4013 πίμπλαθ’]
482 3928 633 3992 πέπλασθ
649 3928 682 4011 (i.
699 3951 725 3990 c.
742 3924 901 4006 πίπλασθ)
919 3924 994 3987 Ald.

215 4050 291 4117 524.
315 4032 415 4096 Vertit
439 4031 548 4095 Cicero
569 4031 609 4094 dc
632 4029 696 4094 Off
712 4048 742 4114 3.
761 4047 810 4091 21.
856 4027 945 4090 Nam
970 4028 999 4089 αι’
1024 4026 1207 4090 violandum
1231 4036 1276 4089 est

161 4137 235 4219 ρ’τιι,
250 4135 411 4222 regnandi
422 4143 504 4220 grat
503 4135 538 4196 1ο
491 4132 741 4198 tViolaudam
757 4139 823 4201 ας1,·
844 4130 919 4193 aliis
934 4128 1074 4191 rebus
1035 4138 1106 4214 ρτε1
1093 4137 1189 4193 tatem
1204 4128 1275 4191 cole.

174 4237 299 4302 Deinde
321 4236 441 4324 pergit:
475 4237 618 4321 Capital'
607 4256 635 4297 ις
594 4233 802 4309 l,Eteoclea
824 4231 873 4295 vol
889 4232 999 4318 potius
1013 4230 1202 4314 Ειιτὶρτθοα,
1222 4232 1276 4314 qui

171 4341 207 4404 td
219 4363 332 4417 ιιιιτιπι,
346 4339 428 4426 quod
440 4335 837 4419 sceleratissimumjicerit‚
853 4333 1031 4420 acceperim
1064 4328 1142 4393 ubi
1134 4348 1276 4417 ineptum

741 4459 759 4498 1
