2864 4914
183 275 248 338 258
545 274 922 340 ANNOTATIONES

184 447 300 512 Noster
323 445 423 534 Hipp.
443 465 515 522 142.
532 449 575 511 Σὺ
590 451 647 530 γὰρ
662 448 773 522 ἔνθεος,
790 446 813 511 δ
832 448 931 529 κούρα,
952 443 957 533 Ι
977 442 1027 510 εἴτ’
1045 445 1078 508 ἐκ
1099 441 1212 517 Πανὸς,
1228 439 1281 507 εἶά

182 546 319 624 Ἑκάτας,
339 547 345 637 Ι
363 547 381 629 ἢ
404 555 521 630 σεμνῶν
545 548 817 637 Κορυβάντων,Ιῆ
838 549 948 632 ματρὸς
969 547 1084 629 οὐρείας
1107 543 1282 628 φοιταλέου.

185 651 329 718 Incertus
359 651 454 715 Rhes.
477 652 531 737 36.
559 651 628 716 ἀλλ’
657 650 675 733 ἢ
705 653 833 735 Κρονίου
863 650 967 717 Πανὸς
990 651 1118 733 τρομερᾷ
1136 647 1143 735 Ι
1160 646 1286 729 μάστιγι

184 760 287 836 φοβεῖ.
311 755 428 818 ELM.
465 753 562 817 Adde
577 753 721 841 AEsohyli
740 754 851 841 Suppl.
870 754 943 835 786.

230 872 322 941 1173.
346 857 531 942 ἀνωλόλυξε]
561 856 615 921 Gl.
641 858 708 920 ἀντὶ
733 861 786 920 τοῦ
813 857 929 936 ηὔξατο,
955 852 1017 933 μετ’
1042 854 1130 936 εὖχῆς
1159 851 1282 931 έβάπσε.

186 957 334 1024 Similiter
351 958 533 1024 ‘scholisstes
546 959 587 1023 ad
603 957 825 1047 Aristophanis
848 959 923 1021 Pac.
940 971 994 1040 97.
1013 956 1169 1032 ὀλολύζειν
1190 951 1286 1017 inter·

184 1074 328 1146 pretatur
341 1062 376 1124 τδ
390 1066 465 1142 μετὰ
480 1066 607 1145 κραυγῆς
622 1065 773 1147 εὔχεσθαι.
797 1058 995 1149 Hesychius:
1010 1056 1173 1140 ὈλολυγιΙ.
1198 1056 1284 1138 φωνὴ

183 1169 340 1242 γυναικῶν,
355 1163 393 1242 ἣν
406 1171 559 1229 ποιοῦνται
582 1167 616 1229 έν
637 1172 700 1232 τοῖς
719 1168 808 1247 ἱεροῖς
830 1165 997 1247 εὐχόμενοι.
1043 1160 1142 1225 Plura
1155 1157 1283 1223 vidend

184 1264 313 1330 Heracl.
330 1267 402 1350 782.
428 1266 542 1331 ELM.

227 1369 297 1448 πρίν
319 1366 346 1449 γ’
370 1369 441 1456 ὁρᾷ]
464 1371 541 1451 Πρὶν
565 1393 636 1434 cum
662 1369 830 1435 indicativo
851 1370 946 1434 donec
971 1367 1096 1433 totidem
1119 1363 1281 1452 signifieat.

184 1469 359 1557 AEschylus
375 1473 482 1535 Prom.
498 1474 574 1553 478.
589 1472 642 1536 οὐκ
656 1472 693 1553 riv
708 1470 830 1552 ἀλέξημ’
845 1471 943 1546 οὐδὲν,
959 1472 1026 1535 οὕτε
1039 1469 1205 1551 βράσιμον,
1223 1465 1230 1552 Ι
1249 1465 1284 1529 οὗ

183 1572 320 1655 χριστὸν,
336 1574 404 1637 οὐδὲ
418 1575 536 1648 πιστὸν,
547 1577 629 1639 ἀλλὰ
644 1577 807 1658 φαρμάκων
824 1573 831 1662 Ι
850 1577 937 1660 χρεία
952 1570 1200 1645 κατεσκέλλοντο,
1214 1569 1285 1650 πρίν

184 1671 212 1753 γ’
230 1674 288 1755 ἐγὼ
303 1678 411 1757 σφίσιν
430 1674 436 1762 Ι
456 1677 553 1754 ἔδειξα
568 1676 687 1758 κράσεις
702 1678 796 1756 ἠπίων
811 1676 995 1756 ἀκεσμάτων.
1021 1671 1190 1761 Sophocles
1204 1672 1284 1736 OEd.

186 1775 230 1839 Τ.
256 1792 327 1860 775.
353 1778 468 1859 ἠγόμην
491 1782 508 1842 δ
540 1779 614 1860 ἀνὴρ
633 1777 638 1866 Ι
658 1780 757 1843 ἀστῶν
784 1778 926 1863 μέγιστος
956 1783 1016 1843 τῶν
1044 1779 1116 1850 teet,
1142 1777 1213 1857 πρίν
1234 1798 1286 1855 μοι

185 1878 258 1960 τύχη
278 1876 283 1964 Ι
302 1878 392 1943 τοιάδ’
420 1880 541 1960 ἐπέστη.
579 1880 749 1969 Euripides
775 1882 856 1947 Hec.
883 1899 952 1967 132.
977 1880 1104 1945 σπουδαὶ
1129 1880 1161 1943 δὲ
1183 1877 1286 1958 λόγων

186 1981 438 2059 κοτατεινομένων
457 1981 462 2068 Ι
481 1981 561 2061 ἦσαν
576 1985 639 2046 ἴσοι
653 2008 724 2058 πως,
736 1984 806 2065 πρὶν
820 1986 837 2047 ὁ
850 1985 1066 2064 ποικιλάφρων,
1086 1979 1093 2068 Ι
1112 1983 1204 2054 κάπις,
1219 1980 1285 2058 ἡδυ-

184 2082 284 2164 λόγος,
315 2084 533 2167 δημοχαριστὴς
551 2086 557 2172 Ι
576 2084 757 2167 Λαερτιάδης
785 2086 881 2150 πείθει
910 2087 1065 2167 στροτιάν,
1090 2084 1146 2147 δια.
1169 2081 1284 2146 ΕΙ.Μ.

186 2183 283 2248 Adde
300 2185 373 2271 Iph.
391 2189 435 2251 A.
450 2187 523 2271 489.
1244 2185 1248 2190 ’

229 2288 316 2372 κατὰ]
337 2288 542 2354 scribendum
559 2295 607 2355 διὰ
621 2315 664 2355 ενι
676 2293 718 2354 Α.
734 2305 766 2355 et
781 2291 867 2355 Flor.
884 2289 994 2355 tribus.

233 2405 323 2472 1174.
341 2392 399 2455 ἀπὸ
418 2391 501 2474 (libri
517 2395 588 2473 ἀπο)
608 2394 696 2475 κόρας
710 2392 915 2477 στρέφουσαν]
944 2393 1018 2456 Ηος
1039 2404 1085 2454 est
1105 2392 1192 2471 κόρας
1210 2390 1285 2453 ἀπο-

186 2490 391 2573 στρέφουσου.
432 2494 561 2558 Monuit
577 2493 745 2558 Heothius.

234 2613 326 2678 1179.
343 2597 517 2686 συμφοράν]
534 2597 689 2680 συμφοράς
702 2600 745 2661 Α.
761 2612 793 2661 et
809 2599 836 2662 F
840 2597 894 2661 lor.
912 2619 1002 2661 uuus.

235 2698 324 2760 1181.
342 2696 379 2761 ἂν
396 2699 491 2763 ἕλκων
508 2699 704 2785 Schaeferus.
732 2699 914 2786 Legebutur
928 2698 1073 2764 ἀνέλκων.
1145 2691 1151 2701 ’

231 2798 395 2881 ἑκπλέθρου
418 2800 574 2866 Reiskius.
614 2802 704 2866 Libri
727 2803 901 2884 ἔκπλεθρον.
941 2799 1115 2883 “Πλέθρον
1136 2823 1199 2865 nou
1220 2823 1287 2864 esse

176 2902 349 2986 jugerum,
366 2901 420 2965 sed
435 2919 553 2966 sextam
566 2904 657 2968 stadii
672 2919 805 2991 partem,
821 2902 853 2968 id
868 2918 925 2981 est,
941 2919 1068 2968 centum
1083 2902 1201 2990 pedum
1216 2926 1286 2989 spa-

188 3002 278 3080 tium,
309 3025 401 3068 nemo
429 3005 560 3091 ignorat.
607 3007 799 3094 Designatus
835 3005 931 3093 igitur
960 3005 1095 3092 spatium
1126 3003 1285 3093 temporis,

189 3120 342 3193 quantum
367 3107 460 3172 unius
479 3108 569 3173 stadii
591 3109 696 3174 cursui
717 3109 861 3174 faciendo
882 3109 1006 3175 sufficit.
1053 3113 1161 3173 Κῶλον
1180 3125 1285 3172 autem

189 3231 263 3274 ertu
286 3209 350 3273 sive
368 3212 478 3297 pedem
501 3211 663 3298 signifieat,
679 3235 743 3298 quo
758 3234 848 3276 sensu
866 3216 962 3276 κῶλον
977 3212 1073 3292 δεξιὸν
1087 3212 1168 3276 dixit
1182 3226 1289 3276 noster

190 3312 430 3394 Phoen.1421.”
452 3315 566 3378 ELM.

238 3418 328 3478 1186.
355 3418 488 3496 κείμενος
509 3421 633 3502 πλόκος]
656 3419 750 3482 Rom.
767 3419 852 3481 Α.Β.
868 3419 1000 3497 κείμενος
1019 3419 1136 3498 κόσμος.
1184 3418 1223 3481 In
1248 3419 1288 3482 B.

192 3519 450 3605 suprascriptum
466 3527 490 3599 β
505 3546 536 3596 ο,
554 3535 590 3583 ut
612 3519 651 3583 sit
668 3520 778 3599 κόσμος
800 3521 941 3599 κείμενος.
979 3520 1102 3584 Variam
1127 3518 1287 3584 lectionem

192 3620 302 3698 κόσμος
315 3620 348 3684 in
362 3621 503 3705 margine
517 3636 737 3686 commemorat
751 3622 843 3687 etiam
860 3625 968 3688 Havn.
993 3624 1184 3687 MATTH.

238 3722 331 3804 1187.
353 3723 531 3808 παμφάγου]
549 3726 618 3788 Vox
634 3746 695 3788 non
712 3724 802 3789 valde
818 3724 943 3812 tragica.
974 3733 1086 3809 φαγεῖν
1099 3725 1181 3790 enim
1203 3726 1288 3813 apud

191 3846 243 3888 eos
258 3846 320 3887 non
335 3839 437 3889 exstat
452 3825 508 3889 nisi
525 3826 555 3889 in
573 3826 704 3915 satyrios
719 3827 835 3892 fabulo.
859 3829 976 3892 ELM.

238 3927 329 3990 1188.
346 3929 391 4011 δὲ]
410 3952 442 3991 τε
457 3930 500 3991 A.
516 3943 547 3991 et
564 3928 654 3993 Laso.

235 4029 354 4112 λεπτοὶ]
371 4031 473 4092 λευκοὶ
488 4029 574 4094 Flor.
592 4046 664 4094 tres.

240 4131 331 4215 1189.
348 4130 473 4214 λευκὴν]
489 4131 603 4210 λεπτὴν
618 4135 700 4197 AB.
717 4148 748 4197 et
764 4135 848 4199 Flos.
866 4151 935 4199 tres.

239 4250 332 4318 1192.
350 4234 498 4314 ἀραρότως
512 4233 633 4297 codices
647 4250 679 4299 et
696 4238 785 4301 Laso.
810 4235 957 4319 ἀρηράτως
973 4236 1049 4300 Ald.

240 4356 330 4418 1194.
348 4337 441 4399 Rom.
456 4337 492 4399 B.
509 4337 582 4399 Par.
597 4337 634 4400 Β.
649 4339 740 4405 Lasc.
758 4342 800 4407 δὶς
814 4338 906 4404 τόσον
920 4340 943 4402 τ’
961 4340 1118 4420 ἐλάμπετο.
1143 4342 1237 4404 Rom.
1253 4343 1290 4404 C.

193 4442 237 4507 δίς
260 4443 352 4503 τόσον
377 4437 535 4517 ἐλάμπετο.
561 4438 636 4503 ΑΙά.
662 4441 705 4508 δὶς
731 4443 823 4506 τόσον
846 4440 882 4505 δ’.
910 4443 1004 4508 Rom.
1023 4445 1065 4507 A.
1091 4444 1163 4507 Pur.
1181 4445 1225 4507 A.
1249 4444 1292 4510 δὶς
