2864 4914
194 261 239 324 42
559 256 938 323 ANNOTATIONES

194 431 236 497 ad
253 431 352 518 Sopb.
368 429 449 495 Phil.
465 431 540 511 482.
562 428 648 493 etad
672 427 786 515 Eurip.
803 429 874 493 Ion.
894 428 987 509 1416.
1009 428 1127 505 Τύλμα,
1142 424 1298 511 producto

195 561 226 614 o,
245 533 338 622 plane
359 547 395 597 ut
417 531 511 614 γίννᾶ
531 531 713 619 Euripides,
736 530 816 595 dixit
839 530 997 596 Pindarus
1018 528 1148 616 Olymp.
1172 546 1295 614 9,122.

198 657 249 725 13,
269 657 317 717 14

242 742 312 806 162.
327 736 477 820 πρέσβυς]
496 735 650 801 Priamus.

245 844 312 928 163.
335 843 436 919 ποίαν,
457 838 476 920 ἢ
498 842 608 905 ταύταν
629 838 647 919 ἢ
671 842 783 917 κείναν,
809 841 954 928 στείχω;]
982 839 1130 903 Similiter
1151 862 1181 903 v.
1206 839 1296 900 1060.

195 945 294 1017 ποίαν,
311 942 329 1022 ἢ
343 944 455 1009 ταύταν
469 939 488 1021 ἢ
502 941 594 1016 τάνδ’,
612 941 765 1022 ἐξαλλάξω
777 970 785 1017 ;

241 1047 313 1126 164.
336 1046 414 1129 ἥσω]
440 1043 531 1108 Libri
552 1044 604 1108 ulii
627 1045 682 1122 sic,
697 1044 748 1109 alii
770 1067 843 1109 cum
865 1044 975 1130 spiritu
998 1042 1059 1107 leni
1077 1043 1153 1124 ἥσω,
1172 1041 1213 1106 de
1232 1062 1298 1127 quo

195 1148 303 1235 inepta
317 1160 363 1211 est
378 1146 550 1211 scholiastae
572 1147 769 1212 recentissimi
792 1146 962 1225 annotatio,
976 1146 1050 1227 ἥσω,
1073 1145 1204 1226 ὁρμήσω.
1236 1147 1298 1223 ίημι

196 1250 229 1314 τδ
251 1253 331 1331 ὀρμῶ
353 1249 401 1314 καὶ
421 1250 595 1331 πορεύομαι,
619 1253 636 1314 ὁ
658 1250 781 1330 μέλλων
800 1249 875 1330 ἥσω,
891 1249 940 1314 καὶ
957 1252 1111 1333 ψιλοΰτοι,
1127 1249 1189 1327 ίημι
1208 1248 1241 1310 δὲ
1262 1245 1298 1309 τδ

195 1352 301 1433 πέμπω
316 1353 488 1417 δασύνεται.
521 1359 575 1416 ποῖ
587 1351 612 1416 δ’
626 1355 690 1432 ἥσω
707 1355 785 1418 πόδα
806 1375 868 1417 non
891 1353 971 1416 male
992 1351 1124 1438 conjecit
1139 1348 1298 1427 Reisltius,

196 1455 249 1519 sed
265 1453 345 1519 male
361 1453 475 1518 delevit
489 1458 559 1533 ποῦ,
575 1469 697 1520 mutato
710 1480 754 1522 τις
768 1455 800 1518 in
814 1457 870 1523 τίς.
914 1453 1057 1537 Ὁρμάσω
1074 1451 1232 1518 memoriae
1251 1474 1299 1516 er·

195 1581 276 1635 rore,
292 1569 329 1622 ut
344 1556 481 1636 videtur,
502 1559 608 1645 posuit
631 1557 804 1646 Dionysius
826 1557 903 1622 Hal.
918 1558 958 1622 de
973 1572 1082 1622 struet.
1097 1571 1175 1620 orat.
1197 1579 1228 1619 c.
1247 1575 1297 1638 17.

195 1683 229 1748 p.
245 1660 318 1724 218.
335 1658 384 1724 ed.
403 1659 517 1724 Scbaef.
532 1660 556 1724 si
573 1662 641 1747 ejus
655 1660 751 1725 verba
764 1660 806 1725 ad
820 1659 905 1724 bunc
919 1659 1021 1724 locum
1037 1674 1110 1723 sunt
1125 1656 1299 1732 referenda,

197 1765 358 1826 σπονδεῖος
379 1758 494 1840 ἂξίωμα
515 1762 578 1844 ἔχει
597 1761 677 1842 μέγα
696 1762 745 1826 καὶ
764 1764 931 1842 σεμνότερα
951 1761 1078 1842 πολλήν.
1112 1760 1300 1842 παράδειγμα

197 1865 230 1927 δὲ
245 1862 335 1928 αύτοΰ
355 1865 433 1937 τόδε,
451 1867 550 1928 Ποίαν
565 1862 626 1943 δῆθ’
642 1865 770 1947 ὀρράσω,
786 1866 897 1930 ταύταν
910 1864 929 1945 ἢ
944 1869 1056 1945 κείναν,
1073 1867 1175 1930 κείναν
1193 1861 1212 1945 ἢ
1227 1864 1295 1927 ταύ-

196 1991 262 2030 ταν.
287 1965 341 2029 ubi
365 1980 523 2053 postrema
544 1969 646 2032 κείναν
659 1965 678 2047 ἢ
691 1970 803 2033 ταύταν
817 1967 950 2033 delenda
963 1991 1028 2032 esse
1044 1967 1167 2032 monuit
1183 1969 1298 2030 Porso-

196 2090 267 2132 nus.
299 2070 446 2132 Ceterum
463 2067 494 2131 in
507 2068 585 2133 Ald.
597 2094 703 2135 versus
717 2071 760 2135 sic
775 2085 848 2135 suut
863 2070 1011 2145 distincti,
1023 2073 1255 2153 στείχω-θεῶν
1274 2070 1280 2156 Ι

195 2167 421 2252 ἢ-ίπαρωγύς,
443 2170 447 2257 Ι
467 2170 491 2235 ol
521 2172 765 2259 κάκ’-Τρῳάδες
783 2173 789 2262 Ι
808 2171 832 2238 ὦ
858 2171 1082 2253 κάκ’-πήματα
1101 2171 1106 2260 Ι
1126 2171 1298 2238 άπωλάσατ’

195 2297 290 2353 -μοι
309 2271 313 2358 Ι
332 2273 525 2355 βίος-φάει.

244 2376 315 2459 165.
340 2377 463 2462 δαίμων]
488 2379 637 2457 δαιμόνων
657 2380 746 2443 Β.Η.
768 2378 885 2466 aliique
906 2379 1042 2467 plurimi.
1075 2380 1188 2459 δαίμων
1210 2376 1298 2442 Flor.

196 2491 356 2565 quattuor.
402 2481 479 2543 Duo
493 2480 544 2543 alii
559 2484 672 2564 δαίμων
687 2482 759 2547 ἔστ’.
798 2485 879 2547 Cum
903 2507 946 2549 τις
960 2487 1036 2546 θεῶν
1049 2479 1067 2561 ἢ
1082 2482 1195 2561 δαίμων
1211 2481 1298 2544 Mat-

197 2579 273 2645 tbiae
294 2581 486 2667 comparavit
509 2581 626 2647 Electr.
648 2604 739 2669 1233.
755 2583 824 2649 ἀλλ’
840 2586 902 2648 οἵδε
924 2586 1022 2665 δόμων
1040 2586 1115 2665 ὑπὲρ
1129 2583 1300 2665 ἀκροτάτων

198 2685 345 2766 φαίνονσί
355 2709 434 2751 τινες
447 2687 584 2763 δαίμονες
597 2682 615 2763 ἢ
631 2690 707 2750 θεῶν
720 2692 779 2749 τῶν
794 2686 949 2767 οὐρανίων.

245 2787 316 2850 166.
332 2787 523 2872 ἑνεγκοῦσαι]
543 2788 626 2860 Quae
638 2787 802 2864 attulistis,
818 2787 838 2851 i.
854 2810 880 2851 e.
895 2791 1080 2854 nantonis.

245 2903 316 2969 171.
338 2887 449 2969 άγησαι
470 2892 508 2970 τᾷ
529 2889 619 2972 γραίᾳ
641 2887 665 2951 si
687 2887 807 2974 scripsit
823 2888 1005 2977 Euripides,
1019 2890 1154 2956 dimetro
1167 2890 1301 2977 brachy-

197 2989 346 3054 catalecto
362 3012 438 3053 usus
452 3004 510 3067 est,
526 2989 608 3054 bona
622 2989 750 3076 quidem
770 3013 826 3076 per
840 3014 873 3055 se
887 2992 978 3056 metri
992 2994 1103 3070 forma,
1119 2992 1173 3057 sed
1196 2993 1302 3057 minus

197 3090 349 3178 probabili
366 3090 397 3152 in
413 3090 472 3156 boc
487 3093 566 3171 loco,
579 3092 633 3156 ubi
649 3092 699 3156 vel
713 3093 787 3160 ποὺς
800 3116 840 3157 ex
854 3117 945 3159 versu
964 3095 1152 3183 praeoedenti
1167 3096 1199 3159 iu
1215 3095 1301 3160 huuc

198 3191 356 3258 transferri
373 3207 486 3279 potest,
502 3208 538 3258 ut
554 3193 585 3257 in
600 3191 678 3259 Ald.
694 3193 825 3272 factum,
833 3194 882 3258 vel
898 3200 1006 3281 γηραιᾷ
1021 3197 1112 3262 scribi
1126 3221 1198 3262 cum
1217 3201 1301 3262 Her-

198 3317 324 3358 manno.

245 3409 318 3477 172.
340 3396 415 3477 πρὸς
429 3395 509 3460 τάνδ’
526 3397 635 3482 αὐλάν]
661 3399 713 3462 Ex
737 3398 795 3463 boc
818 3399 885 3464 loco
901 3400 1092 3487 Hesychius,
1108 3405 1191 3485 Πρδς
1212 3405 1302 3469 τάνδε

198 3497 312 3562 aiddu:
335 3496 410 3578 πρὸς
422 3500 531 3577 ταύτην
545 3500 600 3577 τὴν
615 3500 719 3580 αύλήν.

242 3597 386 3663 ύτίκνον
401 3596 424 3661 d
438 3599 661 3681 παῖ-ματέρος
682 3602 789 3687 αύδάν]
816 3605 914 3667 Hunc
936 3603 1038 3669 locum
1060 3607 1203 3672 imitatur
1225 3609 1301 3673 Ari-

197 3701 300 3789 stopb.
317 3702 405 3766 Nub.
427 3699 559 3785 1165.d
579 3701 693 3777 τέκνον,
711 3701 734 3767 ὦ
754 3712 818 3778 παῖ,
842 3704 938 3785 ἔξελθ’
954 3709 1052 3781 οἴκων,
1073 3707 1078 3794 Ι
1098 3710 1146 3774 dle
1168 3716 1225 3776 σοῦ
1246 3738 1303 3776 πα-

197 3807 313 3990 Τρόίςίά·
337 3907 363 3967 ὅ·
386 3901 513 3983 ματέρος
531 3902 536 3989 Ι
557 3903 823 3988 ἕίῑλίί-μᾱῐέρθς
841 3907 846 3995 Ι
866 3909 1065 3997 amar-672
1083 3910 1089 3999 Ι
1108 3917 1177 3979 οἵαν
1191 3918 1259 3980 clav
1278 3916 1283 4003 Ι

199 4009 397 4088 ὀίω-ψυχᾶς
413 4003 492 4067 Αίιί.

245 4125 316 4192 174.
333 4106 423 4192 εἰδῇς]
443 4105 533 4170 Libri
548 4106 675 4192 plurimi
689 4112 762 4194 ἴδῃς.

244 4213 314 4294 176.
330 4208 448 4291 φάμαν]
466 4207 570 4289 φήμαν
585 4210 671 4273 Flor.
687 4211 760 4275 duo.

244 4331 315 4399 179.
332 4309 468 4392 καρύξατ’
485 4312 522 4375 Β.
539 4311 635 4376 etalii
652 4327 812 4398 quattuor.
848 4313 985 4394 κηρύξασ’
1002 4317 1080 4381 Ald.
