2864 4914
162 284 226 347 280
523 281 900 346 ANNOTATIONES

208 455 281 539 738.
299 454 580 541 κάπικηρυκειίμασι]
597 453 867 534 κᾶπικηρυκεάματα
880 449 956 536 legit
970 445 1145 522 scholiasta,
1160 445 1260 523 έπικη-

162 559 328 639 ρυκεύματα
342 557 399 638 γάρ
415 558 474 619 εἰσι
488 559 525 619 τὰ
540 560 587 621 διὰ
601 562 660 621 τῶν
677 554 868 638 κηρυγμάτων
882 554 1044 635 γιγνόμενα
1058 548 1130 630 πρὸς
1145 547 1260 629 φιλίαν.

163 664 256 723 κεῖται
270 658 324 722 οὖν
337 660 355 737 ἡ
369 645 532 736 λέξιςάντί
551 663 604 721 τοῦ
625 662 677 736 τῆς
698 659 812 739 φιλίας.
847 658 882 742 τῇ
902 657 934 719 δὲ
955 654 1053 736 εὐθείᾳ
1067 651 1133 716 ἀντὶ
1148 652 1262 727 δοτικῆς

163 761 310 844 κέχρηται.
335 760 396 824 ἔδει
410 763 468 841 γὰρ
483 763 588 834 εἰπεῖν,
605 761 653 824 καὶ
672 765 733 827 τοῖς
755 759 1019 840 ἔπικηρυκεύμασιν
1032 756 1086 818 οὐκ
1100 753 1138 818 άν
1152 754 1260 816 πίθοιο.

164 864 293 942 Δίδυμος
308 861 341 925 δέ
355 870 431 943 φησι
442 859 594 927 ἐλλείπειν
609 862 663 941 τὴν
678 867 733 926 cta
756 865 805 926 διὸ
818 864 856 925 τὰ
868 859 1124 940 έπικηρυκεθματα.
1150 853 1262 918 Paullo

162 978 235 1028 ante
257 963 389 1051 legitur:
412 965 452 1043 μὴ
468 967 581 1045 ὀμόσας
595 967 639 1042 δὲ,
657 966 746 1046 φίλος
767 963 867 1046 γένοιο
883 963 982 1028 αὐτοῖς
1001 963 1049 1024 διὰ
1063 963 1115 1022 τοῦ
1129 960 1262 1037 ἐπικηρυ-

148 1069 313 1157 1κειίματος.
338 1066 421 1131 θέλει
436 1070 541 1142 είτεῖν,
558 1069 624 1132 άντί
638 1071 691 1131 τοῦ
702 1067 990 1146 έπικὴρενκειίμασιν.
1013 1065 1110 1126 λείπει
1125 1061 1158 1124 δὲ
1171 1061 1190 1139 ἡ
1204 1063 1260 1123 διὰ.

163 1170 259 1234 Latet
275 1169 325 1234 bic
339 1168 469 1255 aliquid,
485 1169 571 1255 quod
586 1170 736 1234 extricare
751 1191 883 1254 nequeo.
907 1167 1023 1231 ELM.

207 1289 279 1357 739.
304 1271 413 1336 οὐκᾶν
433 1273 546 1357 πίθοιο]
573 1275 646 1337 Hoc
667 1270 855 1336 contrarium
877 1285 924 1334 est
937 1269 1006 1356 ejus
1024 1264 1111 1354 quod
1131 1264 1190 1329 dici
1209 1263 1262 1328 de-

163 1373 240 1438 buit.
275 1373 480 1438 Scribendum
496 1373 561 1457 τάχ’
578 1374 616 1438 ἂν
629 1375 728 1438 πίθοιο
743 1394 814 1437 cum
831 1371 1080 1458 Wyttenbachio
1095 1366 1177 1432 Bibl.
1192 1366 1261 1431 crit.

164 1493 194 1552 2,
215 1496 240 1538 1.
257 1498 289 1562 p.
305 1479 355 1557 67.
372 1478 425 1541 οὐκ
439 1475 571 1540 fortuito
585 1475 692 1540 calami
712 1475 800 1562 lapsu
824 1475 959 1561 positum
977 1473 1102 1537 videtur
1115 1471 1156 1535 ab
1170 1469 1262 1534 libra-

161 1577 209 1641 rio
222 1577 337 1642 codicis
351 1578 569 1664 antiquissimi.

207 1699 278 1762 742.
302 1680 534 1766 ἀσφαλέστατα]
561 1680 777 1762 ἀσφαλέστερα
798 1678 918 1766 aliquot
941 1677 1011 1742 libri
1033 1693 1064 1741 et
1088 1676 1165 1742 Chr.
1190 1678 1260 1740 Pal.

163 1783 238 1863 781.

207 1902 279 1969 745.
296 1885 354 1946 σόν
367 1884 408 1965 τ’]
425 1884 483 1947 σὸν
498 1884 521 1949 δ’
538 1883 618 1948 Ald.
634 1899 667 1947 et
681 1885 776 1947 Rom.
792 1886 832 1948 C.

207 1989 282 2069 746.
306 1987 393 2069 ὄμνυ]
421 1989 522 2066 ὄμνυε,
545 1987 647 2050 forma
671 1987 828 2051 veteribus
847 1984 999 2065 inaudita,
1020 2001 1067 2050 est
1088 1984 1118 2049 in
1144 1984 1262 2072 aliquot

162 2088 256 2152 codd.
273 2103 304 2152 et
321 2089 412 2152 Lasc.

207 2191 322 2272 πατέρα
343 2188 495 2255 θ’Ἥλιον
509 2192 620 2274 πατρὸς
639 2190 644 2278 Ι
662 2193 780 2273 τούμοῦ,
797 2198 874 2257 θεῶν
895 2218 929 2256 τε
950 2192 1096 2258 συντιθεὶς
1112 2190 1192 2254 άπαν
1213 2191 1263 2272 γε’-

164 2296 226 2379 υος]
256 2296 327 2358 Par.
345 2296 427 2358 B.D.
445 2297 521 2359 Put.
535 2317 643 2358 omnes
665 2318 723 2381 pro
738 2318 802 2359 var.
818 2296 888 2359 lect.
903 2296 989 2375 ἡλίου
1004 2293 1030 2358 θ
1047 2293 1142 2375 ἁγνὸν
1156 2292 1261 2372 σέβας,

164 2397 249 2484 quod
266 2396 306 2461 ad
323 2420 352 2460 v.
367 2415 439 2483 735.
456 2398 488 2481 [7
491 2398 560 2482 52.]
579 2397 733 2484 pertinere
744 2412 847 2462 censet
859 2397 1074 2486 Musgravius.
1098 2398 1166 2460 Hic
1180 2399 1263 2459 euim

161 2502 259 2564 lomim
272 2501 383 2564 lutere
394 2522 457 2562 nou
470 2510 583 2586 porcat,
595 2500 650 2577 ait,
662 2511 793 2587 propter
805 2521 906 2564 vocem
921 2501 1038 2580 τούμοῦ.
1061 2500 1160 2562 Putat
1170 2496 1263 2561 etiarn

163 2603 259 2683 σέβας
280 2626 345 2666 esse
368 2624 426 2688 pro
448 2601 553 2668 σέλας.
599 2601 660 2665 Sed
687 2602 782 2684 ἁγνάν
805 2602 902 2681 σέβας
921 2601 1071 2665 dixerunt
1092 2600 1264 2687 AEscbylus

162 2707 260 2769 Eum.
277 2706 348 2768 888.
367 2702 625 2789 Myrmidonibus
639 2704 725 2791 apud
743 2705 935 2768 Athenaeum
951 2728 981 2791 p.
999 2708 1061 2768 602
1078 2705 1117 2767 E.
1144 2704 1264 2791 Sopho-

161 2806 224 2871 cles
239 2805 319 2870 OEd.
337 2808 377 2868 Τ.
396 2809 468 2890 830.
485 2805 568 2870 Phil.
588 2810 681 2889 1289.
704 2807 876 2894 Euripides
892 2809 980 2894 Cycl.
997 2810 1073 2892 576.
1112 2809 1193 2871 Haec
1208 2830 1261 2870 ex·

163 2907 266 2995 empla
280 2907 385 2973 attulit
402 2909 571 2971 Porsonus.
594 2910 708 2972 ELM.

208 3013 282 3093 748.
300 3009 391 3073 Idem
408 3031 515 3072 versus
531 3009 638 3096 Iphig.
655 3013 698 3074 T.
715 3013 789 3096 738.

211 3130 283 3197 751.
302 3119 358 3187 ζῶν
374 3113 464 3174 Lasc.
481 3111 559 3174 Ald.
576 3126 607 3176 et
621 3112 742 3199 aliquot
757 3113 888 3177 codices.
921 3119 975 3196 γῆς
990 3116 1074 3179 ΑΒ.
1090 3114 1216 3201 aliique.

209 3235 281 3301 752.
304 3215 443 3295 λαμπρὸν
464 3212 574 3279 Ἡλίου
600 3242 633 3280 τε
658 3223 722 3298 φῶς
748 3216 826 3280 Ald.
847 3218 940 3281 Rom.
968 3218 1054 3282 C.D.
1081 3220 1218 3299 λαμπρόν
1238 3216 1263 3280 θ’

165 3320 252 3398 ἡλίου
274 3343 305 3381 τε
328 3324 390 3399 φῶς
413 3316 498 3380 Flor.
519 3334 568 3401 15.
584 3320 722 3400 λαμπράν
742 3317 767 3382 θ’
783 3321 869 3399 ἡλίου
891 3318 969 3401 φάος
991 3319 1076 3384 Flor.
1094 3323 1135 3383 A.
1155 3323 1265 3406 (equo

165 3423 301 3503 λαμπρός
316 3422 492 3502 enotatnm)
509 3422 602 3484 Rom.
620 3422 705 3484 A.B.
723 3421 809 3486 Flor.
830 3442 878 3486 ιο.
896 3424 1004 3486 Havn.
1020 3423 1158 3503 λαμπρὸν
1179 3424 1265 3501 ἡλίου

165 3524 250 3604 φάος.
275 3524 467 3587 ΜΑΤΤΗ.
513 3523 650 3586 Restitui
664 3546 768 3587 veram
791 3524 975 3611 scripturam
997 3524 1107 3590 Ἡλίου
1129 3524 1155 3589 θ’
1172 3524 1266 3607 ἁγνὸν

167 3626 272 3704 σέβας,
291 3627 328 3689 de
343 3649 408 3711 qua
422 3625 485 3688 vid.
503 3625 543 3688 ad
560 3649 587 3687 v.
606 3627 677 3707 746.

210 3748 284 3812 753.
300 3732 438 3809 ἐμμενεῖν
454 3728 643 3793 Schaescrus
668 3729 807 3808 ἐμμένειν
822 3729 901 3792 libri.

210 3849 226 3913 7
230 3851 283 3913 54.
308 3833 399 3911 άρκεῖ.
422 3834 452 3895 τί
474 3830 497 3895 δ’
521 3834 597 3917 ὅρκῳ
619 3836 693 3917 τῷδε
713 3832 754 3912 μὴ
776 3831 905 3910 ’μμένων
927 3830 1069 3917 πάθοις;]
1098 3831 1138 3896 Id
1159 3844 1218 3907 est,
1239 3833 1269 3894 τί

165 3938 274 3997 παθεῖν
289 3936 371 4016 εὔχει
387 3937 441 3999 ἐὰν
454 3936 494 4014 μὴ
509 3937 586 4019 ὅρκῳ
608 3938 682 4020 τῷδε
700 3933 835 4020 έμμένῃς.
880 3933 1067 4020 Optativum
1083 3958 1154 3999 cum
1171 3936 1265 3998 inter-

166 4035 326 4123 rogatione
349 4034 407 4099 boc
429 4036 523 4100 modo
546 4051 732 4123 usurpatum
754 4035 828 4100 alibi
851 4058 910 4099 non
935 4037 1044 4122 reperi.
1092 4038 1153 4101 Sed
1175 4037 1265 4101 otiam

165 4137 369 4223 imperativus
383 4137 463 4201 banc
478 4139 609 4202 sormam
627 4160 850 4224 nonnunquam
868 4138 982 4202 induit.
1016 4140 1103 4203 Bene
1119 4142 1265 4203 Graecum

167 4257 258 4317 esset,
282 4245 312 4305 τί
331 4242 426 4323 δράτω
447 4243 620 4325 Σωκράηὴς;
647 4242 687 4306 Id
708 4259 765 4320 est,
791 4244 876 4316 Quid
885 4244 998 4328 jaciat
1021 4246 1071 4308 vis
1096 4245 1266 4308 Socrates?

167 4344 281 4407 ELM.

213 4449 285 4531 758.
301 4444 426 4527 πράξασ’
443 4447 462 4510 ά
476 4446 591 4526 μέλλω,
608 4448 657 4512 καί
671 4445 788 4528 τυχοῦσ’
805 4448 825 4512 ἃ
839 4447 1004 4533 βούλομαι]
1021 4448 1117 4511 Rom.
1136 4449 1175 4511 C.
1192 4449 1265 4511 Par.
