2864 4914
193 278 259 341 144
561 275 942 343 ANNOTATIONES

197 447 309 514 meden
332 471 350 512 e
371 446 545 534 longinquo
568 448 747 536 spectantis,
769 470 866 535 quam
892 446 1058 534 imaginem
1084 467 1151 512 esse
1173 467 1213 510 ex
1235 443 1304 532 ipso

197 574 284 631 saxo,
297 543 350 614 cui
362 549 489 638 alligata
504 566 563 631 est,
580 550 735 640 sculptam
749 551 808 616 sibi
823 551 924 639 fingit.
940 551 1043 616 POR.

240 652 265 720 δ’
280 675 343 717 om.
362 654 400 716 Β.

239 773 314 841 459.
331 753 435 842 ἐνδέξῃ
449 753 579 820 codices.
605 755 707 843 ἔκδέξῃ
722 755 800 821 Ald.

238 859 313 940 460.
338 859 436 921 Hunc
457 856 561 921 locum
582 857 663 922 ridet
680 857 806 923 Strattis
822 856 992 922 Phoenissis
1006 855 1092 944 apud
1107 855 1300 920 Athenaeum

196 977 228 1039 4.
239 982 271 1046 p.
285 960 356 1024 160.
370 961 408 1023 B.
422 959 600 1042 παραινέσαι
615 962 648 1023 δὲ
663 964 752 1047 σφῷν
760 986 788 1024 τι
802 962 952 1042 βούλομαι
967 959 1077 1042 σοφὸν,
1088 955 1188 1022 Ὅταν
1202 960 1302 1038 φακῆν

196 1061 302 1144 ἔψητε,
316 1061 356 1141 μὴ
370 1059 483 1145 ’πιχεῖν
496 1062 599 1143 μύρον.
614 1062 719 1127 POR.

239 1165 313 1245 462.
330 1166 376 1250 ἔς]
396 1166 494 1229 Raecte
509 1168 551 1233 εἰς
564 1165 643 1229 Ald.

239 1269 404 1354 ξυνελθὼν]
422 1267 596 1331 revetata?
614 1266 699 1332 Flor.
717 1291 810 1333 unus.

239 1371 313 1455 463.
329 1371 410 1434 οἶσιν
423 1371 502 1458 ἥκει]
519 1370 563 1436 οῖς
578 1371 698 1450 σννήκει
712 1371 803 1437 oodd.
818 1372 921 1437 multi.

238 1474 312 1553 464.
328 1472 455 1552 μηδενὸς
468 1472 599 1538 codices.
620 1479 759 1556 μηδαμῶς
774 1473 849 1539 Ald.

238 1590 314 1656 471.
332 1578 445 1661 καιρόν]
466 1577 567 1658 καιρὸν
582 1577 665 1660 ἔχειν
677 1578 827 1642 dicuntur
845 1599 919 1663 quoe
939 1573 1104 1639 commodo
1124 1589 1157 1638 et
1178 1573 1246 1638 loco
1268 1588 1300 1637 ct

197 1691 337 1764 ternpore
350 1678 442 1756 fiunt,
458 1677 642 1764 igiturquia
657 1682 739 1744 bona
751 1694 833 1743 sunt.
850 1679 1043 1741 MATTH.

238 1795 314 1862 472.
332 1782 409 1866 αὐτῷ
424 1781 515 1867 pauci
529 1780 622 1845 codd.
645 1782 723 1866 αὐτῷ
740 1779 816 1844 Ald.

238 1898 314 1968 473.
330 1883 440 1964 πατρὸς
454 1883 595 1964 δωμάτων
608 1883 738 1948 codices
761 1883 902 1964 δωμάτων
916 1882 1028 1964 πατρὸς
1043 1879 1120 1944 Ald.

238 2000 313 2066 474
342 1985 390 2048 Ut
414 1984 465 2049 hic
487 1986 598 2067 τούμὸν
622 1989 670 2052 καὶ
694 1991 779 2052 τοῦδε
802 2009 860 2074 pro
879 1985 989 2065 τούμδν
1012 1984 1060 2048 καῖ
1081 1984 1114 2047 τὸ
1137 1988 1233 2062 τοῦδε,
1256 1985 1299 2050 sic

197 2085 298 2173 Soph.
322 2086 400 2151 OEd.
426 2090 462 2152 C.
485 2090 558 2154 606.
583 2091 631 2155 καὶ
652 2097 714 2159 πῶς
734 2088 843 2174 γένοιτ’
866 2089 905 2154 δν
925 2089 1003 2168 τάμδ
1026 2088 1168 2151 κάκείνων
1188 2087 1296 2169 πικρά;

196 2209 256 2273 pro
270 2190 348 2269 τάμδ
363 2191 411 2254 καὶ
425 2194 463 2256 τδ
477 2193 607 2257 ἐκείνων.
652 2195 783 2258 Sensum
800 2206 883 2256 recte
896 2187 1063 2278 explicavit
1080 2187 1187 2253 Valck.
1221 2189 1297 2253 Usi-

197 2303 262 2355 tata
283 2305 357 2356 sunt
378 2294 617 2376 προσκέπτεσθαι
632 2319 655 2359 s.
678 2300 861 2377 προσκοπεῖν
880 2319 919 2370 τι,
941 2307 977 2356 ut
997 2291 1085 2355 Med.
1101 2306 1175 2376 457.
1192 2291 1226 2354 τὸ
1241 2292 1299 2356 σόν

195 2420 233 2476 γε
254 2398 516 2478 προσκοπούμενος
537 2398 641 2462 Andr.
662 2414 736 2483 257.
756 2398 809 2462 κοῦ
830 2397 864 2460 τὸ
887 2396 945 2459 σδν
966 2393 1187 2478 προσκέψομαι.
1234 2395 1298 2460 Ηὶα

196 2497 239 2563 ob
261 2498 323 2562 vim
346 2499 572 2585 praepositionis
593 2502 652 2582 πρό
672 2499 800 2564 additus
820 2513 868 2562 eut
888 2496 986 2584 genit.
1008 2522 1041 2561 π.
1064 2496 1215 2576 δωμάτων,
1239 2499 1298 2580 ἐγὼ

197 2601 254 2683 πρὸ
268 2627 300 2665 π.
317 2605 389 2681 δωμ.
404 2601 640 2684 προύσκεψᾶμην
659 2602 768 2681 τούμόν
785 2627 820 2665 τε
842 2600 889 2664 καὶ
911 2600 945 2664 τὸ
968 2604 1053 2664 τοῦδε
1074 2621 1133 2687 ego
1149 2609 1300 2686 paternae

197 2703 303 2767 doraai
343 2704 497 2781 consului,
534 2725 635 2767 meum
677 2713 707 2768 et
744 2704 873 2791 hujusce
912 2704 1102 2768 commodum
1142 2713 1297 2790 spectaris.

198 2806 387 2869 ΜΑΤΤΗ.

239 2907 314 2989 487.
332 2908 368 2972 αδ
382 2908 525 2972 additum
542 2931 580 2972 ex
596 2908 664 2973 cod.
682 2908 802 2995 Kingii.

238 3010 314 3094 498.
331 3015 426 3078 δοκεῖς
439 3010 531 3075 codd.
548 3010 698 3097 plerique.
743 3010 842 3075 Pauci
857 3031 928 3074 cum
945 3009 1020 3073 Ald.
1043 3014 1130 3073 δοκεῖ.

238 3131 312 3196 499.
328 3131 402 3197 500.
421 3113 483 3177 His
498 3113 638 3178 versibus
653 3113 754 3178 utitur
770 3112 911 3177 Galenus
925 3111 984 3177 vol.
1003 3112 1033 3176 8.
1048 3135 1079 3199 p.
1096 3115 1147 3176 61.

238 3230 315 3299 502.
337 3214 485 3296 ὀνομάσαι
506 3239 614 3280 omnes
634 3215 705 3280 edd.
726 3234 758 3280 et
778 3217 879 3280 MSS.
925 3214 1023 3279 Edidi
1038 3216 1194 3294 ὀνόμασιν,
1211 3217 1297 3302 quod

196 3339 267 3381 cum
291 3316 356 3382 sine
380 3345 408 3395 ν,
433 3332 468 3383 ut
493 3319 605 3406 passim
632 3318 679 3396 fit,
706 3317 904 3396 scriberetur,
928 3315 1018 3381 facile
1045 3317 1159 3380 mutari
1184 3318 1297 3404 potuit.

195 3421 287 3501 λόγος
301 3435 331 3484 et
352 3420 441 3503 ἔργον
455 3421 577 3506 quoties
593 3437 804 3508 opponantur,
819 3420 991 3508 praesertim
1015 3442 1035 3482 a
1056 3420 1192 3507 tragicis,
1208 3445 1299 3485 nemo

195 3520 328 3607 ignorat.
373 3523 487 3608 Neque
502 3545 572 3588 raro
587 3525 682 3602 ὄνομα
696 3537 728 3586 et
743 3523 843 3606 ἔργον,
860 3538 896 3586 ut
912 3524 1015 3586 Orest.
1030 3522 1104 3602 448.
1121 3526 1216 3604 ὄνομα
1229 3527 1297 3606 γὰρ,

197 3623 286 3705 ἔργον
301 3622 324 3688 δ’
341 3625 393 3688 οὐκ
412 3626 533 3708 ἔχουσιν
552 3629 581 3689 οῖ
603 3627 698 3706 φίλοι.
723 3624 797 3712 Iph.
815 3627 858 3689 A.
879 3644 966 3689 1121.
991 3631 1053 3691 τοῖς
1075 3627 1221 3706 ὀνόμασιν
1242 3629 1299 3706 μὲν

197 3727 229 3790 εὖ
252 3725 362 3807 λέγεις,
378 3730 416 3790 τὰ
438 3725 462 3790 δ’
479 3727 552 3809 ἔργα
574 3751 631 3789 σον
653 3727 717 3790 Οὐκ
739 3725 792 3789 οἶδ’
815 3727 895 3792 ὅπως
916 3727 973 3808 χρή
994 3726 1023 3806 μ’
1047 3726 1244 3807 ὀνομάσασαν
1265 3729 1299 3792 εὖ

196 3827 310 3908 λέγειν.
356 3827 417 3892 Sed
441 3828 500 3891 hoc
522 3827 667 3890 vitiosum
690 3827 722 3890 in
749 3828 808 3891 hac
830 3829 1025 3914 oppositione
1050 3827 1141 3892 alicui
1168 3829 1298 3892 fortasse

197 3929 350 4008 videatur,
374 3930 458 4016 quod
483 3929 514 3993 in
538 3928 635 3992 altero
657 3929 798 3993 membro
822 3951 935 3992 nomen
965 3946 1012 3994 est
1040 3930 1173 4017 plurale,
1199 3930 1230 3993 in
1255 3930 1298 3994 al-

196 4045 264 4096 tcro
291 4032 467 4118 singulare;
506 4030 538 4093 in
563 4029 662 4095 altero
686 4030 815 4095 additur
838 4030 998 4111 articulus,
1027 4032 1057 4095 in
1085 4033 1183 4097 altero
1208 4034 1300 4095 omit-

196 4132 282 4197 titur.
328 4134 444 4197 Verum
474 4131 550 4196 tales
579 4131 727 4196 minutias
756 4155 817 4196 non
846 4133 967 4197 curiose
990 4149 1148 4199 sectantur
1176 4135 1295 4220 tragici.

198 4234 341 4322 Sophocl.
365 4235 485 4300 Electr.
505 4251 558 4320 59.
582 4238 613 4298 τί
631 4235 689 4316 γάρ
711 4261 749 4315 με
775 4241 867 4300 λυπεῖ
885 4236 975 4311 τοῦθ’,
999 4239 1071 4300 ὅταν
1093 4240 1175 4322 λόγῳ
1198 4239 1299 4303 θανὼν

192 4338 332 4421 Ἐργοισι
347 4343 441 4403 σωθῶ.
466 4337 517 4402 lbi
532 4337 660 4424 quidem
675 4341 796 4419 λόγοισι
810 4337 885 4401 citat
897 4339 1084 4402 Eustatlrius
1093 4362 1124 4426 p.
1141 4356 1233 4423 1701,
1245 4342 1296 4426 63.

196 4441 250 4506 sed
273 4443 355 4528 λόγῳ
377 4440 510 4506 retinent
533 4438 724 4505 Eumatlrius
739 4459 771 4523 9.
792 4461 824 4523 p.
839 4440 914 4524 363.
938 4439 1052 4504 Suidas
1067 4464 1094 4503 v.
1118 4443 1149 4505 τί
1168 4442 1226 4523 γάρ
1247 4468 1298 4521 με.
