2864 4914
168 267 233 331 tes
525 263 904 330 ANNOTATIONES

166 452 220 501 tur
235 435 462 514 tantummodo,
478 436 534 501 ubi
555 435 590 514 is,
610 436 665 524 qui
687 459 740 501 eos
756 433 939 521 alloquitur,
954 432 986 497 in
1006 430 1162 521 graviore
1182 427 1287 495 animi

164 537 278 602 affectu
295 552 448 616 versatur,
463 553 629 616 eteorum,
644 560 725 625 quos
738 535 922 624 alloquitur,
937 550 1050 600 sortem
1065 533 1171 613 dolet,
1191 547 1234 597 nt
1251 532 1285 597 iu

165 639 275 705 loaisa
290 643 416 731 Musgr.
433 639 533 706 allatis
548 640 702 720 omnibus,
718 661 791 719 non,
809 637 863 703 ubi
885 659 943 717 res,
959 658 1033 724 quae
1049 651 1217 701 eventura
1231 634 1283 715 sit,

166 742 322 806 narranda
341 757 400 808 est.
444 742 587 821 Accedit,
601 742 691 829 quod
711 741 798 830 apud
818 737 1009 826 Euripidem
1029 734 1141 825 is,qui
1166 738 1284 826 prolo-

165 866 242 930 gum
265 845 339 931 agit,
356 867 477 932 semper
498 844 577 910 illud
601 858 724 910 tantum
743 842 882 931 exponit,
897 862 963 929 quo
977 853 1061 906 statu
1083 863 1134 906 res
1157 840 1229 905 sint
1243 862 1285 905 eo

165 944 234 1029 ipso
257 961 405 1032 tempore,
427 958 493 1024 aut,
516 946 541 1010 si
561 946 651 1024 forte,
670 960 818 1009 eventum
838 943 883 1007 rei
902 939 1071 1026 generatim
1093 952 1127 1004 et
1149 939 1284 1005 infinite

166 1059 288 1111 tantum
317 1047 479 1134 significat,
502 1061 539 1112 ut
562 1047 596 1112 in
618 1045 789 1135 Hippolyti
811 1043 943 1132 prologo
962 1043 1078 1120 Venus,
1103 1061 1282 1127 nunquam

167 1147 271 1236 ipsum
292 1148 411 1215 fabule
429 1149 562 1230 exitum,
577 1171 673 1236 quam
694 1146 907 1231 καταστροφήν
929 1143 1027 1232 vulgo
1040 1156 1171 1223 nomm,
1186 1153 1224 1209 et
1244 1142 1281 1209 ia

166 1271 232 1335 qno
253 1251 343 1319 λύσις
366 1249 495 1315 actionis
520 1250 621 1338 poa'ta
646 1264 702 1328 est,
727 1247 832 1315 statim
860 1246 903 1313 ab
926 1243 1017 1311 in'uio
1040 1242 1282 1332 spectatoribus

165 1351 323 1421 enunciat.
368 1352 483 1438 Itaque
504 1351 697 1439 probabilior
709 1365 795 1417 certe
809 1347 928 1417 Bremii
946 1347 1109 1425 sententia,
1122 1344 1188 1413 laus
1203 1369 1278 1413 ver·

165 1475 228 1532 sus,
254 1452 349 1519 modo
371 1453 404 1521 in
428 1453 593 1541 Euripidis
619 1452 786 1541 Iphigenia
807 1450 909 1517 locum
934 1447 1111 1527 habuerint,
1135 1461 1218 1534 post
1243 1470 1279 1515 a.

169 1570 262 1640 1531.
287 1569 401 1620 nostrae
422 1555 497 1621 edit.
521 1555 595 1623 olim
616 1555 713 1621 lectus
736 1554 833 1621 fuisse
855 1551 1049 1642 suspicantis,
1068 1550 1173 1637 iisque
1195 1549 1279 1617 Dia·

165 1679 237 1723 nam
265 1656 515 1745 Clytaemnestra
544 1658 587 1725 ob
609 1673 749 1745 ereptam
774 1655 870 1723 filiam
895 1675 1059 1723 moerorem
1085 1651 1275 1739 mitigatam

166 1760 227 1825 tole
248 1758 326 1845 quid
352 1773 457 1824 autem
484 1759 657 1825 suboluisse
683 1758 782 1825 videri
811 1759 962 1835 Porsono,
983 1755 1042 1843 qui
1064 1753 1165 1821 Prmf.
1186 1755 1277 1823 Hac.

164 1882 195 1947 p.
214 1879 265 1926 αι.
288 1859 390 1925 dicat:
415 1863 589 1927 Persuasus
609 1883 690 1940 som,
705 1874 803 1927 totam
827 1882 949 1927 scenam
962 1859 1106 1946 abusque
1120 1879 1152 1920 v.
1173 1876 1276 1943 1531.

165 1961 301 2048 spuriam
318 1984 393 2041 esse,
407 1975 439 2026 et
454 1985 475 2027 a
489 1962 651 2029 recentiori
664 1963 813 2050 quodam,
832 1961 935 2029 nescio
947 1958 1086 2048 quando,
1099 1967 1187 2027 arm
1197 1970 1277 2047 past

164 2064 294 2133 AEliani
314 2074 455 2155 &mpura
475 2066 680 2154 suppositam.
727 2065 839 2133 Recisa
863 2064 960 2152 igitur
981 2061 1036 2129 illa
1058 2059 1175 2129 Diauoe
1196 2084 1274 2129 ora·

164 2166 257 2247 tione,
281 2167 347 2231 sive
369 2168 599 2235 emendatorem
623 2168 688 2233 sive
711 2168 948 2256 depravatorem
975 2163 1125 2231 nuncium
1149 2164 1274 2250 potius,

164 2293 237 2357 quae
250 2284 339 2357 gesta
352 2286 450 2351 erant,
464 2286 672 2362 exponentem
687 2270 859 2335 induxisse.
891 2271 1089 2354 Quamquam
1103 2264 1173 2333 hmo
1188 2290 1276 2354 quo·

163 2395 227 2459 que
240 2373 321 2438 ratio
334 2373 562 2441 dubitationem
578 2373 682 2439 habet
728 2375 869 2439 Deorum
884 2369 967 2435 enim
990 2369 1169 2435 interventu
1194 2391 1275 2437 nus

163 2498 258 2562 qnam
283 2477 454 2564 Euripides
475 2477 584 2556 utitur,
600 2476 657 2541 nisi
674 2476 729 2543 ubi
742 2477 863 2565 dignita
883 2475 1006 2541 vindict
1024 2472 1127 2540 nodtta
1139 2473 1272 2553 incidit,

162 2593 194 2643 et
208 2578 316 2643 fabula
330 2601 392 2643 nou
415 2579 475 2643 nisi
494 2579 601 2644 divina
618 2602 678 2665 ope
696 2579 737 2643 ad
759 2578 878 2647 exitum
902 2576 1033 2666 perduci
1053 2589 1175 2662 poteat3
1202 2599 1272 2662 quo

163 2680 299 2767 pertinet
314 2681 416 2758 etism,
432 2681 518 2766 qnod
541 2681 572 2744 in
597 2680 776 2768 Hippolyto
792 2680 936 2746 Theseus
958 2701 1021 2744 non
1044 2676 1101 2743 nisi
1115 2700 1136 2745 a
1150 2676 1213 2741 dea
1228 2677 1270 2743 de

162 2803 266 2846 errore
280 2805 338 2846 sno
353 2782 473 2845 edoceri
489 2797 601 2868 potest.
640 2782 705 2846 Hic
719 2806 794 2846 vero
807 2782 879 2869 quis
893 2781 1009 2868 dignus
1024 2778 1146 2847 vindice
1160 2780 1271 2845 nodus

161 2882 292 2948 incidit?
316 2885 388 2947 Non
412 2883 600 2949 immolatam
623 2907 690 2948 esse
713 2884 922 2972 Iphigeniam,
941 2882 995 2947 sed
1014 2904 1073 2968 pro
1085 2904 1123 2947 ea
1137 2904 1267 2949 cervam

163 2984 365 3050 substitutam
387 2985 581 3050 commodius
602 2986 720 3052 narrari
742 2986 856 3073 potuit,
873 3000 909 3051 ut
928 2985 1100 3071 Polyxene
1118 2983 1226 3050 medes
1247 3009 1269 3051 a

164 3085 338 3173 Talthybio
360 3101 514 3152 narratur.
559 3090 678 3154 Contra
693 3088 754 3153 dici
773 3104 886 3175 potest,
909 3087 953 3155 rei
975 3101 1123 3153 eventum
1143 3087 1268 3154 narrari

162 3187 290 3275 quidem
312 3189 460 3276 potuisse,
476 3190 635 3277 quomodo
658 3215 731 3255 vero
752 3206 785 3256 et
803 3214 822 3254 a
842 3213 907 3277 quo
928 3188 1163 3255 administratus
1175 3189 1232 3269 sit,
1248 3214 1269 3256 a

162 3290 222 3357 des
233 3306 367 3370 tantum,
379 3306 511 3359 eventus
524 3293 593 3380 ejus
606 3308 745 3372 auctore,
760 3293 899 3379 potuisse
911 3291 1071 3357 declarari.
1116 3293 1171 3356 Ad
1187 3316 1268 3378 quoe

160 3393 345 3482 respondeo,
362 3395 499 3480 primum
514 3395 547 3458 in
560 3394 629 3459 aliis
642 3395 765 3475 fabulis,
781 3417 881 3481 quum
898 3393 1068 3481 Euripides
1083 3417 1144 3458 non
1160 3393 1267 3463 solum

160 3518 238 3575 rem,
254 3496 520 3582 quemadmodum
542 3507 631 3583 gesta
647 3497 698 3575 sit,
715 3519 840 3561 narrare
854 3496 932 3575 vult,
948 3495 1004 3561 sed
1022 3496 1114 3563 etiam
1135 3518 1201 3583 qua
1223 3497 1269 3563 de

161 3620 256 3665 causa
269 3610 301 3662 et
314 3621 380 3684 quo
393 3612 520 3664 auctore
539 3617 627 3685 gesta
641 3598 690 3678 sit,
705 3598 870 3684 explicare,
886 3621 1008 3686 semper
1023 3613 1094 3685 post
1109 3600 1268 3665 narratio.

162 3721 233 3764 nem
253 3699 379 3765 demum
404 3700 498 3764 deum
519 3723 678 3787 apparere,
702 3724 857 3788 nusquam
876 3703 941 3767 sola
960 3701 1161 3788 praedictione
1182 3702 1269 3789 ejus,

161 3801 250 3889 quod
271 3802 415 3866 futurum
438 3801 487 3882 sit,
503 3801 646 3890 defungi,
660 3803 773 3870 deinde
794 3827 936 3892 pugnare
950 3803 1011 3869 hoe
1025 3826 1096 3870 cum
1112 3827 1158 3883 eo,
1174 3808 1269 3891 quud

163 3904 268 3969 Diana
281 3903 349 3991 ipsa
362 3903 395 3968 in
412 3904 551 3970 versibus
565 3905 606 3970 ab
621 3905 751 3972 AEliano
765 3906 865 3972 allatis
879 3906 974 3987 dicim
996 3906 1074 3971 dicit
1092 3922 1210 3984 autem,
1226 3908 1270 3988 ἣν

164 4007 310 4092 (ἔλαφον)
334 4006 501 4091 σφάζοντες
520 4007 687 4091 αὐχήσουσι
710 4009 769 4089 σὴν
792 4008 919 4092 σφάζειν
942 4009 1100 4092 θυγατέρα.
1144 4009 1271 4096 Itaque

162 4110 333 4177 secundum
350 4110 407 4175 hos
422 4133 529 4176 versus
545 4111 674 4177 Graeeos
696 4110 773 4175 scire
793 4110 906 4190 noluit,
922 4135 941 4175 a
956 4134 988 4178 se
1001 4123 1155 4177 servatam
1173 4111 1272 4197 Iphi.

160 4214 282 4301 geniem
299 4229 329 4277 et
344 4235 467 4277 cervam
483 4215 514 4277 in
528 4214 597 4301 ejus
614 4213 717 4278 locum
734 4213 932 4280 substitutam
946 4238 1022 4283 esse.
1067 4215 1113 4279 Et
1124 4213 1156 4277 in
1172 4214 1271 4298 Iphi.

160 4313 253 4400 genis
268 4314 406 4379 Taurica
421 4315 546 4379 Orestes
568 4339 702 4382 sororem
726 4339 834 4384 revera
846 4316 1037 4385 immolatam
1059 4339 1125 4383 esse
1140 4315 1270 4385 Aulide

159 4415 268 4485 credit.
318 4416 421 4504 Igitur
436 4432 466 4481 et
480 4415 560 4485 illud
581 4417 728 4485 abhorret
749 4443 769 4486 a
791 4443 876 4487 more
891 4419 1065 4508 Euripidis,
1081 4417 1176 4483 deum
1199 4419 1267 4485 ali·
