2864 4914
182 259 244 326 136
543 264 920 329 ANNOTATIONES

181 441 275 515 φορος
295 434 386 517 χλιδά
407 450 676 500 commemoratur.
722 438 837 501 Horat.
854 458 949 501 carm.
964 455 997 521 3,
1011 455 1045 516 4,
1057 437 1111 499 61.
1132 436 1189 522 qui
1211 454 1284 498 rore

178 558 263 623 puro
280 537 430 602 Castattae
443 539 525 603 lavit
537 539 652 617 crines,
667 554 827 622 comparat
842 537 982 603 Boisson.
1007 538 1199 602 MATTH.

225 656 299 723 229.
316 640 415 703 Ηυπο
430 639 533 705 locum
548 640 688 705 imitatur
703 640 932 730 Aristophanes
950 640 1063 727 fragm.
1077 655 1155 723 470.
1172 641 1285 720 στίλβη

181 739 206 805 θ’
222 740 241 821 ἣ
257 744 331 805 κατὰ
346 744 437 806 νύκτα
450 767 500 823 μοι
519 743 524 830 Ι
544 740 634 825 φλόγ’
647 744 849 825 άνασειράζεις
863 745 912 809 ἐπὶ
927 748 966 830 τῷ
981 744 1120 829 λυχνείῳ.

227 860 301 928 234.
318 843 413 930 ἱερὸν]
432 843 638 908 Scribendum
656 843 729 926 ἱρόν.

226 964 297 1030 235.
324 946 487 1033 ἀθανάτας]
512 946 718 1011 Scribendum
745 947 894 1012 ἀθανάτου
917 971 955 1012 ex
982 948 1082 1012 tribus
1103 945 1196 1011 codd.
1243 945 1285 1010 Iu

181 1045 269 1112 Flor.
286 1072 349 1113 uno
364 1066 410 1115 est
424 1051 598 1119 ἀθανάτους.
639 1053 677 1115 V.
695 1051 833 1116 Boeckh.
850 1051 881 1115 in
898 1051 997 1116 Hirtii
1012 1050 1116 1116 libello
1130 1049 1171 1115 de
1184 1047 1286 1114 hiero-

180 1149 263 1214 dulis
277 1174 309 1238 p.
324 1171 378 1235 52.

226 1272 298 1334 241.
315 1253 401 1340 αἷμα]
420 1256 556 1333 Credam,
570 1257 693 1335 bellum,
709 1273 744 1320 ut
757 1256 839 1321 infra
856 1279 885 1322 v.
903 1257 976 1341 785.
1000 1255 1193 1319 MATTH.

226 1375 297 1437 244.
319 1359 455 1421 τείσεται
470 1373 643 1422 correctum
658 1357 690 1421 iu
705 1357 754 1422 ed.
771 1358 951 1423 Brubachii.
990 1358 1122 1423 Codices
1142 1356 1286 1444 plerique

180 1471 212 1522 et
235 1457 310 1521 Ald.
334 1458 458 1533 πείσεθ’,
483 1460 574 1546 pauci
597 1460 721 1535 πείσετ’,
742 1461 806 1525 duo
826 1460 928 1541 πήσετ’
952 1460 1053 1525 forma
1074 1482 1171 1547 prava
1190 1459 1284 1524 etiam

181 1560 255 1625 alibi
271 1561 312 1626 ab
326 1560 459 1625 librariis
474 1562 632 1626 interdum
648 1562 743 1627 illata.

226 1683 298 1749 245.
317 1671 357 1748 γᾶ
370 1664 461 1729 codd.
477 1665 613 1751 plurimi.
637 1672 710 1747 γαῖα
725 1664 803 1729 Ald.

227 1773 298 1850 246.
326 1771 477 1853 Φοινίσσᾳ
499 1767 596 1855 χώρᾳ]
624 1771 775 1833 Φοίνισσα
796 1769 881 1852 χιόρα
904 1767 1025 1854 aliquot
1050 1766 1142 1833 codd.
1171 1765 1284 1831 violato

182 1888 291 1936 metro.

226 1992 244 2039 2
245 1990 299 2059 50.
314 1972 421 2037 πτόλιν
437 1972 604 2036 Heathius.
641 1970 731 2037 πόλιν
744 1971 826 2036 libri.

226 2093 298 2160 253.
322 2078 435 2139 εἴσεται
450 2076 536 2139 Bm.
552 2074 676 2162 aliique.
714 2073 781 2138 Alii
796 2091 828 2138 et
843 2073 921 2138 Ald.
942 2078 1067 2139 οἴσεται.
1104 2077 1284 2164 Utramque

181 2177 367 2265 scripturam
384 2176 470 2241 novit
485 2175 659 2254 scholiasta,
674 2176 729 2262 qui
746 2180 859 2241 εἴσεται
880 2200 937 2263 per
954 2176 1169 2259 πορευθήσεται
1190 2176 1285 2243 iuter-

182 2293 323 2367 pretatus
337 2302 396 2366 pro
410 2279 520 2343 futuro
535 2279 621 2344 verbi
641 2280 699 2359 εἶμι
714 2278 818 2366 inepte
832 2279 985 2367 accepisse
999 2278 1135 2346 videtur.
1160 2281 1284 2345 Locum

182 2383 323 2469 spurium
351 2380 425 2469 Iph.
449 2384 492 2447 A.
515 2401 590 2467 970.
613 2379 805 2468 comparavit
831 2380 1051 2459 Marklaudus
1078 2379 1143 2465 τάχ’
1171 2385 1285 2446 εἴσεται

181 2488 310 2567 σίδηρος,
326 2485 371 2561 ὃν,
387 2487 457 2568 πρὶν
472 2488 503 2553 ἐς
519 2489 641 2568 Φρύγας
663 2487 763 2549 ἐλθεῖν
780 2482 886 2566 φόνον,
904 2491 1022 2565 κηλῖσιν
1038 2487 1159 2566 αἵματος
1171 2492 1284 2569 χρανῶ.

181 2588 235 2653 ubi
250 2588 327 2653 illud
344 2587 408 2671 τάχ’
426 2590 537 2652 εἴσεται
552 2591 670 2670 σίδηρος
684 2586 814 2651 fortasse
828 2610 867 2651 ex
887 2586 946 2651 hoc
965 2587 1034 2674 ipso
1049 2587 1284 2652 Phoenissarum

179 2715 271 2757 versu
288 2713 467 2779 expressum
484 2705 539 2754 est.

224 2794 316 2881 άρμζι]
340 2797 464 2874 ὁρμᾶται
486 2791 552 2855 duo
565 2790 656 2855 codd.
694 2791 787 2869 Quod
811 2790 902 2857 codd.
925 2792 1067 2880 plerique
1088 2808 1120 2857 et
1134 2792 1214 2857 Ald.
1229 2793 1285 2858 ad-

181 2897 263 2962 dunt
277 2902 355 2969 παῖς,
371 2916 432 2957 om.
448 2893 547 2957 codex
565 2893 672 2979 Kingii
688 2909 721 2957 et
737 2893 870 2958 Parisini
885 2894 970 2982 apud
988 2895 1148 2962 Grotium.

227 3000 299 3063 262.
316 2999 375 3062 ἔσω
391 2995 478 3059 Flor.
495 2995 570 3060 duo.
611 2994 714 3082 Vulgo
729 2999 812 3060 εἴσω.

225 3104 298 3180 264.
314 3100 366 3163 οὐκ
378 3097 523 3184 ἐκφρῶιθ]
539 3100 574 3163 οὐ
584 3103 715 3180 μεθῶσιν
729 3098 805 3162 Ald.
817 3113 848 3163 et
857 3099 949 3163 codd.
958 3099 1110 3187 plerique.
1140 3101 1237 3167 Pauci
1250 3103 1285 3167 οὐ

180 3205 299 3285 μεθῶσ’.
334 3202 517 3279 Scholiasta,
528 3204 580 3267 οὐκ
590 3205 709 3284 ἀφῶσιν
718 3202 857 3283 άτριοτον.
882 3204 991 3270 άλλως.
1007 3206 1036 3267 οἱ
1050 3205 1106 3284 μὲν
1113 3203 1285 3286 γράφουσιν

180 3308 233 3371 οὐκ
248 3309 380 3388 ἐφρῶσιν
397 3308 444 3388 (οὔ
458 3333 496 3388 με
511 3313 627 3388 φρῶσιν
640 3304 739 3369 codex
763 3304 977 3389 Havniensis).
1009 3309 1038 3370 ol
1060 3307 1113 3370 οὖν
1131 3309 1286 3390 ὑποκριταὶ

180 3408 277 3472 διὰτὸ
292 3407 479 3489 δυσέκφορον
493 3407 733 3489 μεταπλάττουσι
753 3408 808 3486 τὴν
821 3407 912 3486 λέξιν.
954 3410 1002 3473 καὶ
1017 3407 1180 3488 Φιλόξενος
1196 3413 1229 3475 ἐν
1243 3415 1285 3497 τῷ

179 3511 246 3593 περὶ
260 3510 502 3590 μονοσνλλάβων
516 3509 662 3591 ῥημάτων,
679 3511 729 3573 dre
744 3509 943 3590 διαλαμβάνει
964 3513 1031 3592 περὶ
1051 3518 1103 3576 τοῦ
1122 3519 1197 3595 φρῶ,
1213 3515 1283 3577 rarl-

180 3638 234 3690 την
248 3613 302 3690 τὴν
317 3615 425 3694 χρῆσιν
441 3613 544 3693 φησίν.
575 3612 666 3697 cujus
681 3635 719 3675 ex
736 3612 838 3676 verbis
860 3612 980 3677 mireris
1002 3636 1063 3678 non
1080 3637 1145 3680 esse
1161 3614 1284 3679 dudum

183 3737 246 3778 una
267 3713 374 3776 addita
393 3711 497 3776 littera
513 3729 637 3777 erutum
654 3714 739 3800 quod
764 3715 926 3802 scripserat
947 3731 1051 3804 poeta,
1068 3718 1120 3781 οὐκ
1143 3717 1284 3799 ἓκφρῶσ’,

181 3840 275 3905 quam
295 3815 456 3879 lectionem
484 3815 576 3879 etiam
604 3815 739 3880 Photius
765 3817 890 3882 videtur
914 3841 1080 3904 agnoscere
1105 3842 1137 3907 p.
1157 3840 1232 3906 359,
1254 3821 1284 3885 8.

181 3922 245 3986 Οὐκ
261 3922 427 4000 ἑκφρῶσινι
453 3919 505 3981 οὐκ
521 3919 664 4000 ἐξαφῶσι.
689 3924 855 4002 Σοφοκλῆς.
889 3922 971 3984 Nam
988 3922 1045 3985 etsi
1061 3921 1138 3986 nihil
1154 3922 1285 4009 impedit

181 4021 350 4109 quominus
376 4020 484 4084 iisdem
510 4020 613 4086 verbis
641 4045 731 4086 usum
758 4046 823 4087 esse
850 4023 1035 4110 Sophoclem
1060 4023 1284 4104 existimemus,

182 4124 282 4189 multo
298 4138 399 4186 tamen
413 4123 605 4209 probabilius
620 4140 666 4189 est
684 4140 847 4212 poetarum
863 4127 1000 4207 nomina,
1015 4141 1052 4190 ut
1066 4126 1134 4191 aliis
1155 4127 1188 4190 in
1210 4127 1286 4194 locis

181 4227 336 4316 pluribus,
352 4226 510 4290 memoriae
525 4249 628 4290 errore
642 4252 707 4292 esse
721 4243 909 4316 permutata.

226 4334 298 4416 265.
313 4330 465 4417 πανταχῆ]
482 4336 635 4414 πανταχοῦ
649 4331 814 4398 duodecim
829 4333 967 4399 codices:
991 4332 1077 4419 quod
1097 4355 1156 4419 pro
1170 4358 1283 4398 ταντα·

180 4441 234 4520 χοῖ
245 4433 395 4520 scriptum
411 4457 476 4498 esse
492 4448 603 4521 potest.
