2864 4914
161 282 226 348 102
523 284 904 350 ANNOTATIONES

204 474 279 541 ιον·
295 456 362 541 ἔλα]
383 455 439 541 ἕνα
455 456 500 518 H·

205 559 279 622 801.
294 559 421 643 ἄστεως]
441 557 645 623 Scribebatur
660 562 775 628 dorem.

204 662 279 727 802.
301 661 356 745 δν]
381 661 418 725 ἂν
437 660 515 725 Ald.
538 675 571 726 et
591 661 711 749 aliquot
733 661 824 727 codd.
848 668 874 702 “
891 659 1055 726 Simillimn
1075 659 1270 725 constructio

160 761 235 851 Iph.
252 764 296 828 A.
310 779 387 846 407.
402 766 507 842 δείξεις
521 765 554 828 δὲ
568 768 626 828 ποῦ
638 791 689 845 μοι
702 765 815 848 πατρὸς
829 766 863 829 έκ
877 763 985 828 ταύτοῦ
998 764 1095 847 γεγάς
1105 765 1133 838 ;”
1148 765 1256 829 POR.

203 865 276 951 803.
292 866 333 945 μὴ
346 863 375 929 ’ν
389 866 429 929 Β.
444 865 561 952 aliique
574 866 753 932 duodecim.
799 866 1055 955 Praepositiouem
1069 888 1134 931 om.
1151 864 1232 929 Ald.

202 969 372 1053 ἐπαρκέσω]
403 970 486 1033 Cum
516 969 693 1034 accusativo
719 984 946 1048 constructum,
970 984 1008 1033 ut
1031 969 1165 1051 ὠφελεῖν
1187 993 1267 1033 τινα.

159 1072 354 1135 ΜΑΤΤΗ.

203 1173 278 1254 804.
298 1171 374 1236 τοῦτ’
391 1174 502 1258 έκεῖνο]
520 1173 594 1237 Scil.
611 1175 703 1247 ἔστιν,
720 1174 737 1237 δ
752 1174 884 1256 λέγεται.
899 1173 1000 1239 Arist.
1016 1172 1100 1236 Aeh.
1111 1192 1166 1252 41.
1184 1173 1269 1260 Lys.

161 1294 234 1357 240.
249 1272 327 1339 τοῦτ’
344 1273 431 1340 ἐκεῖν’
448 1277 526 1357 οὑγὼ
539 1274 652 1358 ’λεγον.
698 1278 777 1340 Eur.
796 1275 871 1340 Hel.
888 1276 963 1343 622.
983 1274 1060 1339 τοῦτ’
1078 1273 1139 1340 ἔστ’
1156 1277 1267 1340 έκεῖνο·

160 1382 354 1459 ουμβεβᾶσιν
369 1379 399 1441 ol
411 1379 510 1460 λόγοι.
527 1379 720 1443 ΜΑΤΤΗ.

205 1483 278 1546 806.
295 1481 442 1563 ὁμαίμων]
462 1481 632 1560 ὁμαιμόνων
647 1480 724 1545 Ald.
741 1495 772 1545 et
786 1480 877 1545 codd.
893 1479 1034 1567 quidam.

206 1584 280 1666 807.
298 1581 519 1669 Parsphrnsm,
532 1585 548 1646 ό
563 1582 658 1665 μέγας
668 1585 773 1663 ὄλβος,
787 1584 835 1648 καὶ
848 1584 867 1663 ἡ
881 1584 1061 1665 περίπυστος
1074 1585 1151 1646 κατδ
1163 1586 1271 1646 πᾶσαν

160 1687 214 1766 τὴν
227 1684 374 1760 Ἑλλάδα,
391 1685 440 1748 καὶ
463 1686 497 1750 ἓν
510 1685 592 1772 Ἰλίῳ
608 1692 668 1750 τῶν
679 1684 839 1768 Ἀτρειδῶν
854 1686 1026 1764 εὐδαιμονία
1044 1684 1093 1748 καὶ
1108 1686 1210 1766 ἀρετὴ,
1226 1687 1270 1752 είς

160 1789 290 1854 τούπίσω
305 1788 399 1854 πόλιν
409 1788 586 1870 ἀνέδραμεν,
603 1791 634 1868 ἐξ
646 1789 783 1874 εὐτυχίας
794 1793 838 1857 είς
852 1790 1013 1871 δυστυχίαν
1026 1793 1268 1868 μεταβληθεΐσα,

161 1894 209 1957 καὶ
230 1893 332 1973 ὥσπερ
355 1893 451 1955 εἰπεῖν
469 1891 632 1973 ἀπόρροιαν
654 1893 776 1975 έχουσα.
801 1894 835 1956 έκ
855 1895 907 1970 τῆς
928 1896 1059 1958 παλαιᾶς
1080 1892 1196 1970 ἐκείνης
1215 1894 1271 1970 τῆς

161 1993 222 2058 κατ’
238 1994 321 2058 οἶκον
335 1998 501 2077 συμφορᾶς,
518 1995 615 2073 ἐκείνη
630 1997 688 2076 γδρ
709 1994 769 2078 έρις
789 1995 809 2074 ἡ
831 1994 930 2060 αὐτοῖς
951 1994 970 2073 ἡ
991 1994 1059 2074 περὶ
1080 1997 1134 2057 τοῦ
1153 1996 1266 2076 χρυσο-

159 2096 278 2176 μάλλου
292 2097 422 2177 άρνείον,
439 2094 600 2179 εἰργάσατο
620 2097 740 2161 έλεεινδι
753 2098 906 2178 βράματα,
925 2097 974 2160 καὶ
988 2098 1112 2178 σφαγδς
1126 2096 1270 2164 ἀνοσίους

160 2204 316 2281 συγγενῶν
331 2196 443 2262 τέκνων
458 2203 510 2262 τοῦ
526 2196 675 2263 Θυέστου.
721 2198 877 2263 Fabulam
899 2197 939 2262 de
952 2199 1055 2262 Atreo
1076 2212 1108 2262 et
1123 2197 1269 2285 Thyeste

159 2301 283 2388 copiose
297 2299 427 2388 exponit
442 2299 616 2365 scholiasta.

204 2407 278 2469 810.
295 2405 412 2468 Versus
426 2402 654 2467 chor-iambicus
669 2404 828 2490 praemissa
843 2402 972 2490 dipodis
986 2402 1152 2469 trochaica.

204 2509 277 2588 814.
296 2507 370 2591 815.
389 2509 563 2587 οἰκτρότατα
577 2505 741 2585 θοινάματα
757 2505 933 2588 (θοινήματα
948 2507 995 2570 Η.
1010 2520 1043 2571 et
1056 2505 1122 2570 duo
1136 2505 1202 2590 ulii)
1220 2507 1271 2570 sol

160 2609 279 2693 σφάγια
287 2609 434 2691 γενναίων
442 2608 566 2691 τεκέων]
579 2609 660 2671 Haec
672 2608 703 2671 in
717 2632 814 2672 unum
825 2630 950 2673 versum
961 2621 1035 2673 sunt
1045 2608 1269 2696 conjungenda

160 2728 192 2777 et
215 2713 247 2775 in
273 2709 468 2797 antistrophe
491 2710 565 2773 826.
602 2711 747 2791 Τυνδαρὶς
768 2710 894 2795 ίάκχησε
915 2710 1054 2775 τάλαινα·
1090 2710 1208 2790 τέκνον,
1232 2711 1269 2775 οὗ

160 2817 273 2892 τολμᾶς
287 2812 365 2874 ὅσια.

204 2915 278 2994 814.
303 2912 466 2991 θοινάματα
490 2913 537 2976 καὶ
560 2912 693 3000 σφάγια]
714 2913 862 2978 Similiter
878 2916 949 2978 Ion.
963 2935 1055 3001 1495.
1079 2918 1218 2996 φόνευμα
1235 2932 1269 2981 et

161 3018 288 3096 θοίναμα
304 3016 498 3101 junguntur,
514 3013 610 3101 idque
632 3015 741 3079 ordine
764 3018 909 3095 naturali,
926 3017 981 3104 qui
1001 3018 1061 3083 hoc
1079 3018 1149 3082 loco
1164 3019 1270 3083 inver-

160 3121 249 3197 titur,
266 3133 302 3183 ut
323 3121 449 3199 ὕστερον
469 3119 614 3200 πρότερον
628 3117 693 3193 fiat,
714 3119 805 3205 cujus
826 3119 937 3206 figurae
960 3121 1104 3208 exempla
1124 3122 1268 3208 congessi

159 3222 200 3288 ud
217 3221 315 3309 Soph.
331 3220 412 3284 OEd.
429 3221 473 3284 T.
490 3219 562 3299 827.
580 3221 756 3285 SCHAEF.

203 3326 278 3409 815.
301 3321 411 3387 τεκέων
429 3323 468 3386 Β.
491 3321 606 3408 aliique
627 3321 765 3410 plurimi.
789 3324 900 3389 τέκνων
923 3324 1009 3391 Flor.
1034 3348 1118 3390 uuus
1139 3341 1171 3390 et
1189 3326 1268 3392 Ald.

160 3426 271 3490 τοκέων
286 3439 348 3489 tres
363 3423 455 3488 codd.

205 3527 276 3590 816.
298 3528 414 3588 Versus
436 3540 519 3590 recte
541 3524 686 3611 descripti
709 3528 740 3590 in
756 3528 834 3592 Ald.
857 3530 1141 3611 ὅθεν-ἐξαμείβων
1160 3530 1165 3618 Ι
1186 3531 1270 3597 δι’-

163 3628 317 3709 προλείττει
335 3624 341 3711 Ι
361 3632 511 3691 δισσοῖσιν
525 3627 699 3710 Ἀτρείδαις.

206 3729 278 3810 819.
302 3729 336 3790 τὸ
353 3728 447 3792 καλὸν
462 3730 497 3792 οὐ
512 3729 619 3813 καλὸν]
639 3729 679 3793 Id
694 3745 740 3793 est
755 3731 788 3792 τὸ
806 3734 995 3810 νομιζόμενον
1011 3734 1105 3799 καλὸν
1120 3735 1156 3798 οὐ
1171 3739 1270 3801 καλόν

164 3835 238 3903 ἐστι,
255 3842 291 3891 ut
305 3827 440 3913 explicat
454 3826 625 3891 scholiasta.

208 3934 281 3997 821.
307 3926 506 4016 μελάνδετον]
532 3928 712 4007 Scholiasta,
740 3935 789 3994 διδ
813 3931 846 3993 τὸ
870 3930 1018 4008 μέλαιναν
1040 3937 1143 4016 λαβὴν
1170 3940 1267 4022 ἔχειν,

164 4035 299 4101 τουτέστι
318 4031 525 4112 μελάγκωπον,
546 4029 564 4110 ἦ
585 4031 681 4110 μέλαν
698 4033 756 4097 ὑπὸ
772 4039 823 4096 τοῦ
839 4035 934 4114 φόνου
948 4039 1125 4118 γενόμενον.
1173 4044 1270 4109 Prior

164 4136 342 4223 explicatio,
358 4133 396 4196 de
410 4155 475 4219 qua
491 4154 518 4192 v.
536 4132 686 4218 Hesychii
700 4134 882 4219 interpretes
896 4160 920 4199 s.
936 4137 970 4202 h.
981 4163 1022 4220 v.,
1032 4139 1106 4205 alibi
1119 4166 1182 4210 non
1196 4170 1270 4212 raro

165 4243 267 4306 locum
300 4234 403 4312 habet,
428 4248 458 4297 et
481 4232 565 4318 apud
591 4233 776 4319 Euripidem
802 4235 905 4320 ipsum
930 4239 961 4302 in
989 4241 1169 4328 fragmento
1195 4251 1268 4315 Eu.

167 4342 282 4432 rysthei
305 4335 389 4424 apud
412 4332 570 4397 Pollucem
584 4352 634 4409 10,
650 4350 720 4417 145.
743 4334 797 4398 ubi
819 4334 980 4420 φάσγανον
996 4346 1185 4420 μελάνδετον
1199 4353 1269 4419 dic·

166 4465 234 4514 tum
256 4459 321 4510 cst:
352 4436 404 4502 sed
421 4436 451 4499 in
468 4456 556 4497 versu
574 4429 693 4497 Orestis
708 4435 782 4498 nihil
798 4438 931 4522 nnrplius
945 4466 1040 4529 quam
1056 4449 1156 4527 μέλαν
1172 4456 1270 4543 signi.
