2864 4914
190 293 257 357 σοι
552 248 932 358 auuouautuuas

232 464 305 551 819.
333 463 514 552 ἐπεστάθης]
541 468 624 531 Cum
649 466 745 554 Soph.
770 462 848 532 OEd.
873 464 916 530 T.
939 481 1013 548 777.
1048 469 1118 548 πρίν
1140 493 1190 548 μοι
1216 468 1291 551 τύχη

188 566 278 633 τοιάδ’
295 567 406 650 ἐπέστη
420 569 612 656 comparavit
628 569 805 633 Elmsieius.

233 672 307 736 821.
331 673 606 758 κατακονᾰ-βίσν]
632 675 779 760 κατακονῇ
798 673 854 752 μὲν
868 671 922 736 οὖν
944 672 998 753 8ss
1017 674 1086 752 βίος
1102 672 1194 737 Laec.
1210 672 1290 738 Aid.

191 773 277 839 Flor.
302 775 345 838 A.
363 791 393 838 2.
417 773 613 839 Ρτ11.οιτι11ζ
639 775 745 838 Havn.
769 773 909 862 Etymol.
934 775 984 839 M.
1008 798 1039 863 p.
1055 790 1109 860 50,
1127 777 1178 842 26.
1217 780 1292 841 κατὰ

190 874 453 961 1008810115.
490 875 638 941 κατακονά
664 892 814 941 memorat
837 876 931 942 schol.
957 877 1097 967 Hesych.
1122 877 1289 943 κατακονάε

189 979 347 1063 διαφθορά.
381 974 513 1044 EFlor.
533 999 582 1043 10.
606 979 647 1044 ad
669 979 719 1045 ed.
744 981 870 1068 Musgr.
893 980 969 1045 nihil
989 995 1148 1046 enotatum
1172 998 1230 1060 eat,
1252 996 1289 1046 ut

188 1082 241 1148 ille
263 1082 377 1147 habere
392 1081 535 1148 videatur
558 1080 846 1164 κατακονά.-βίον
868 1106 926 1171 pro
940 1086 1009 1165 βίος
1024 1101 1070 1150 est
1085 1085 1116 1149 in
1140 1085 1225 1151 Flor.
1245 1090 1289 1149 A.

191 1205 241 1250 10.
261 1203 310 1269 15.
327 1186 401 1249 Par.
418 1184 462 1249 A.
480 1182 588 1249 Havn.
604 1185 699 1251 schol.
716 1189 824 1275 Etym.
842 1189 892 1252 M.
916 1190 1107 1254 MATTH.

232 1290 354 1369 ἀβίωτος
369 1287 535 1353 Seidlerus.
569 1289 770 1355 Scribebatur
785 1293 921 1371 ἀβίωτος.

233 1391 306 1457 822.
329 1390 352 1454 A
376 1390 545 1455 Seidlerus.
583 1390 723 1461 ὦτάλας
748 1387 839 1457 Lasc.
876 1390 996 1457 tAtd.
1021 1406 1065 1470 et,
1091 1407 1127 1457 ut
1153 1387 1288 1471 videtur,

188 1493 319 1559 codices.

232 1599 305 1683 823.
322 1600 472 1682 ἐκνεῦσαι]
493 1600 655 1661 ἐκπνεῦσαι
669 1588 756 1660 Flor.
773 1599 818 1661 A.
836 1599 928 1662 Lusc.

234 1698 308 1780 824.
330 1697 408 1785 μηδ’]
433 1698 498 1780 μήτ’
515 1698 602 1762 Flor.
619 1701 662 1763 A.
681 1719 731 1763 10.
749 1696 792 1762 H.
831 1701 908 1764 Post
923 1705 1079 1782 συμφορᾶς
1100 1697 1292 1786 sequebatur

190 1800 305 1867 uitet
320 1802 430 1884 ἁρμοὺς
444 1803 483 1869 ὡς
498 1804 549 1866 ἴδω
564 1805 672 1883 πικρὸν
685 1801 776 1866 θέανι
800 1824 894 1889 quem
910 1825 1033 1867 versum
1050 1803 1199 1868 omittunt
1215 1805 1287 1867 Par.

188 1906 233 1971 A.
252 1901 337 1969 Flor.
353 1909 397 1970 A.
417 1924 467 1969 10.
505 1905 556 1969 De
570 1929 607 1970 eo
622 1903 742 1969 dictum
757 1904 797 1969 ad
812 1928 843 1969 v.
861 1907 932 1991 809.

233 2007 307 2075 826.
323 2009 411 2090 γύναι
426 2010 500 2072 Par.
517 2007 559 2073 A.
578 2009 665 2073 Flor.
681 2010 726 2072 A.
746 2028 796 2072 10.
813 2009 860 2072 H.
885 2006 989 2096 Vulgo
1003 2012 1126 2090 τλῆμον.

233 2111 307 2195 829.
323 2110 465 2194 κραιπνὸν
481 2112 554 2176 Par.
570 2111 702 2176 A.B.D.
720 2109 806 2175 Flor.
823 2113 867 2174 A.
888 2131 935 2175 10.
953 2113 1000 2175 H.
1018 2113 1109 2176 Laac.
1126 2111 1290 2176 scholiasta

188 2227 221 2280 et
234 2214 314 2279 Chr.
331 2215 403 2278 Pat.
421 2233 492 2298 232.
515 2215 620 2297 πικρὸν
635 2214 721 2279 Fior.
740 2233 767 2281 2.
788 2231 836 2299 15.
852 2212 929 2278 Ald.

231 2318 296 2402 μοι]
314 2342 372 2382 που
388 2318 433 2382 Η.

229 2420 302 2507 830.
318 2417 389 2486 τάδε
402 2417 494 2505 πάθη]
512 2417 591 2500 πάθη
607 2418 677 2485 τάδε
693 2418 772 2486 Aid.

230 2524 309 2609 832.
320 2525 416 2607 τύχαν
431 2525 579 2604 δαιμόνων
594 2545 655 2587 om.
673 2525 720 2587 H.

232 2626 305 2711 834.
321 2623 519 2711 τάδ’-κακά]
535 2626 731 2690 τόδ’-κακόν
747 2629 792 2691 H.

232 2728 305 2814 835.
322 2726 347 2793 δ’
363 2726 489 2792 accessit
504 2750 542 2790 ex
559 2728 632 2791 Par.
649 2731 694 2792 A.
711 2728 796 2794 Flor.
814 2731 858 2793 A.
879 2742 925 2794 10.

236 2831 309 2916 837.
327 2832 358 2915 ὁ]
376 2828 399 2893 ὦ
416 2828 501 2893 Flor.
522 2850 571 2914 15.
596 2830 723 2895 Omittit
738 2831 822 2897 Flor.
843 2855 868 2896 1.

231 2933 352 3014 τλάμων
368 2934 442 2998 Par.
457 2935 502 2996 A.
524 2938 638 3014 τλᾶμον
654 2935 681 2998 F
684 2934 740 2999 lor.
760 2955 809 3001 10.
834 2942 946 3017 τλῆμον
962 2936 988 3001 F
992 2935 1048 3000 101.
1068 2951 1115 3022 15.

232 3036 306 3118 840.
322 3036 357 3114 δὴ
371 3057 434 3098 om.
451 3033 530 3099 Ald.
543 3049 574 3099 et
585 3035 703 3124 aliquot
717 3037 808 3102 codd.
833 3041 911 3102 κλύω
926 3037 1011 3102 modi
1026 3054 1073 3103 est
1087 3034 1288 3125 subjunctivi,

187 3161 209 3203 u
223 3161 283 3227 quo
296 3138 454 3203 audiam?

232 3244 307 3323 841.
323 3241 401 3307 Α111.
415 3243 492 3327 τύχα
511 3241 516 3330 Ι
535 3244 622 3325 γύναι
637 3246 697 3308 σὰν
713 3244 771 3324 ἔβα
782 3242 930 3309 τάλαιναν
945 3246 1076 3326 καρδίαν.
1100 3249 1159 3309 σὰν
1174 3244 1291 3324 ἐπέβαν

188 3337 275 3410 Flor.
287 3347 332 3409 A.
355 3347 415 3409 σὰν
431 3344 528 3425 ἐπέβα
544 3347 619 3411 Par.
635 3349 678 3411 A.
693 3346 782 3410 Flor.
801 3366 850 3411 10.
873 3345 1002 3411 τάλαινα
1017 3346 1104 3411 Flor.
1118 3352 1158 3412 A.
1176 3368 1223 3411 10.
1240 3367 1288 3431 15.

188 3443 261 3513 Par.
278 3449 320 3511 A.
345 3449 460 3512 Vocem
476 3447 632 3527 τάλαιναν,
647 3449 767 3537 quippe
781 3473 798 3513 e
814 3473 843 3514 v.
861 3451 934 3514 816.
951 3450 991 3514 ab
1006 3449 1150 3537 imperito
1164 3450 1290 3514 librario

187 3547 251 3616 huc
273 3551 460 3628 traductam,
475 3549 590 3615 delevit
606 3551 747 3615 Brunck.
762 3569 794 3616 et
809 3553 852 3617 sic
865 3551 983 3617 edidit:
1008 3555 1085 3636 τύχα
1104 3557 1163 3617 σὰν
1181 3553 1288 3633 ἐπέβα,

187 3655 287 3735 γύναι,
311 3656 440 3735 καρδίαν.
470 3652 501 3716 in
526 3651 643 3739 quibus
667 3653 765 3734 ἐπέβα
786 3670 886 3719 metro
908 3668 1072 3741 repugnat.
1097 3656 1289 3719 MATTH.

189 3758 289 3821 Recte
305 3755 494 3835 Brunckius,
510 3755 567 3821 nisi
583 3756 669 3843 quod
685 3757 743 3837 ἔβα
759 3780 881 3822 servare
896 3756 1040 3821 debebat.

232 3861 305 3940 844.
329 3862 362 3924 td
376 3887 427 3942 μοι
442 3862 529 3925 Flor.
548 3878 596 3944 15.
613 3862 658 3924 Η.
692 3863 790 3940 ἰῶμοι
804 3887 854 3940 μοι
868 3858 949 3924 Α111.
987 3858 1193 3924 Scribendum
1217 3861 1290 3940 ὤμοι

186 3988 237 4044 μοι
251 3986 290 4026 ex
308 3965 379 4026 Par.
397 3965 440 4026 A.
456 3979 487 4029 et
503 3961 587 4027 Flor.
607 3983 656 4027 10.

232 4063 305 4144 846.
321 4065 497 4149 ἀπωλόμην]
516 4066 679 4144 ὰπωλόμαν
694 4063 771 4129 Ald.

232 4168 293 4248 848
308 4206 349 4217 -
363 4167 435 4252 852.
478 4169 580 4234 ἔλιπες
594 4205 638 4215 -
656 4166 661 4254 Ι
681 4168 847 4248 ἆρίστα-
864 4165 872 4252 Ι
889 4166 1005 4249 φέγγος
1019 4203 1062 4214 -
1080 4165 1086 4254 Ι
1106 4168 1153 4231 καὶ
1168 4204 1211 4214 -
1230 4165 1236 4253 Ι
1257 4169 1290 4229 ἰὼ

187 4270 415 4350 τάλαι-δόμος
431 4268 510 4333 Ald.

231 4373 305 4455 848.
322 4374 423 4440 ἔλιπες
438 4371 531 4436 semel
546 4394 586 4436 ex
601 4369 696 4435 litura
711 4371 796 4435 Flor.
815 4390 843 4436 2.
861 4372 951 4435 Laao.

232 4479 305 4561 849.
328 4480 476 4557 γυναικῶν
491 4473 593 4540 versui
616 4471 804 4559 praecedenti
826 4488 909 4539 recte
930 4473 1019 4538 addit
1034 4473 1112 4539 Ald.
1153 4473 1289 4561 Reliqua
