2864 4914
187 296 252 365 286
549 299 928 365 ANNOTATIONES

182 472 316 561 generis
315 471 397 556 fato
411 469 581 535 reddamus
594 491 751 546 aurorem
776 472 823 537 Et
840 472 941 536 Venus
954 492 971 535 e
985 479 1050 536 tota
1060 478 1158 559 gente
1169 473 1288 538 tributo

182 574 488 664 petat-Pasiphae
502 582 615 653 mater,
627 573 750 662 decepto
760 574 887 640 subdita
902 583 1005 654 tauro,
1017 575 1131 639 Enisa
1142 585 1189 640 est
1200 584 1291 640 utero

185 679 305 743 crinem
327 698 466 765 onusque
486 699 555 742 eno.
593 677 742 763 Perfidus
756 678 910 765 AEgides‚
923 677 1140 764 ducmtiufilo
1153 687 1289 753 secutus,

189 784 301 848 Curua
324 802 398 846 τινα
406 783 510 871 fisgit
531 790 611 847 tecta
634 782 754 846 sororis
774 802 840 869 ope.
877 782 935 845 En
956 801 1015 868 ego
1033 773 1134 858 σανα
1150 781 1291 866 nefiirte

183 906 303 972 purum
332 886 460 950 Minoia
487 885 611 964 credor,
640 887 683 948 Ιπ
713 885 814 950 sorim
843 884 928 972 leges
959 884 1073 949 ultimo
1104 885 1215 970 gentis
1243 905 1288 948 eo.

229 1107 304 1176 345.
321 1087 368 1170 ἀμ’
386 1089 444 1174 (sic
466 1088 582 1176 legitur
596 1088 627 1154 in
641 1088 777 1155 editione
792 1110 861 1153 mea
877 1085 1050 1175 Lipsiensi:
1075 1085 1197 1151 divisim
1221 1085 1241 1151 ἀ
1259 1085 1288 1166 μ’

186 1191 362 1280 typothetae
384 1191 477 1279 eulpa
498 1191 529 1254 in
554 1191 691 1258 editione
710 1191 894 1274 Oxoniensi)
922 1191 1028 1279 ἐχρῆν]
1057 1188 1289 1275 corrigendum

186 1297 244 1377 ἀμέ
258 1296 323 1379 χρέ,
340 1294 427 1380 quod
442 1308 474 1359 et
489 1317 597 1359 sensus
611 1294 750 1382 postulat
764 1311 796 1360 et
810 1293 897 1382 apud
912 1292 1157 1381 Aristophanem
1172 1292 1290 1380 legitur

186 1398 246 1462 hoc
260 1419 350 1463 versu
367 1411 507 1462 utentem
522 1397 554 1461 in
570 1396 681 1483 Equit.
696 1397 745 1460 16.

228 1516 305 1587 347.
320 1504 351 1566 τί
363 1498 441 1565 roilli
458 1499 475 1562 ἀ
489 1499 525 1578 ἀλ
538 1498 681 1581 λέγουσιν
695 1499 867 1581 ἀνθρώπους
881 1500 967 1587 epus]
990 1497 1133 1564 Breviter
1147 1497 1289 1583 loquitur

187 1627 245 1692 pro
259 1605 290 1667 τί
302 1607 400 1682 τοῦτο,
415 1601 450 1665 τὸ
466 1603 547 1683 ἀρᾶν,
564 1595 580 1664 ἀ
597 1600 723 1684 λέγουσι
736 1607 834 1666 ποιεῖν
848 1603 1037 1684 evaporans:
1063 1600 1255 1666 MATTH.

229 1724 303 1792 349.
329 1703 423 1787 εἶμεν]
451 1703 526 1783 ἦμεν
548 1703 594 1767 H.
617 1702 705 1768 Flor.
729 1723 777 1768 10.
816 1702 939 1768 Eadem
963 1702 1143 1791 corruptela
1166 1702 1289 1769 sublata

187 1806 260 1873 Alc.
277 1825 352 1892 921.
368 1805 570 1894 similiterque
585 1806 644 1871 εἴτε
663 1806 694 1870 in
717 1806 770 1888 ἤτε
784 1818 967 1895 corruptum
989 1805 1021 1871 in
1042 1806 1130 1872 libris
1143 1805 1291 1873 omnibus

186 1910 272 2000 apud
289 1910 387 1997 Soph.
404 1911 483 1974 Ant.
498 1924 571 1996 215.

230 2012 406 2097 κεχρημένοι
422 2016 496 2079 Ρατ.
510 2015 554 2077 A.
594 2012 698 2100 Vulgo
713 2013 900 2098 κεχρημέναι.

229 2136 305 2203 350.
320 2117 497 2202 ἀνθρώπων]
516 2118 672 2198 ἀνθρώπου
687 2118 734 2180 Η.

229 2238 304 2306 354.
332 2219 489 2305 ἀνασχέτ’]
517 2222 672 2303 ἀνασχετά
695 2219 781 2284 Flor.
804 2236 971 2303 2.10.15.
998 2217 1038 2283 ἔτ’
1062 2217 1215 2302 ἀνάσχετα
1239 2221 1287 2295 Η,

186 2322 273 2411 quod
289 2337 389 2388 metro
400 2321 624 2387 accommodari
640 2338 744 2409 posset
756 2320 795 2387 ἔτ’
806 2319 929 2405 ἀνσχέτ’
943 2319 1106 2384 scribendo
1116 2324 1168 2405 (ut
1178 2322 1288 2406 ἠνσχό-

185 2454 244 2508 μην
259 2450 317 2515 pro
332 2429 504 2512 ἠνεσχόμην
519 2427 599 2492 dixit
616 2425 812 2512 Sophocles),
825 2427 849 2490 si
865 2424 941 2512 quid
955 2423 1172 2488 uniuscodieis
1182 2445 1288 2489 aucto-

187 2530 269 2596 ritati
286 2530 489 2596 tribuendum
504 2544 592 2593 esset.

230 2653 249 2719 3
252 2636 305 2719 56.
320 2632 609 2716 ἀπαλλαχθήσομαι]
624 2630 878 2712 ἀπαλλαγήσομαι
894 2630 970 2695 Chr.
989 2632 1059 2696 Pat.
1075 2633 1151 2717 369.

230 2741 305 2822 360.
320 2736 469 2823 γίγνεται]
486 2736 600 2816 γίνεται
616 2735 689 2797 Par.
706 2736 748 2798 A.
772 2758 800 2797 τι
814 2736 930 2815 γίνεται
947 2735 990 2796 Η.

230 2841 304 2923 362.
331 2836 478 2924 Strophae
499 2836 573 2900 huic
599 2836 766 2922 respondet
788 2835 1003 2922 antistrophus
1022 2836 1096 2902 inde
1118 2860 1138 2901 u
1160 2861 1191 2901 v.
1212 2838 1286 2902 668.

186 2941 260 3005 satis
282 2939 376 3027 longo
390 2938 561 3004 intervallo.
606 2938 754 3003 Similiter
772 2939 803 3002 in
828 2938 936 3003 Rheso
952 2940 1091 3004 versibus
1104 2943 1286 3026 454—466.

186 3043 376 3130 respondent
390 3065 422 3106 v.
439 3041 622 3126 820—832.

231 3148 332 3211 Recte
353 3143 430 3211 Ald.
456 3143 730 3223 ὄϊες-ἀνήκουστα
755 3149 806 3212 τάκ
833 3168 896 3208 uno
923 3169 1013 3210 versu
1038 3147 1285 3234 comprehendit,

186 3249 241 3338 qui
257 3273 296 3313 ex
311 3248 436 3313 duobus
450 3245 614 3334 paeonibus
628 3261 659 3310 et
674 3246 819 3310 dochmio
834 3262 880 3311 est
895 3248 1092 3333 compositus.

230 3355 305 3437 364.
321 3350 398 3415 Ald.
413 3352 483 3432 πρὶν
498 3352 556 3413 σάν
571 3349 667 3431 φίλαν
682 3355 847 3414 καταλῦσαι
862 3358 991 3433 φρενῶν.
1024 3353 1088 3415 Pto
1103 3355 1198 3434 φίλαν
1215 3354 1285 3415 Par.

187 3455 317 3519 A.B.D.
342 3453 426 3518 Flor.
446 3471 495 3536 15.
518 3452 627 3516 Havn.
651 3451 742 3514 Lasc.
766 3454 881 3532 φιλίαν.
916 3455 1080 3517 καταλύσαι
1103 3455 1176 3517 Ρατ.
1202 3454 1284 3518 B.D.

188 3557 351 3620 κατανύσαι
367 3557 438 3619 Pur.
455 3555 545 3617 ΑΕ.
562 3552 649 3618 Flor.
669 3573 719 3618 10.
735 3554 826 3619 Lasc.
853 3560 1016 3618 κατανύσαι
1031 3556 1117 3619 Flor.
1135 3576 1162 3620 2.
1197 3558 1286 3620 Tun·

187 3655 260 3719 dem
284 3656 382 3738 φρένα
405 3655 490 3720 Flor.
514 3658 556 3720 A.
584 3675 631 3720 10.
656 3658 728 3721 Par.
755 3657 793 3720 B.
815 3655 883 3740 (sed
909 3678 1005 3742 supra
1026 3657 1141 3744 scripto
1160 3659 1215 3736 ὢν)
1242 3661 1285 3721 D.

188 3757 382 3819 MATTH.
427 3756 546 3843 Recepi
570 3755 816 3820 emendationem
842 3755 985 3821 Elmsleii
1011 3760 1081 3839 πρὶν
1103 3763 1171 3833 σᾶν,
1199 3762 1285 3840 φίλα,

188 3860 352 3923 κατανύσαι
383 3860 563 3942 (καθανύσαι
594 3857 777 3941 Elmsleius)
805 3865 934 3942 φρενῶν.
979 3861 1030 3924 De
1059 3862 1288 3926 construetione

188 3961 274 4026 verbi
299 3964 453 4027 κατανύειν
471 3983 542 4026 cum
565 3961 703 4049 genitivo
724 3960 831 4027 confer
848 3985 921 4049 quae
941 3962 981 4026 ad
1007 3963 1105 4051 Soph.
1123 3964 1173 4027 El.
1194 3981 1287 4048 1451.

186 4061 335 4128 diximus.

229 4168 305 4252 365.
329 4168 362 4231 to
376 4193 427 4247 μοι
445 4168 518 4231 Ρατ.
536 4169 578 4230 A.
595 4165 679 4230 Flor.
696 4168 740 4231 A.
760 4188 809 4232 10.
843 4169 877 4231 nt
898 4169 952 4246 μοί
970 4194 1020 4249 μοι
1042 4169 1127 4233 Flor.
1146 4188 1175 4234 2.
1193 4170 1287 4234 Lusc.

187 4268 265 4334 Ald.
291 4269 564 4350 oiuotolpotFlor.
584 4288 632 4353 15.
661 4269 734 4348 ὤμοι
749 4271 796 4336 Η.
837 4271 983 4336 Alterum
1000 4276 1058 4353 φεῦ
1074 4295 1137 4338 om.
1153 4271 1240 4336 Flor.
1258 4292 1286 4338 2.

189 4370 236 4438 Η.
252 4372 342 4436 Lusc.
