2864 4914
161 273 226 336 124
524 269 903 335 ANNOTA'PIONES

208 460 300 528 1577.
322 441 451 524 οὐδέτερ’
472 443 558 506 Flor.
576 464 658 507 unus
679 455 711 508 et
727 441 778 507 ed.
795 441 913 529 Kingii.
952 437 1044 505 Libri
1064 436 1159 504 ceteri
1176 437 1262 502 οὐδέ-

160 571 256 628 τερον.

204 647 240 724 δ’,
256 651 296 718 ὣς
310 649 398 723 έοικε,
414 654 472 713 σοΰ
486 646 676 712 Brunckius.
712 647 938 713 Revocandum
953 646 1038 733 quod
1061 644 1093 709 in
1113 642 1202 708 libris
1214 656 1263 708 eat

161 748 186 816 δ’
202 753 240 819 ὣς
255 751 334 817 ἔοικέ
348 777 416 817 σου.

208 856 300 940 1586.
319 861 410 920 κτενῶ
424 854 515 919 codd.
532 852 670 941 plurimi.
693 859 789 917 κτανῶ
803 852 883 918 Ald.

209 957 300 1041 1587.
315 957 461 1042 πράσσει]
478 956 624 1039 πράσσεις
635 954 778 1043 quinque
792 955 885 1020 codd.

208 1061 301 1145 1589.
316 1061 428 1149 παρὸν]
446 1059 653 1125 Scribendum
668 1058 762 1141 πάρος
775 1082 847 1124 cum
864 1054 1056 1123 Marklando
1069 1054 1110 1119 ad
1127 1054 1201 1143 lph.
1216 1055 1263 1118 A.

208 1279 300 1350 1594.
316 1265 521 1350 φευξόμεσθα]
539 1267 708 1347 φευξόμεθα
721 1263 843 1352 aliquot
855 1262 947 1330 codd.
971 1260 1069 1327 Pauci
1080 1259 1172 1325 etiam
1189 1266 1264 1340 dea»

160 1365 302 1448 ξοόμεθα,
316 1366 403 1454 quod
416 1381 464 1432 est
477 1367 508 1431 in
526 1369 571 1432 H.
586 1379 619 1432 et
632 1366 712 1432 Ald.

208 1485 301 1556 1595.
315 1469 356 1551 μή
370 1468 398 1553 γ’
415 1472 462 1534 Η.
477 1483 510 1535 et
523 1485 674 1557 quattuor
688 1469 740 1534 alii
754 1493 825 1534 cum
841 1468 937 1534 schol.
950 1465 1015 1548 μήτ’
1031 1465 1110 1530 Ald.

208 1587 302 1658 1599.
325 1572 395 1655 νυν]
418 1571 508 1637 Libri
523 1571 574 1638 hic
587 1596 715 1659 quoque
737 1578 811 1638 υθνι
835 1573 875 1638 de
888 1595 955 1659 quo
968 1570 1000 1634 in
1020 1583 1180 1658 posterum
1200 1586 1265 1629 non

160 1675 304 1741 monebo.

207 1780 300 1845 1602.
316 1778 429 1858 δὴοπι.
444 1778 524 1843 Ald.
538 1794 571 1844 et
584 1802 658 1867 pars
672 1779 826 1844 codicum.

207 1885 300 1963 1607.
319 1882 354 1944 οὐ
370 1884 427 1963 γὰρ
442 1880 637 1967 ἁνδάνουσιν]
655 1881 863 1948 Scn'bendum
880 1880 1004 1945 videtur
1018 1875 1104 1965 quod
1120 1875 1151 1939 in
1167 1872 1262 1960 quin·

160 2007 223 2070 que
245 1983 404 2048 codicibus
425 1998 472 2048 est
493 1984 655 2049 inventum
677 1985 712 2049 ol
734 1985 791 2068 γάρ
811 1983 841 2066 μ’
857 1983 1048 2062 ἁνδάνουσιν,
1062 1978 1158 2044 verbo
1172 1974 1263 2040 δνδά-

162 2112 225 2152 νειν
240 2084 410 2150 secundum
427 2085 600 2175 analogiam
614 2086 699 2152 verbi
711 2087 850 2170 ἀρέσκειν
861 2108 934 2151 cum
946 2083 1121 2150 accusativo
1130 2082 1265 2169 juncto:

69 2196 72 2205 '
160 2188 200 2253 de
216 2212 281 2276 quo
294 2191 377 2256 conf.
393 2214 466 2278 quae
480 2191 521 2256 ad
538 2191 626 2256 Med.
644 2212 693 2256 12.
706 2191 859 2255 dicentur.

208 2291 301 2377 1609.
317 2300 428 2361 κτενεῖς
443 2295 482 2357 Β.
520 2293 625 2380 Vulgo
641 2300 766 2360 movele.

208 2397 301 2460 1611.
318 2396 448 2479 κτανεῖν]
470 2395 677 2461 Scribendum
693 2401 796 2461 θανεῖν
810 2419 847 2459 ex
865 2397 904 2460 Β.
945 2396 1009 2459 Pro
1024 2392 1109 2458 varia
1122 2390 1193 2456 lect.
1206 2413 1265 2455 an-

159 2511 303 2563 notatum
318 2513 365 2562 est
379 2497 410 2560 in
427 2498 521 2564 Harl.

206 2601 298 2664 1612.
313 2596 332 2678 ἢ
347 2611 430 2662 reete
445 2601 609 2664 Canterus.
633 2602 693 2664 Est
707 2600 788 2664 enim
802 2600 933 2686 alioqui,
946 2599 1012 2662 οῖοῖ
1025 2597 1086 2660 δυο
1099 2595 1265 2659 adduxero

159 2702 313 2788 Argivos.
328 2698 368 2763 de
378 2723 442 2786 qua
453 2700 484 2764 vi
497 2701 581 2766 vocis
589 2726 619 2766 v.
628 2703 732 2767 Wass.
744 2702 785 2767 ad
797 2700 947 2788 Thucyd.
964 2720 992 2779 1,
1003 2701 1055 2782 78.
1068 2697 1263 2762 MATTH.

207 2805 299 2884 1614.
315 2803 380 2890 ool]
398 2805 534 2867 Contere
548 2804 796 2869 <rescribendum
818 2803 984 2868 videbatur
1004 2802 1063 2866 boc
1084 2823 1169 2865 nexu
1192 2822 1264 2864 sen·

160 2904 378 2984 tentiarum,‹b
400 2910 513 2986 τλῆμον
533 2905 655 2987 Ἑλένη,
672 2910 710 2971 σὲ
728 2907 862 2990 σφάγιον
876 2903 988 2987 έκόμισ’
1005 2908 1038 2969 έκ
1060 2910 1186 2988 Φρυγῶν
1205 2905 1261 2969 πό-

161 3033 229 3076 νους
241 3007 376 3087 πονήσας
389 3012 517 3090 μυρίους.
556 3011 650 3089 Quod
665 3033 775 3075 verum
791 3010 925 3074 videtur.

206 3114 301 3198 1615.
315 3111 343 3195 γ’
359 3136 422 3176 om.
440 3115 487 3177 H.

207 3216 298 3282 1620.
314 3215 440 3299 τειχέων
453 3215 546 3280 codd.
562 3216 712 3304 plerique.
735 3219 851 3303 τείχεος
866 3217 945 3282 Ald.

206 3319 298 3382 1611.
321 3318 374 3382 οὐκ
397 3317 434 3383 εῖ’
452 3320 665 3406 Musgravius.
696 3321 764 3404 οὐχὶ
780 3322 866 3385 Β.Η.
882 3320 997 3408 aliique
1012 3319 1125 3406 plures.
1156 3321 1266 3384 οὔκουν

158 3434 231 3483 octo
245 3419 338 3486 codd.
355 3435 387 3485 et
402 3420 519 3486 Aldus.

206 3525 299 3607 1623.
322 3526 403 3603 ὑμῶν
420 3524 571 3589 Brunckii
593 3540 624 3589 et
643 3526 774 3590 Porsoni
789 3525 948 3589 editiones.
979 3527 1061 3605 ἡμῶν
1075 3523 1152 3590 Ald.
1168 3537 1211 3602 et,
1227 3540 1263 3589 ut

159 3624 297 3704 videtur,
312 3625 445 3690 codices.

207 3730 300 3813 1629.
314 3725 445 3808 Ἑλένην
456 3729 586 3795 codices.
607 3730 721 3796 Ἑλένα
730 3731 808 3797 Ald.
836 3732 935 3796 Recte
947 3731 1128 3797 Brunckius
1141 3730 1218 3796 Ἐλέ
1256 3780 1264 3797 .

158 3828 289 3911 Ἑλένην
304 3828 450 3895 librarius
463 3831 572 3896 calami
588 3832 678 3920 lapsu
692 3834 798 3921 posuit
812 3851 940 3922 propter
954 3834 991 3914 ἣν
1002 3836 1088 3922 quod
1103 3834 1264 3921 sequitur:

159 3956 225 4019 quo
244 3946 338 4020 pacto
359 3955 422 3998 non
444 3957 515 4000 raro
536 3952 696 4021 peccatum
716 3937 747 4001 in
768 3936 856 4001 libris
874 3953 932 4015 est,
948 3937 1035 4002 velut
1055 3936 1142 4025 apud
1165 3936 1264 4025 Sopb.

160 4035 238 4100 OEd.
256 4037 293 4100 C.
310 4054 401 4121 1150.
417 4039 513 4120 λόγον
527 4037 550 4102 δ’
567 4038 601 4106 δς
616 4039 903 4119 &unimam-ubi
918 4063 1002 4104 nunc
1016 4042 1108 4121 λόγος
1121 4062 1161 4105 ex
1177 4039 1265 4105 libris

160 4137 287 4226 optimis
301 4138 490 4204 restitutum.

215 4243 309 4322 1646.
332 4241 509 4322 κεκλήσεται
522 4247 555 4308 δὲ
570 4248 625 4323 σῆς
638 4248 734 4327 φυγῆς
749 4245 916 4329 έπιάνυμον]
945 4243 1060 4308 lisdem
1082 4245 1147 4309 fere
1162 4246 1265 4312 verbis

159 4342 261 4408 utitur
273 4344 305 4407 in
321 4343 449 4409 Electra
463 4361 557 4430 1275.
574 4349 724 4429 έπιόννμος
738 4347 772 4411 δέ
787 4372 842 4412 σου
857 4350 945 4415 πόλις
960 4347 1146 4427 κεκλήσεται.
1168 4348 1262 4427 Quod

157 4445 303 4534 proximo
315 4467 407 4511 versu
423 4447 552 4513 additur
567 4457 672 4516 καλεῖν
687 4464 769 4514 τεοῖο
790 4449 940 4537 explicuit
956 4448 1144 4528 Schaeierus,
1159 4451 1264 4517 Locaa
