2864 4914
163 310 231 381 278
499 309 897 375 'ANNOTA'I'IONES
931 380 935 385 ,

165 479 290 560 Quibus
309 479 342 544 in
364 479 426 545 alio
447 479 565 545 scholio
589 479 729 558 additur,
752 481 847 546 l'uisse
871 479 962 546 talem
987 501 1086 566 prope
1109 480 1267 544 Troezena

165 604 288 670 rupem,
304 583 337 662 έξ
350 581 385 666 ἧς
398 581 433 646 τδ
449 583 691 664 καταφερόμενον
705 584 781 664 ὕδωρ
795 581 906 662 βόπτει
920 585 972 651 τδς
985 583 1096 664 ὑδρίας,
1107 583 1148 650 ὣς
1160 588 1267 646 Διονν-

165 684 296 767 σόδὶνρος
311 686 345 749 έν
359 688 400 770 τῷ
414 685 482 768 περὶ
495 690 636 766 ποταμῶν
650 684 745 768 λέγει.

211 807 282 874 123.
298 791 420 870 βαπτδν
435 787 558 852 κάλπισι
571 790 663 871 ῥυτὸν
678 788 794 873 παγὰν]
812 795 834 827 “
851 785 992 852 Laticem
1012 803 1075 850 tam
1093 784 1267 872 mpiosum,

163 905 200 955 ut
217 890 302 955 urnis
316 913 431 977 aquam
447 889 572 955 haurire
589 890 749 978 potuerint
762 891 923 973 όδροφόροι
937 887 1143 953 Troezeniae.”
1156 885 1266 952 Valck.

166 992 356 1081 Hesychius,
384 992 469 1059 lrunc
491 992 595 1060 locum
621 993 799 1082 respiciens,
826 992 955 1081 exponit
981 990 1112 1072 βαπτόν.
1142 991 1268 1055 ἀντλον-

163 1095 437 1185 illapsusque
449 1097 629 1182 mirator.)
661 1096 872 1163 Callimachus
885 1097 917 1160 in
934 1096 1112 1160 Lavacrum
1129 1090 1268 1165 Palladis

164 1214 219 1282 45.
265 1198 402 1283 Σόμερον
435 1201 596 1284 δδροφόροι
629 1199 669 1282 μη
704 1199 847 1279 βόπτετε,
876 1220 988 1285 nempe
1024 1199 1076 1264 τδς
1113 1195 1268 1263 κόλπιδας.

213 1421 282 1483 124
299 1407 401 1486 royda
415 1404 517 1469 versui
531 1422 602 1491 123.
617 1405 705 1472 addit
721 1404 800 1471 Ald.

107 1537 109 1541 ·
213 1523 283 1591 125.
300 1508 363 1595 ὅθι]
379 1507 444 1572 τόθι
459 1510 532 1573 Par.
548 1508 635 1576 DE.
652 1508 739 1574 Flor.
757 1527 786 1575 2.
802 1508 895 1572 Lasc.

215 1610 284 1674 126.
307 1609 462 1691 πορφύρεα
484 1609 598 1696 φάρεα]
623 1613 706 1676 Haec
727 1632 799 1675 cum
823 1633 842 1674 a
865 1607 992 1696 regibus
1016 1622 1049 1672 et
1068 1606 1268 1695 magnatibus

166 1709 231 1775 fere
257 1724 378 1798 gestata
407 1724 491 1793 sunt,
514 1712 674 1801 dignitatis
697 1711 817 1799 aliquid
841 1711 915 1776 inde
940 1709 1107 1775 narrationi
1135 1709 1266 1788 accedit,

166 1812 257 1879 facile
292 1812 408 1902 alioqui
439 1816 597 1882 fastidium
632 1830 794 1881 creaturae.
841 1813 959 1880 Confer
990 1814 1104 1876 Helen.
1132 1835 1163 1880 v.
1192 1813 1265 1877 181.

167 1917 314 1984 MUSG.
352 1918 452 2002 φόρεα
479 1921 634 2002 πορφύρεα
660 1918 850 2006 transposuit
877 1919 1081 1982 Hermannus
1106 1915 1146 1980 de
1173 1930 1267 1983 metr.

214 2143 284 2210 129.
307 2125 470 2202 κατέβαλλ’
495 2125 658 2191 Monkius.
682 2122 824 2205 κατέβαλ’
848 2126 922 2189 Par.
946 2126 989 2190 A.
1012 2122 1099 2188 Flor.
1115 2125 1158 2187 A.
1182 2122 1268 2187 κατέ·

166 2235 288 2309 βαλλεν
303 2227 389 2292 Flor.
409 2247 454 2314 15.
471 2226 639 2309 κατέβαλεν
654 2226 744 2292 codd.
761 2226 854 2292 ceteri
870 2248 942 2290 cum
959 2226 1052 2291 Lasc.
1067 2241 1099 2290 et
1114 2224 1190 2290 Ald.

214 2351 285 2416 130.
300 2328 476 2416 δέσποιναν]
494 2333 654 2399 δεσποίνας
669 2334 740 2396 Par.
757 2332 800 2394 A.
814 2351 833 2393 a
848 2350 897 2416 pr.
915 2351 957 2392 m.

214 2452 285 2519 131.
297 2434 480 2498 Notandum
493 2433 679 2520 antistrophi
691 2434 723 2498 in
735 2431 837 2498 media
848 2431 1001 2496 sententia
1011 2430 1133 2495 initium
1146 2456 1153 2495 :
1177 2430 1265 2518 quod

167 2557 238 2598 raro
252 2535 309 2599 sibi
325 2535 534 2622 permiserunt
548 2536 666 2621 tragici.

176 2703 179 2708 ,
214 2654 284 2721 132.
301 2637 399 2720 ἐντὸς]
417 2638 562 2701 ἔντοσθεν
576 2639 650 2702 Par.
666 2642 711 2703 A.
726 2641 753 2702 F
756 2637 813 2702 lor.
829 2657 876 2700 10.

214 2759 284 2824 133.
300 2739 381 2822 φόρη
396 2741 469 2803 Par.
486 2743 529 2805 A.
576 2740 682 2827 Vulgo
696 2742 803 2824 φόρεα.

214 2859 282 2925 135.
314 2840 375 2905 κατ’
403 2843 570 2926 ἀμβροσίου
596 2844 742 2924 στόματος
770 2846 885 2914 dixisse
911 2846 1048 2922 videtur,
1071 2843 1146 2930 quia
1175 2842 1267 2923 δέμας

167 2943 263 3026 ἀμνὸν
273 2943 355 3026 ἔχειν
370 2947 454 3008 σίτου
468 2944 550 3008 idem
567 2960 614 3009 est
627 2969 664 3009 ac
680 2953 765 3011 σῖτον
780 2953 855 3015 sard
869 2950 962 3033 δέρης,
976 2946 1134 3027 despeciui
1148 2944 1263 3009 διιέναι.

167 3046 360 3113 ΜΑΤΤΗ.
407 3047 523 3110 Sensus
543 3061 600 3123 est,
616 3049 722 3114 Audio
742 3061 845 3116 autem
861 3075 929 3117 eom
944 3052 1071 3115 tertium
1086 3049 1169 3112 lianc
1182 3049 1264 3112 diem

167 3150 203 3212 in
215 3150 380 3236 pulchrum
396 3171 430 3214 os
444 3150 546 3213 cibum
561 3173 623 3215 παπ
639 3155 788 3240 occipere.
830 3155 937 3219 Habet
952 3152 1079 3239 quidem
1095 3150 1266 3238 Euripides

168 3252 269 3317 Orest.
285 3273 339 3333 41.
362 3253 403 3315 ὧν
425 3252 492 3327 οὔτε
514 3258 584 3317 σῖτα
607 3257 654 3318 διὰ
676 3254 762 3337 δέρης
784 3258 923 3336 ἑδέξοτοι
953 3256 1002 3320 hic
1023 3269 1127 3318 autem
1150 3277 1208 3342 pro
1229 3255 1267 3320 οὗ

168 3357 311 3440 δέχεσθαι
333 3362 402 3420 σῖτα
424 3354 504 3420 dixit
527 3357 627 3444 magis
646 3360 765 3445 poetice
779 3364 879 3444 ἴσχειν
894 3359 984 3441 δέμας
997 3359 1092 3444 ἁγνὸν
1108 3359 1265 3441 Δάματρος

170 3457 270 3533 ἀκτᾶς,
293 3456 452 3541 quomodo
473 3457 662 3541 infra1007.
686 3460 795 3544 λέχους
816 3463 911 3546 ἁγνόν
934 3462 1031 3545 δέμας.
1077 3461 1265 3525 Eustathius

167 3579 199 3644 p.
217 3561 292 3642 438,
309 3578 360 3644 23.
377 3559 461 3623 hunc
484 3558 585 3625 locum
610 3563 785 3649 respiciens,
801 3565 908 3631 docuit
930 3564 1060 3652 pulchra
1075 3564 1195 3650 quaevis
1209 3566 1264 3644 ἀμ-

167 3661 280 3740 βρόσια
293 3661 366 3739 dici,
381 3678 416 3724 ut
429 3665 522 3745 λόγος
532 3665 708 3745 ἀμβρόσιος,
725 3668 776 3746 νὺξ
793 3669 953 3749 ἀμβροσίη,
970 3670 1132 3748 ἀμβρόσιαι
1152 3672 1264 3750 χαῖται,

169 3760 218 3827 καὶ
227 3763 395 3843 ἀμβρόσιον
404 3765 510 3842 στόμα.
525 3766 673 3830 Ceterum
685 3769 885 3833 Homericam
894 3768 1080 3833 locutionem
1093 3776 1132 3831 Δ.
1142 3771 1182 3842 ἀ,
1191 3793 1264 3855 quae

170 3861 263 3927 fluxit
284 3863 325 3927 ab
348 3863 441 3927 Iliad.
465 3871 505 3928 N.
519 3885 593 3951 322.
610 3865 671 3936 Ὃς
693 3873 797 3950 θνητός
818 3870 841 3933 τ’
865 3874 919 3949 εἴη,
946 3873 993 3934 καὶ
1019 3872 1080 3935 έδοι
1095 3872 1266 3952 Δημήτερος

171 3966 271 4045 ἀκτὴν,
288 3965 417 4052 sumpsit
441 3966 533 4030 etiam
550 3969 721 4056 Euripides
741 3972 828 4059 apud
841 3970 1033 4037 Athenaeum
1049 3993 1079 4052 4.
1096 3995 1130 4059 p.
1148 3974 1205 4056 158
1223 3975 1265 4036 E.

174 4223 179 4230 .
218 4189 288 4284 139.
315 4173 427 4254 κρυπτῷ
452 4167 574 4233 codices
598 4185 629 4234 et
650 4173 741 4237 Lasc.
766 4176 880 4260 κρνττῷ
901 4201 934 4241 τε
956 4175 1032 4241 Ald.
1055 4200 1074 4240 a
1095 4192 1267 4242 correctore

173 4285 312 4339 metrico.

215 4375 303 4441 πόθει
317 4373 360 4438 G.
373 4372 546 4458 Burgesius
564 4374 684 4460 praelat.
701 4376 740 4442 ad
758 4380 836 4445 Ττο.
853 4402 886 4466 p.
903 4379 956 4444 xii.
979 4396 1009 4445 et
1030 4395 1111 4446 recte
1128 4381 1268 4449 fortasse.
