2864 4914
541 305 609 368 AD
632 303 857 368 MEDEAM.
1178 298 1243 367 267

145 476 236 557 ἐχρῆν
251 476 357 538 κείνων
370 476 516 556 ταφείσας
537 476 643 559 χερσῖν
658 477 773 558 ὡραίων
787 480 898 559 τυχεῖν.
945 471 1060 537 Similis
1074 487 1121 536 est
1136 470 1242 559 dupli·

143 590 220 640 catae
235 570 460 663 praepositionis
474 579 672 664 pleonasmus
687 577 727 642 de
741 601 806 663 quo
820 576 886 642 dixi
901 575 941 640 ad
957 576 1059 639 Orest.
1075 592 1149 659 407.
1181 574 1242 637 Sed

144 678 338 742 librariorum
355 702 458 766 errore
472 680 640 759 ἣν-πήνδε
655 679 774 744 illatum
791 693 837 745 est
852 679 956 743 Andr.
970 682 1043 763 650.
1062 693 1134 759 710.

190 797 282 864 1297.
297 780 408 866 βάθος]
425 809 471 864 γρ.
488 785 602 866 πτύχας
619 785 660 847 A.

192 884 282 967 1298.
300 888 326 948 εἰ
338 885 391 969 μὴ]
410 886 428 963 ἦ
443 885 502 964 μὴν
518 889 561 949 A.
578 899 745 949 correctus.

193 1004 284 1070 1299.
300 985 416 1050 πέποιθ’
433 990 633 1051 ἀποκτείνασα
649 987 800 1068 κοιράνους
812 985 987 1068 (τυράννους
1002 1007 1074 1072 pars
1085 982 1243 1062 codicum)

145 1088 256 1170 χθονὸς
270 1090 365 1174 ἀθῷος
380 1090 452 1169 αὐτὴ
467 1096 559 1154 τῶνδε
574 1093 737 1172 φεύξεσθαι
748 1092 845 1169 δόμων
855 1089 880 1177 ;]
900 1089 1013 1175 Inepta
1028 1087 1094 1150 haec
1104 1101 1151 1150 est
1166 1110 1246 1173 prae·

145 1189 321 1253 cedentium
338 1192 503 1255 verborum
520 1190 729 1280 amplificatio,
742 1213 837 1278 quam
855 1212 916 1254 non
931 1189 1077 1276 scriptam
1093 1189 1134 1253 ab
1151 1189 1246 1253 Euri-

145 1291 220 1377 pide
234 1315 299 1355 esse
313 1292 415 1379 ipsum
431 1316 531 1380 genus
545 1294 669 1358 dicendi
684 1293 757 1357 satis
771 1292 886 1380 arguit.

193 1413 283 1479 1301.
301 1397 400 1475 κείνην
413 1399 469 1476 μὲν
483 1397 534 1463 ote
549 1396 676 1478 ἔδρασεν
691 1396 827 1477 ἕρξουσιν
841 1395 948 1478 κακῶς]
976 1392 1145 1479 Sophocles
1160 1393 1243 1459 Phil.

147 1497 220 1581 958.
234 1496 307 1577 κάμ’,
321 1498 371 1565 ote
386 1497 498 1580 ἐθήρων
509 1501 633 1580 πρόσθε,
644 1498 807 1580 θηράσουσι
818 1504 881 1562 νῦν.
904 1496 1075 1583 Euripides
1088 1497 1158 1560 Ion.
1171 1497 1245 1579 648.

147 1605 253 1667 Καλῶς
267 1599 381 1678 ἔλεξας,
399 1604 491 1682 εἴπερ,
504 1601 555 1668 otc
570 1602 629 1682 ἐγὼ
641 1607 731 1682 φιλῶ,
751 1602 757 1684 Ι
777 1602 810 1664 ἐν
821 1606 900 1664 τοῖσι
915 1607 1017 1664 σοῖσιν
1032 1599 1247 1683 εὐτυχήσουσιν

147 1702 253 1781 δόμοις.
292 1702 394 1766 Verba
417 1703 467 1769 οὓς
489 1702 624 1784 ἔδρασεν,
648 1702 698 1769 οδς
720 1701 833 1783 ἐθήρων
850 1705 975 1783 πρόσθε,
1002 1702 1052 1768 οῖς
1075 1703 1133 1783 ἐγὼ
1154 1707 1244 1784 φιλῶ,

146 1803 326 1868 nominativi
346 1805 415 1868 loco
429 1803 607 1890 accipienda
626 1817 709 1868 sunt.
756 1804 926 1892 Explicant
949 1803 1142 1890 grammatici
1156 1804 1247 1891 quasi

147 1907 353 1972 subaudiatur
369 1911 487 1973 ἐκεῖνοι.
511 1908 627 1971 ELM.

190 2011 340 2097 ἔρξονσιν]
359 2012 476 2094 ἕρξουσι
491 2014 534 2074 A.
549 2033 568 2073 a
583 2031 630 2096 pr.
647 2031 687 2072 111.
713 2009 848 2091 ἕρξουσιν
863 2010 957 2073 Rom.
975 2009 1056 2074 B.C.
1080 2011 1194 2074 ELM.

193 2133 283 2199 1303.
300 2115 444 2201 ἐκσῶσαι]
464 2112 668 2176 scribendum
686 2114 829 2177 ἑκσόσων
843 2135 881 2176 ex
897 2113 984 2177 ΑΒ.
999 2111 1139 2199 aliisque.

193 2236 284 2300 1304.
300 2214 444 2300 lpduoc’]
464 2214 709 2301 Intelligendum
725 2215 838 2280 αὐτούς.

194 2338 286 2402 1309.
304 2318 394 2382 σέθεν
409 2317 448 2381 ad
464 2324 567 2385 παῖδες
581 2316 791 2381 referendum.
824 2315 944 2379 Eadem
960 2315 1120 2381 collocatio
1135 2317 1245 2382 verbo·

148 2444 218 2486 rum
244 2419 354 2507 Suppl.
374 2440 444 2505 133.
466 2424 507 2505 τῷ
529 2420 553 2483 δ’
571 2421 713 2499 ἐξέδωκας
733 2423 840 2485 παῖδας
853 2417 1000 2500 Ἀργείων
1018 2418 1127 2493 aldem
1151 2443 1245 2506 quem

147 2523 249 2588 locum
265 2522 456 2610 comparavit
471 2521 649 2586 Elmsleius.

194 2626 285 2710 1316.
301 2625 397 2710 δίκην]
416 2624 500 2712 φόνῳ
515 2626 600 2689 A.B.
617 2624 732 2711 aliique
749 2624 901 2690 nonnulli.

193 2744 284 2813 1317.
300 2730 407 2806 Quum
423 2726 587 2814 Aristoph.
604 2729 637 2791 Ν
639 2728 692 2792 nb.
710 2748 802 2813 1399.
816 2728 884 2792 haec
899 2727 1023 2805 habeat,
1039 2729 1096 2792 σὸν
1111 2728 1248 2815 ἔργον,ιῖι

149 2837 257 2895 καινῶν
273 2833 353 2895 ἐπῶν
368 2830 434 2914 (alii
449 2829 564 2915 λόγων)
579 2833 681 2912 κινητὰ
695 2833 743 2895 καὶ
756 2829 918 2915 μσχλεντά,
934 2830 966 2895 111
981 2832 1097 2918 quibus
1112 2831 1153 2895 ad
1174 2831 1209 2896 h.
1224 2831 1245 2897 l.

147 2933 317 3019 respexisse
338 2933 473 3011 videtur,
499 2932 627 2997 Heliod.
649 2948 754 2998 autem
772 2934 916 3021 AEthiop.
937 2956 964 3000 1.
985 2959 1017 3023 p.
1034 2955 1082 3020 15.
1105 2938 1136 3001 τί
1155 2941 1248 3000 ταῦτα

150 3043 240 3102 κινεῖς
255 3038 505 3119 κάναμοχλεόεις;
529 3041 615 3100 τοῦτο
631 3037 666 3115 δὴ
681 3036 715 3100 τδ
730 3042 790 3100 τῶν
803 3044 970 3122 τραγῳδῶν,
987 3037 1096 3119 (verba
1110 3041 1142 3102 τί
1155 3043 1249 3103 ταῦτα

150 3144 238 3204 κινεῖς
260 3139 502 3222 κάναμοχλεόεις,
525 3138 639 3203 additis
660 3138 720 3202 illis
743 3140 791 3202 καὶ
813 3139 916 3222 φέρεις
934 3141 1009 3221 ἡμᾶς
1026 3138 1155 3203 Ἰλιόθεν
1175 3142 1249 3204 κατδ

148 3241 202 3320 τὴν
216 3243 384 3323 παροιμίαν,
400 3241 492 3306 etiam
509 3242 642 3328 scriptor
655 3241 793 3306 ineditus
807 3242 893 3330 apud
909 3243 996 3307 Bast.
1012 3243 1101 3306 lettre
1114 3244 1248 3329 critique

149 3367 182 3430 p.
195 3360 265 3425 147.
283 3348 327 3430 (p.
342 3346 410 3425 184.
423 3343 472 3408 ed.
487 3345 588 3426 Lat.))
600 3344 736 3431 denique
748 3344 998 3432 Pseudogregor.
1008 3367 1036 3408 v.
1053 3363 1122 3410 120.
1135 3343 1249 3408 habeat

151 3447 208 3510 Kal
223 3449 330 3510 τούσδε
348 3454 437 3514 κινεῖς
458 3449 690 3531 κάνομοχλεόεις
703 3444 822 3530 λόγους,
839 3470 871 3510 ν.
887 3450 961 3532 436.
978 3448 1248 3512 111110111τίτοόσδε

151 3575 177 3610 κ.
194 3551 298 3628 κάνομ.
311 3547 429 3630 λόγους,
441 3550 572 3613 Porson.
586 3548 772 3636 suspicatur,
783 3547 969 3635 Euripidem
982 3548 1083 3636 primo
1094 3545 1249 3634 scripsisse

150 3654 183 3712 τί
200 3653 306 3713 τούσδε
329 3656 417 3718 κινεῖς
440 3652 547 3732 κθνσμ.
562 3649 682 3733 λόγους,
698 3650 811 3715 deinde
832 3650 874 3715 ab
888 3650 1101 3737 Aristophane
1122 3663 1249 3737 propter

150 3750 307 3815 duriorem
323 3751 536 3841 metaphoram
554 3753 586 3816 in
602 3776 693 3818 scena
708 3753 887 3818 traductum
903 3752 1063 3839 vulgatam
1087 3749 1247 3816 lectionem

150 3852 356 3918 substituisse.
402 3854 485 3918 Mihi
516 3855 699 3942 Euripides,
729 3854 753 3919 si
788 3854 848 3919 hoc
877 3853 945 3919 loco
973 3853 1250 3937 τούσδε-λόγους

149 3955 329 4042 scripsisset,
360 3979 421 4020 non
451 3959 551 4021 solnm
591 3973 718 4045 propter
750 3955 907 4020 duriorem
937 3955 1163 4043 metaphoram,
1194 3955 1249 4020 sed

148 4071 279 4145 propter
293 4057 462 4122 orationem
477 4059 522 4123 rei
537 4060 664 4124 minime
678 4058 911 4124 convenientem
936 4057 1046 4123 merito
1059 4057 1249 4122 deridendus

148 4159 245 4224 fuisse
273 4160 408 4224 videtur.
454 4163 603 4225 Jasonem
633 4163 713 4227 enim
744 4184 807 4226 non
836 4160 977 4248 increpat
1005 4160 1132 4239 Medea,
1161 4159 1248 4245 quod

150 4262 291 4350 loquitur
312 4277 343 4325 et
364 4261 567 4326 contumelias
588 4287 624 4327 ac
646 4263 743 4327 minas
765 4263 796 4327 in
819 4263 916 4350 ipsam
939 4262 1075 4350 conjicit,
1090 4261 1144 4325 sed
1162 4260 1249 4348 quod

150 4365 232 4429 sores
246 4363 409 4450 effringere
423 4379 454 4428 et
468 4363 621 4451 impeturn
637 4364 668 4429 iu
684 4365 767 4430 redes
780 4366 882 4430 facere
903 4379 1052 4438 conatur;
1076 4362 1152 4427 dicit
1165 4362 1248 4430 enim

152 4471 178 4531 εί
193 4467 217 4530 δ’
234 4470 305 4546 ἐμοῦ
319 4467 424 4549 χρείαν
439 4466 527 4550 ἔχεις,
543 4464 609 4550 λέγ’
625 4470 692 4533 εἴτι
705 4469 822 4547 βούλει,
838 4468 916 4554 χειρὶ
932 4466 957 4532 δ’
973 4467 1153 4551 οδψαόσεις
1166 4465 1248 4530 ποτέ.
