2864 4914
215 286 280 356 476
580 290 962 356 ANNO'I'A'I'IONES

214 458 371 546 scripsisse
392 461 486 541 ῥοαῖς,
506 459 639 525 alterum
662 482 728 525 esse
749 461 790 525 ub
811 460 1045 548 interpolatore,
1059 460 1117 548 qui
1139 460 1338 525 meminerat

212 564 309 629 πνοὰς
330 585 351 625 a
373 561 495 627 Gmcis
520 561 580 626 boc
601 576 742 650 tempore
767 562 950 650 exspectari.
998 562 1031 628 Si
1054 561 1181 651 legetur
1207 569 1336 637 πνοαῖς,

212 661 293 727 verti
315 678 418 751 potest
440 664 490 729 ἐπὶ
510 685 593 743 cum,
617 679 653 729 ut
676 687 705 730 v.
730 665 805 749 656.
828 663 902 745 μένε
923 666 972 729 ἐπὶ
991 663 1115 738 τέκνοις,
1135 685 1235 728 mone
1257 687 1338 729 συυι

212 765 329 829 liberie.
355 767 511 831 MARK.

257 866 333 931 816.
352 866 463 954 Ἴλιον]
490 867 697 934 Scribendum
719 867 813 933 Ἰλίου
834 890 874 933 ex
897 866 1067 947 codicibus,
1082 867 1114 932 in
1134 867 1260 955 quibus
1284 885 1338 934 eet

211 951 316 1036 'uc'l

259 1071 332 1154 817.
349 1070 377 1154 γ’
393 1095 455 1137 om.
472 1071 558 1136 Flor.
578 1093 606 1136 1.
624 1091 652 1137 2.

257 1173 330 1237 818.
354 1174 515 1239 AEschinis
532 1174 629 1239 verbs
649 1197 682 1263 p.
698 1176 773 1260 561.
788 1174 839 1239 ed.
855 1174 963 1239 Reisk.
979 1188 1140 1263 comparat
1155 1172 1336 1241 Marklan-

212 1274 275 1339 dus
288 1279 326 1340 rb
339 1280 400 1340 τῶν
414 1274 574 1357 Ἑλλήνων
589 1275 749 1356 ἀναμένειν
762 1275 948 1356 μελλήματα.

258 1376 332 1444 821.
348 1381 435 1445 attus
449 1401 535 1442 error
551 1378 724 1465 typothetae
739 1401 799 1465 pro
814 1379 910 1444 αῑδύς.

258 1479 330 1559 824.
360 1478 465 1558 σέβεις
487 1479 561 1543 felix
588 1493 637 1544 est
660 1479 841 1544 correctoris
866 1477 977 1543 Aldini
1002 1477 1191 1544 emendatio.
1240 1479 1334 1543 Num

213 1580 334 1645 codices
348 1603 457 1645 omnes
470 1581 623 1663 προσέβης
638 1582 684 1645 ἄν.

257 1684 332 1748 826.
347 1683 590 1767 πεφραγμένους]
611 1681 818 1752 Scribeudum
832 1679 1073 1765 πεφαργμένους.

257 1786 329 1850 828.
344 1785 471 1865 μούστὶν
486 1783 685 1849 Guisfordus.
720 1783 811 1848 Libri
826 1810 878 1865 μοι
891 1786 978 1850 ’στίν

258 1887 330 1970 831.
346 1892 451 1965 μεῖνον
467 1885 691 1951 Valckenarius
704 1885 744 1950 ad
762 1884 877 1949 Phoen.
892 1906 966 1968 904.
1003 1885 1094 1950 Libri
1109 1888 1225 1952 δεινόν.

256 1986 301 2072 γ’]
317 1989 343 2051 δ’
359 1986 446 2053 Flor.
462 2008 491 2052 1.
532 1986 738 2052 Scribendum
753 1985 778 2051 τ’
794 2010 866 2052 cum
884 1986 1085 2052 Marklando.

257 2089 331 2173 832.
346 2090 508 2173 μακαρίαν]
525 2091 661 2154 Praestat
673 2091 825 2170 μακαρίων
840 2088 931 2154 scribi
946 2111 1018 2152 cum
1034 2087 1244 2157 MarklandO.

257 2192 331 2275 833.
350 2189 491 2272 αἰδούμεθ’
507 2190 636 2255 codices.
660 2188 806 2270 αἰδούμεθ’
823 2188 901 2254 Ald.

257 2294 330 2377 834.
345 2294 509 2378 ψαύοιμεν]
528 2293 567 2358 ἂν
580 2292 702 2357 addunt
720 2293 792 2356 Por.
809 2293 849 2356 C.
864 2291 952 2357 Flor.
971 2312 998 2357 1.
1015 2310 1046 2359 2.

257 2395 330 2481 835.
347 2395 466 2482 γαμεῖς]
482 2401 589 2477 γαμοΐς
604 2394 691 2459 Flor.
711 2415 740 2457 1.
757 2412 785 2461 2.

256 2498 329 2582 837.
346 2495 416 2583 φῄς]
436 2496 527 2561 Libri
543 2493 659 2579 ἔφησθ’.
683 2493 830 2559 Correxit
845 2495 1023 2560 Burnesius.

256 2599 330 2681 840.
347 2597 554 2683 μεμνημένοις]
573 2599 673 2662 Recte
684 2596 886 2677 μεμνημένους
900 2612 1072 2663 correctum
1088 2596 1119 2660 in
1132 2597 1212 2664 edit.
1226 2600 1332 2666 Com·

211 2702 387 2767 meliniaua.

256 2806 328 2879 846.
344 2805 398 2867 eim
413 2802 572 2866 Matthiae.
611 2800 700 2865 Libri
717 2801 761 2864 ού.

256 2910 328 2989 847.
344 2907 363 2985 υ]
379 2903 555 2968 Baruesius.
580 2901 690 2983 irAld.
729 2904 824 2968 Cous.
840 2905 911 2969 Alc.
929 2905 1001 2968 816.

255 3010 330 3093 851.
348 3007 376 3072 α’
392 3030 456 3071 om.
472 3005 559 3070 Flor.
578 3026 605 3070 1.
623 3025 651 3070 2.

254 3113 327 3198 853.
344 3112 392 3175 καὶ
407 3111 456 3174 σοὶ
472 3107 630 3172 Matthiae.
668 3107 772 3195 Vulgo
787 3111 838 3172 καί
851 3133 911 3173 σοι.

254 3215 328 3298 855.
351 3212 416 3276 Hic
432 3211 510 3275 etin
527 3209 729 3296 sequentibus
750 3212 922 3290 πρεσβύτου
943 3232 1076 3297 persona
1097 3210 1258 3298 adscripto
1274 3229 1328 3280 est

209 3315 242 3380 in
264 3318 340 3380 Par.
365 3316 403 3379 C.
427 3330 459 3378 et
480 3337 500 3376 u
523 3312 673 3390 Victorio‚
696 3313 827 3376 fortasse
849 3335 888 3375 ex
914 3311 1001 3377 Flos.
1021 3332 1051 3378 2.
1089 3313 1179 3378 Libri
1205 3315 1325 3404 reliqui

209 3417 364 3499 θεράπωνι
389 3415 474 3503 quod
491 3414 718 3479 restituendum
734 3438 800 3478 esse
815 3413 881 3478 dixi
897 3415 937 3478 sd
953 3438 984 3480 v.
1001 3435 1029 3479 1.

252 3522 275 3583 ὥ
290 3520 328 3583 σέ
343 3545 388 3583 τοι
404 3515 625 3580 Marklaudus.
648 3518 688 3583 ὡς
703 3517 742 3580 σέ
755 3542 801 3581 τοι
816 3514 896 3581 libri.

253 3623 327 3707 857.
358 3621 513 3703 παροίξας]
541 3599 660 3698 &iiiios
683 3621 758 3683 Pur.
784 3621 828 3682 A.
867 3618 960 3684 Conf.
982 3618 1160 3683 Blomfield.
1184 3619 1323 3707 glossar.

208 3721 318 3787 AEsch.
338 3724 453 3808 Agsm.
470 3737 542 3803 721.
567 3721 760 3784 ΜΑΤΤΗ.

253 3825 327 3910 858.
342 3827 401 3907 γὰρ
417 3822 586 3887 Elmsleius
600 3823 641 3886 ed
658 3822 757 3908 Soph.
773 3822 852 3887 OEd.
869 3825 911 3887 T.
927 3826 1002 3904 461.
1037 3823 1142 3910 Vulgo
1157 3823 1216 3905 γάρ
1230 3824 1275 3904 μ’.

252 3928 327 3990 860.
350 3930 441 4006 τῆσδε
460 3929 512 4005 τῆς
533 3923 654 3989 codices
673 3927 827 4011 (excepto,
844 3926 868 3990 si
883 3926 961 4012 quid
976 3950 1015 3991 ex
1032 3926 1153 3993 silentio
1167 3927 1326 4015 colligen-

207 4029 296 4107 dum,
313 4031 388 4092 Pur.
405 4029 468 4111 B.).
509 4026 614 4114 Vulgo
629 4031 721 4091 τῶνδε
736 4033 804 4091 τῶν.
1328 4103 1332 4108 .

252 4132 327 4198 862.
350 4129 474 4212 πάροιθε
495 4129 674 4194 Barnesius.
713 4128 803 4192 Libri
825 4129 980 4211 πάροιθεν.
1020 4129 1120 4193 Valde
1143 4132 1327 4217 probabilis

208 4233 339 4297 Porscni
354 4232 532 4319 conjectura
547 4245 594 4294 est
608 4229 747 4312 παρόντε.

250 4338 321 4419 864.
339 4341 442 4400 σῶσον
456 4334 518 4418 οὓς]
537 4335 639 4400 σώσας
653 4335 727 4397 Par.
744 4335 788 4396 A.
805 4333 892 4397 Flor.
912 4355 941 4399 1.
958 4353 987 4400 2.
1019 4333 1152 4399 σῶσουσ’
1166 4337 1243 4399 Pur.
1263 4341 1311 4405 B.

249 4440 324 4525 865.
348 4435 523 4525 Responsio
537 4436 605 4501 haec
622 4433 758 4500 Achillis
779 4459 893 4524 anceps
916 4437 1086 4503 necessario
1099 4449 1132 4502 et
1146 4436 1321 4509 indefinita
