2864 4914
296 320 365 385 AD
389 321 692 388 IPHIGENIAM
717 319 1048 386 AULIDENSEM.
1159 319 1223 380 453

126 488 200 553 huic
232 489 479 578 interpretationi
510 495 681 572 Homerus,
705 493 762 580 qui
788 493 984 579 Argivorum
1006 488 1222 574 sociorumque

126 613 220 656 naves
234 595 410 660 numeravit
424 594 582 681 octoginta
596 595 628 658 in
642 595 785 683 catalogo
798 619 827 660 v.
843 595 919 680 568.

172 711 244 776 244.
261 698 277 758 6
293 697 595 782 Μηκιστέως-παῖς]
614 697 790 784 Euryalus:
816 696 881 760 vid.
898 697 995 760 Hom.
1012 696 1052 759 ll.
1070 700 1105 771 B,
1119 693 1194 778 565.

170 797 241 877 246.
255 795 406 883 Ἀτθίδος]
421 797 559 866 Ἀτθίδας
575 798 740 878 Dobroeus‚
757 812 839 864 recte
853 798 993 862 fortasse.

172 913 245 981 247.
262 899 417 986 ἑξήκοντα]
436 900 673 988 Quinquaginta
687 901 773 988 apud
790 902 968 965 Homerum
985 897 1027 962 Il.
1043 905 1080 978 B,
1095 898 1170 983 546.

169 1006 239 1069 ναῦς
252 1004 325 1069 Par.
342 1005 379 1068 C.
396 1004 485 1068 Flor.
503 1024 532 1068 1.
549 1021 579 1069 2.
613 1002 719 1090 Vulgo
733 1007 813 1083 νῆας.

168 1103 340 1189 δΘησέυς]
359 1108 497 1170 Acamas
510 1105 557 1170 vel
574 1105 774 1193 Demophon.

171 1223 243 1288 250.
270 1206 408 1272 Παλλάδ’
433 1209 466 1271 έν
487 1209 646 1291 μουνθχοις
669 1212 863 1289 πτερυτοῖσιν
888 1205 1031 1290 ἅρμασιν]
1062 1203 1223 1269 Palladem

123 1307 231 1371 currui
245 1309 329 1372 alato
341 1309 533 1375 insistentem
555 1310 682 1374 navium
698 1309 877 1374 Atticarum
893 1307 1014 1395 insigne
1028 1306 1123 1371 fuisse
1137 1305 1224 1370 dicit.

126 1408 257 1474 Monuit
272 1412 489 1499 Musgravius,
504 1412 560 1499 qui
576 1413 763 1476 Pausaniam
779 1412 854 1477 citat
870 1410 901 1487 8,
917 1429 970 1490 47.

172 1531 243 1596 252.
260 1513 309 1600 τε]
327 1513 532 1579 Scribendum
547 1540 576 1578 τι
588 1536 661 1578 cum
678 1512 880 1589 Marklando‚
896 1510 945 1576 vel
960 1536 1006 1593 γε.

170 1630 243 1698 255.
258 1615 474 1696 ἐστολισμένας
490 1614 637 1702 Scaliger.
676 1613 766 1678 Libri
782 1612 1025 1694 εὗστολισμένας.

170 1718 242 1782 260.
258 1718 332 1800 ἄρχε
348 1717 427 1781 male
441 1740 591 1782 excusum
607 1738 666 1803 pro
680 1717 756 1799 ἆρχε
769 1715 820 1780 hic
835 1730 866 1779 et
881 1739 911 1779 v.
930 1732 1002 1798 279.

171 1821 241 1884 261.
270 1818 294 1883 τ’
325 1818 545 1884 Marklandus.
591 1818 794 1883 scribebatur
822 1815 856 1882 δ’.
903 1815 1122 1905 Supplendum
1153 1821 1225 1896 νῆας

123 1921 255 2000 εἰδόμαν.

170 2023 241 2088 262.
257 2027 379 2104 Λοκρῶν
394 2025 560 2089 Heathius.
603 2024 693 2089 Libri
709 2029 843 2106 Λοκροῖς.
867 2025 985 2104 Λοκρδς
999 2019 1223 2085 Marklandus.

125 2124 332 2188 Phocensium
348 2124 558 2213 quadraginta
570 2126 667 2191 fuisse
689 2149 782 2190 naves
804 2124 998 2211 totidemque
1020 2122 1222 2187 Locrensium

124 2226 166 2290 ab
182 2227 323 2289 Homero
338 2226 487 2292 traditum
503 2251 533 2292 v.
548 2246 623 2313 524.
641 2243 715 2313 534.

169 2331 241 2413 263.
256 2327 322 2407 ἦλθ
337 2329 458 2394 addidit
475 2330 635 2395 Matthiae.

167 2430 285 2498 Οἰλέως
300 2431 457 2496 Matthiae.
495 2431 587 2496 Libri
601 2430 740 2506 Ὀϊλέως,
757 2445 792 2495 ut
808 2430 918 2495 solent.

171 2534 243 2617 265.
260 2533 449 2618 Κυκλωπίας]
469 2536 661 2602 Κολλατείας
676 2537 751 2598 Ρατ.
767 2533 806 2597 Β.
822 2532 908 2598 Flor.
928 2553 953 2595 1.
972 2549 1002 2597 2.

170 2637 240 2717 267.
267 2634 495 2721 ἠθροϊσμένους]
528 2635 731 2700 scribebatur
759 2633 979 2715 ἠθροισμένους.
1025 2635 1077 2697 De
1102 2631 1223 2696 diaeresi

125 2736 211 2800 verbi
226 2737 348 2819 ἁθροίζω
363 2736 429 2801 dixi
444 2737 483 2801 ad
502 2737 665 2825 Aristoph.
681 2740 746 2803 Av.
767 2757 838 2823 253.

168 2843 241 2921 269.
251 2837 436 2926 Ἄδραστος]
453 2839 604 2905 Absurde
618 2840 778 2906 Adrastus
792 2839 981 2904 nominatur.
1015 2838 1222 2903 Manifestum

124 2957 170 3006 est
184 2941 311 3004 fratrem
327 2941 377 3005 hic
392 2941 556 3006 memorari
571 2942 820 3028 Agamemnonis
837 2941 1031 3007 Menelaum.
1078 2942 1222 3007 Scriben-

123 3043 201 3107 dum
216 3042 315 3130 igitur
329 3043 460 3125 δδελφδς
479 3065 551 3107 cum
574 3043 775 3109 Marklando.
814 3046 866 3108 De
888 3043 1036 3108 Menelao
1050 3044 1133 3109 conf.
1151 3046 1222 3108 Ho-

124 3168 200 3210 mer.
216 3168 246 3208 v.
261 3147 336 3229 586.

169 3262 241 3333 275.
267 3245 445 3311 Dicendum
469 3261 536 3312 erat
566 3249 719 3329 Νέστορος
748 3251 924 3329 κατειδόμαν
953 3255 1034 3323 ναῦς,
1063 3254 1144 3330 σῆμα
1174 3251 1222 3313 tat

123 3351 268 3431 πρύμναις
283 3350 422 3432 ἐχούσας,
438 3349 492 3413 sed
508 3373 566 3437 pro
581 3355 652 3418 ναῦς
667 3354 749 3430 οῆμο
764 3352 893 3435 ἐχούσας
906 3350 1032 3415 brevius
1046 3350 1127 3415 dixit
1142 3355 1223 3431 σῆμα

123 3453 264 3533 πρύμνης.
287 3453 479 3516 ΜΑΤΤΗ.

168 3556 240 3636 276.
264 3554 318 3617 τδυ
339 3553 463 3617 addunt
483 3554 622 3620 codices:
645 3579 706 3619 om.
733 3555 809 3621 Ald.
832 3556 1013 3622 correctoris
1039 3570 1074 3618 ut
1096 3554 1223 3620 videtur

122 3656 263 3736 arbitrio,
287 3656 343 3744 qui
372 3656 541 3721 dimetrum
571 3656 739 3722 iambicum
766 3682 832 3723 esse
856 3658 953 3724 voluit
980 3662 1053 3741 δρᾶν
1081 3659 1222 3742 πάροικον

121 3757 267 3840 Ἀλφεόν.

166 3860 346 3947 ταυρόπουν]
370 3861 554 3926 Fluviorum
578 3861 729 3947 imagines
752 3862 875 3928 taurina
898 3864 998 3951 specie
1019 3864 1118 3929 factas
1142 3887 1220 3942 esse,

121 3961 342 4048 pervulgatum
372 3979 428 4030 est.
465 3963 570 4028 Videri
599 3980 731 4051 possunt
760 3964 800 4029 de
828 3989 866 4029 eo
896 3966 1010 4032 Strabo
1036 3990 1067 4054 p.
1091 3967 1155 4051 458
1176 3968 1220 4031 D.

124 4061 271 4127 AElianus
289 4065 359 4129 Var.
377 4067 462 4131 Hist.
480 4085 508 4131 2.
524 4088 551 4130 c.
566 4085 620 4152 33.
643 4066 791 4132 MUSG.

166 4168 347 4248 277-288.
370 4184 402 4232 et
426 4171 603 4254 289-302.
630 4171 757 4233 Horum
781 4193 928 4235 versuum
956 4169 1114 4256 responsio
1139 4173 1218 4237 anti-

121 4268 277 4356 strophica
294 4271 412 4335 lacunis
433 4271 681 4358 corruptelisque
696 4271 861 4336 verborum
886 4270 929 4335 ita
944 4289 991 4335 est
1005 4272 1170 4338 obscurata
1185 4289 1221 4339 ut

121 4372 243 4436 restitui
265 4372 295 4437 in
317 4374 472 4462 integrum
490 4374 554 4439 ullo
568 4375 665 4440 modo
678 4391 823 4461 nequeat.
868 4374 954 4438 Mihi
967 4398 1066 4461 quum
1090 4398 1153 4439 non
1173 4376 1218 4440 vi·

119 4474 232 4540 deatur
246 4499 352 4564 operae
373 4479 510 4567 pretium
526 4503 602 4558 esse,
618 4479 649 4541 in
671 4477 724 4542 tali
747 4477 917 4565 prasertim
941 4493 1044 4565 poeta,
1061 4479 1219 4568 improba-

621 4599 713 4665 ⁶83
