2864 4914
497 286 563 349 AD
587 285 926 353 HIPPOLYTUM.
1199 285 1265 354 299

166 451 231 535 (hic
245 476 316 517 cum
333 477 397 517 var.
414 454 483 519 lect.
500 460 608 539 κυρῶν)
626 458 667 522 l).
684 456 770 522 Flor.
786 461 831 521 A.
852 479 900 527 ιο.
922 480 960 522 ex
983 456 1176 544 glossemate.
1214 458 1265 522 Da

164 555 261 618 verbo
276 559 374 637 κύρειν
389 555 453 620 dixi
469 559 509 622 ad
527 559 624 646 Soph.
642 560 698 646 Aj.
714 581 788 644 314.

209 675 282 741 749.
300 659 421 743 κοίταις]
441 660 539 728 κοίτας
556 663 641 726 Flor.
659 681 687 726 α.
705 665 798 732 Lasc.

211 777 227 842 7
231 777 284 845 50.
300 758 337 823 ἵν’
354 764 547 849 ἀλβιόδωρος]
568 766 616 828 'lvo
631 769 775 848 βιόδωρος
792 767 865 830 Par.
883 767 926 829 A.
971 763 1178 829 Scribendum
1194 766 1266 829 tv'u

166 866 310 944 βιόδωρος
323 886 395 926 cum
411 863 624 931 Valclerrario.

212 982 228 1045 7
231 983 335 1049 52—7
339 987 391 1050 54.
416 970 511 1032 Unus
535 993 642 1034 versus
666 969 840 1051 δ-ἀλμας,
865 970 949 1035 etin
975 970 1171 1059 antistropho
1194 972 1266 1053 764.

168 1065 474 1151 ἀνθ’-κατεκλάσθη.

212 1186 285 1255 755.
302 1174 480 1260 έπόρενσας]
497 1177 645 1257 πόρενσας
660 1174 746 1239 Flor.
766 1194 795 1240 2.
813 1176 904 1239 Lasc.

213 1290 284 1359 759.
322 1275 340 1354 ἦ
370 1280 471 1359 γδρ-
489 1276 531 1364 ll,
566 1283 664 1360 Kp.—
683 1277 688 1365 Ι
708 1279 942 1342 {oraro-Mon
964 1276 971 1365 Ι
990 1279 1136 1361 νυχίου-
1154 1275 1159 1364 Ι
1178 1285 1269 1342 πλεκ-

168 1377 263 1442 rho-
283 1375 287 1463 Ι
308 1377 397 1440 ἐπ’-
416 1382 421 1465 Ι
441 1381 560 1458 ἔβασαν
575 1379 654 1444 Ald.
684 1379 811 1444 Primus
826 1380 938 1444 horum
954 1402 1101 1444 versuum
1117 1393 1163 1443 est
1177 1378 1196 1461 ἢ
1210 1384 1268 1463 γὰρ

168 1479 216 1542 ἀπ’
229 1480 417 1561 ἀμφοτέρων,
434 1496 501 1545 tum
518 1481 660 1568 sequitur
675 1483 768 1568 longa
778 1481 975 1568 epitritorum
988 1481 1092 1560 series,
1108 1482 1269 1570 praemissa

169 1580 288 1668 syllaba
304 1582 408 1669 longa,
423 1582 440 1662 ἢ
457 1585 761 1666 Κρησίσς-έβασαν.

214 1691 286 1770 760.
303 1690 424 1773 ἔπτατο]
444 1687 541 1754 ἔπτατ’
559 1690 607 1753 tot
622 1692 695 1754 Par.
711 1691 843 1755 A.B.D.
861 1691 889 1754 F
892 1689 948 1754 lor.
963 1692 1007 1754 A.
1026 1710 1074 1754 10.
1092 1692 1137 1755 H.

215 1794 286 1873 761.
304 1793 476 1875 Μουνυχίαν
490 1791 570 1857 libri.
610 1795 771 1877 Μουνύχου
786 1792 962 1857 emendatio
976 1807 1022 1858 est
1037 1792 1214 1858 Hermanni
1228 1792 1269 1857 de

171 1895 276 1958 rustris
291 1918 321 1981 p.
337 1915 411 1980 445.
445 1897 561 1961 Portus
575 1895 703 1982 quidem
727 1895 784 1960 iste
806 1895 977 1960 vocabatur
1000 1898 1158 1981 Μουνυχία
1179 1895 1229 1960 vel
1252 1898 1268 1961 ἀ

171 1999 219 2061 ἐπὶ
235 2001 392 2082 Μουνυχίᾳ
413 1998 514 2078 λιμὴν,
530 1999 570 2063 ab
582 1999 675 2063 heroe
691 1998 867 2087 Munycho.
912 2000 1134 2087 Harpocratio,
1151 2006 1270 2064 Μουνυ-

170 2104 240 2185 χίας
264 2104 353 2169 τόπος
374 2101 622 2182 παραθαλάσσιος
644 2104 678 2165 έν
700 2105 736 2189 τῇ
756 2101 886 2190 Ἀττικῇ.
930 2101 1111 2170 Ἑλλάνικος
1133 2106 1165 2168 δὲ
1185 2106 1269 2190 έντῇ

172 2203 293 2288 δευτέρᾳ
307 2204 357 2282 τῆς
371 2202 515 2277 Ἀτθίδος,
532 2204 703 2284 ὠνομάσθαι
724 2207 818 2288 φησὶν
836 2204 895 2269 ἀπὸ
910 2207 1072 2289 Μουνύχου
1086 2206 1166 2272 τινὸς
1180 2213 1270 2289 βασι·

171 2306 247 2373 λέως
260 2311 312 2369 τοῦ
327 2311 549 2372 Παντακλεοῦς.
565 2306 715 2370 ΜΟΝΚ.

216 2410 364 2492 ἀκταῖσιν]
384 2407 408 2471 δ’
425 2408 469 2472 ἐπ’
486 2411 623 2474 ἀκταῖσιν
638 2410 711 2473 Par.
725 2411 765 2472 E.
783 2408 868 2473 Flor.
883 2427 913 2474 υ.
930 2423 977 2496 15.
992 2409 1083 2473 Lasc.
1107 2407 1152 2474 ἐπ’
1169 2410 1271 2485 ἀκταῖς

171 2509 247 2573 Ald.

215 2615 288 2697 765.
304 2614 401 2697 δεινζι]
419 2617 501 2677 δεινὰ
518 2616 562 2678 H.
580 2615 670 2679 Lasc.
686 2614 765 2679 Ald.

217 2720 289 2804 767.
312 2717 509 2803 ὑπέραντλος]
535 2720 586 2783 De
608 2718 639 2782 vi
651 2719 747 2807 hujus
765 2719 848 2783 vocis
869 2716 934 2805 egit
949 2715 1209 2781 Hemsterhusius
1229 2716 1272 2781 ad

174 2819 305 2883 Luu'an.
321 2819 381 2883 vol.
402 2841 428 2884 1.
444 2843 474 2906 p.
495 2822 566 2898 108,
584 2837 634 2908 73.
649 2822 741 2909 cujus
762 2836 867 2886 notam
883 2821 997 2885 adeant
1010 2818 1157 2883 lectores:
1181 2819 1274 2885 nobis

173 2923 246 2986 satis
268 2922 326 2987 orit
348 2923 513 3002 monuisse,
529 2945 639 2988 navem
662 2923 849 3005 ὑπέραντλον
863 2921 925 2987 dici
947 2922 1038 3009 cujus
1060 2922 1180 3001 ἀντλος,
1195 2921 1227 2986 h.
1243 2945 1275 2994 e.

172 3028 308 3104 sentino,
332 3041 417 3091 tanta
440 3027 529 3113 copia
547 3025 698 3103 exundat,
720 3041 755 3090 ut
772 3025 941 3103 exhauriri,
964 3023 1013 3089 vel
1033 3025 1186 3112 compesci
1208 3048 1273 3090 non

174 3131 279 3216 possit.
318 3129 404 3194 Hinc
418 3129 458 3194 ad
475 3129 641 3193 Phaedram
657 3128 831 3194 calamitate
845 3149 1037 3216 oppressam,
1052 3150 1088 3191 ao
1102 3150 1182 3215 pene
1196 3128 1271 3193 sub-

175 3254 318 3311 mersam,
334 3255 394 3297 vox
417 3230 565 3297 translata
583 3246 640 3302 est.
684 3233 737 3295 Ex
758 3230 834 3295 locis
854 3231 895 3295 ab
911 3229 1151 3295 Hemsterhusio
1172 3230 1278 3297 citatis

176 3361 272 3402 unum
296 3336 467 3401 adscribam
484 3335 579 3399 Dion.
596 3336 682 3399 Cass.
697 3350 751 3421 52.
766 3358 797 3421 p.
813 3351 875 3419 473
894 3336 936 3398 A.
954 3332 1048 3398 verba
1063 3348 1136 3398 suut
1152 3336 1271 3399 Maeoe.

175 3441 255 3505 natis
268 3440 307 3503 ad
325 3443 510 3526 Angustum
526 3439 566 3502 de
579 3437 755 3526 Republica
771 3435 1052 3525 loquentis-prise
1067 3436 1120 3500 οὖν
1133 3437 1272 3519 χειμαζο.

174 3545 269 3626 μένην
284 3542 322 3608 ἔτ’
339 3544 429 3621 αὐτὴν
444 3541 582 3628 περιίδῃς.
606 3543 677 3624 δρᾷς
690 3543 748 3623 γδρ
763 3543 801 3611 ὡς
818 3539 1003 3621 ὑπέραντλός
1023 3541 1096 3607 έστι·
1119 3537 1192 3619 μήτε
1206 3541 1277 3621 περὶ

176 3648 249 3728 ἕρμα
264 3650 475 3728 περιρραγῆναι
490 3644 589 3724 {daps
609 3644 755 3708 MONK.

222 3749 292 3830 768.
308 3746 476 3834 τιράμνων]
493 3744 698 3811 scribendum
715 3745 864 3827 τερέμνιυν
877 3767 948 3809 cum
966 3743 1111 3811 Monlrio.

221 3867 421 3938 770-775.
453 3851 502 3915 De
531 3849 737 3936 descriptione
766 3869 913 3913 κοτίνοιο
944 3846 1010 3911 dixi
1043 3846 1083 3911 ad
1113 3847 1276 3935 stropham

179 3979 206 4016 V·
223 3972 296 4039 759·

221 4075 293 4141 773.
309 4058 389 4140 δείρᾳ
405 4054 625 4120 Marklandus.
666 4055 756 4119 Libri
772 4054 853 4139 δέρᾳ.

222 4177 293 4242 774.
310 4157 412 4240 φήμαν
427 4156 512 4221 Flor.
530 4177 558 4222 2.
578 4177 626 4242 15.
644 4159 735 4222 Lasc.
768 4157 872 4238 φάραν
887 4156 1007 4221 codices
1023 4155 1132 4243 reliqui
1149 4168 1180 4220 et
1196 4155 1276 4226 Atd.

175 4263 260 4350 quod
277 4259 496 4325 revocandum.

220 4368 292 4447 776.
318 4365 517 4448 ΑΓΓΕΛΟΣ]
547 4361 709 4445 έξάγγελος
732 4363 803 4427 Par.
828 4365 871 4428 A.
903 4364 1013 4445 τροφός
1037 4364 1081 4427 H.
1113 4360 1278 4443 θεράπαινα

178 4469 254 4534 Ald.
301 4466 482 4547 Scholiasta,
511 4468 599 4534 Τινὲς
627 4468 791 4548 βούλονται
816 4473 908 4532 ταῦτα
936 4465 990 4548 τὴν
1019 4465 1133 4551 τροφὸν
1162 4465 1277 4533 teoto
