2864 4914
486 303 553 365 AD
577 303 843 367 SUPPLICES.
1149 304 1215 372 895

159 489 231 554 227.
248 473 497 558 τοῖς-πήμασιν]
517 475 654 562 Propter
669 476 763 549 mulo,
779 475 901 539 delicta.
925 474 1033 538 ΜΑΤ
1037 475 1118 538 ΤΗ.

159 577 231 639 228.
248 575 282 638 ού
298 580 443 639 νοσοῦντα
460 576 635 642 Lambinus
649 577 690 641 ad
707 579 820 640 Horat.
836 599 931 640 carm.
948 597 981 662 3,
999 595 1029 655 2,
1047 596 1096 662 29.
1126 575 1217 641 Libri

114 681 331 740 συννοσοῦντα.

159 781 229 863 238.
242 778 311 861 μὲν]
325 782 383 859 γὰρ
396 779 468 841 Ροτ.
487 781 567 843 B.C.
581 779 668 842 Flor.
684 799 712 841 1.
727 798 757 842 2.
782 779 844 843 Sed
860 782 916 859 μὲν
937 779 1082 843 Stobaus
1096 799 1150 864 43,
1167 798 1215 843 ιο.

159 899 230 965 243.
257 883 441 962 φηλούμενοι
468 882 541 944 Par.
568 883 611 945 A.
641 880 728 944 Flor.
755 903 783 944 1.
809 901 837 946 2.
879 885 1056 964 φιλούμενοι
1082 881 1158 945 Ald.
1184 896 1216 945 et

116 983 269 1046 Stobaeus.

158 1105 230 1166 244.
245 1087 264 1165 ἡ
277 1085 305 1150 ’ν
319 1086 415 1171 μέσῳ]
434 1086 453 1165 ἡ
466 1085 543 1167 μέση
560 1085 714 1150 Stobaeus.

158 1205 231 1273 245.
247 1188 437 1271 φυλόσσουσ’
455 1189 608 1253 Stobaeus
647 1187 736 1253 Libri
754 1187 947 1270 φυλάττουσ’.

156 1291 227 1371 τάξη
243 1293 342 1375 πόλις]
362 1293 432 1370 δόξῃ
446 1293 535 1355 πόλει
551 1289 707 1355 Stobaeus.

157 1412 230 1475 247.
248 1397 342 1458 καλόν
358 1395 436 1458 Ald.
461 1401 561 1458 καλῶν
575 1393 707 1457 codices

157 1498 228 1576 248.
252 1500 365 1580 χαίρων
387 1496 434 1561 ἴθ’·
459 1500 486 1560 εί
507 1500 565 1578 γὰρ
585 1496 625 1576 μὴ
647 1495 806 1560 Matthiae.
840 1498 954 1579 χαίρων
975 1498 1017 1560 ίθι
1039 1496 1074 1576 δὴ
1093 1497 1133 1577 μὴ
1156 1500 1213 1580 γὰρ

112 1598 243 1662 codices.
277 1603 390 1682 χοίρων
405 1604 456 1664 ίθι·
478 1601 519 1679 μὴ
533 1602 568 1665 οὗ
584 1604 642 1682 γὰρ
657 1599 736 1663 Ald.
771 1601 847 1663 Post
863 1606 961 1666 καλῶς
980 1598 1113 1664 indicavi
1129 1603 1213 1664 lacu-

112 1723 195 1778 nam,
211 1726 284 1787 quae
305 1702 336 1765 in
361 1702 463 1766 medio
478 1703 620 1789 relinquo
636 1719 742 1767 utrum
757 1717 830 1766 ante
849 1724 888 1769 an
912 1716 982 1789 post
997 1703 1084 1770 αὐτὸς
1099 1701 1138 1766 sit
1153 1719 1214 1766 sta-

111 1803 237 1867 tuenda.
278 1807 462 1869 Hermanno
478 1806 676 1870 scribendum
694 1804 869 1880 videbatur,
885 1807 998 1887 χαίρων
1012 1803 1049 1868 ἴθ’
1055 1827 1061 1841 ·
1085 1808 1112 1869 εί
1126 1807 1158 1868 δέ
1172 1805 1213 1887 μὴ

110 1909 316 1982 βεβούλευσαι
332 1914 429 1976 καλῶς
444 1909 542 1983 αὐτὸς,
564 1907 569 1994 Ι
588 1907 699 1984 πιέζειν
713 1909 766 1988 τὴν
780 1910 873 1991 τύχην
886 1908 960 1988 ἡμᾶς
974 1908 1005 1970 τί
1017 1912 1081 1981 δεῖς

156 2026 229 2093 250.
246 2013 279 2073 έν
295 2010 404 2092 νέοισι]
424 2010 564 2096 Respicit
577 2012 617 2074 ad
632 2034 663 2074 v.
680 2028 752 2094 232.

156 2129 228 2193 252.
244 2111 313 2175 ἀλλ’
330 2115 368 2179 ὡς
384 2114 485 2195 ἰατρὸν
500 2111 594 2186 τῶνδ’,
611 2115 695 2191 ἄναξ,
713 2111 879 2198 ἀφίγμεθα]
904 2111 987 2175 Mihi
1013 2112 1135 2177 videtur
1157 2114 1212 2178 ali·

111 2213 182 2296 quis
203 2212 243 2275 ad
260 2214 353 2277 verba
370 2214 438 2278 ἀλλ’
456 2217 494 2281 ὡς
517 2217 653 2295 ὀναίμην,
669 2229 705 2278 ut
719 2214 827 2278 eadem
841 2215 1031 2279 constructio
1050 2238 1211 2280 conscrva-

111 2330 208 2393 retur,
224 2315 421 2402 adscripsisse
436 2315 506 2380 ἀλλ’
523 2319 562 2383 ὡς
584 2319 694 2398 ἰατρόν,
711 2316 790 2380 alius
812 2339 886 2379 vero
906 2339 1029 2380 versum
1053 2317 1208 2404 integrum

110 2417 299 2502 procudisse.
324 2421 514 2484 MATTH.
562 2421 661 2484 Recte
683 2419 766 2482 hunc
788 2442 912 2483 versum
936 2418 1042 2483 delent
1063 2419 1210 2485 Matthiae

110 2536 141 2582 et
157 2521 322 2586 Dobraeus.

155 2643 227 2708 253.
251 2627 339 2711 Apte
358 2649 429 2689 cum
453 2626 512 2690 hoc
533 2625 602 2690 loco
623 2626 743 2689 confert
766 2624 877 2688 Elmsl.
897 2624 929 2687 in
953 2647 1084 2688 censum
1106 2625 1208 2690 locum

112 2727 216 2791 Thuc.
231 2751 264 2806 4,
282 2733 333 2813 83.
351 2731 516 2810 Περδίκκας
531 2731 563 2793 δέ
579 2731 646 2793 οὔτε
662 2728 803 2806 δικαστὴν
819 2728 877 2809 έφη
896 2728 1047 2808 Βρασίδαν
1062 2734 1121 2792 τῶν
1135 2738 1210 2811 σφε-

109 2829 203 2909 τέρων
217 2835 367 2912 διαφορῶν
382 2833 518 2913 ἀγαγεῖν,
532 2837 651 2911 μᾶλλον
666 2834 698 2895 tt
720 2831 894 2912 καθαιρετὴν
914 2832 955 2893 ὧν
976 2829 1014 2894 δν
1027 2831 1115 2898 αὐτὸς
1134 2833 1210 2896 ἀπο-

110 2934 203 3018 φαίνῃ
217 2938 378 3013 πολεμίου.
407 2938 493 2996 Ante
508 2936 630 3014 εἱλόμην
645 2932 814 2996 necessario
828 2932 1026 2997 inserendum
1043 2933 1153 3020 putavi
1169 2933 1208 3013 o‘,

109 3047 141 3096 ct
156 3035 198 3097 sic
213 3034 272 3121 legi
288 3036 390 3099 fertur
404 3036 434 3098 in
451 3035 500 3099 ed.
518 3035 613 3099 Basil.
629 3038 721 3120 1562.
746 3036 938 3099 MATTH.

155 3140 225 3222 258.
242 3136 307 3222 ἄγ’]
325 3136 393 3201 ἀλλ’
410 3137 578 3201 Eimsleius
593 3161 631 3201 ex
648 3161 678 3200 v.
693 3155 767 3222 359.

155 3258 226 3324 259.
250 3241 384 3322 γλαυκὴν
409 3243 506 3323 χλόην
530 3241 686 3322 φυλλάδος
710 3242 950 3320 καταστεφῆαεῑ
972 3238 1209 3326 descriptionis

111 3344 255 3423 ἱκετηρίας
269 3366 322 3406 seu
340 3345 423 3405 rami
437 3344 600 3430 supplicia.
624 3365 681 3429 per
696 3341 829 3424 γλαυκὴν
843 3343 939 3423 χλόην
954 3342 1107 3423 φυλλόδος
1120 3343 1209 3408 intei-

111 3443 177 3528 ligit
185 3446 341 3529 frondem
360 3447 511 3509 virentem
533 3447 644 3509 olivo:
668 3468 724 3531 per
747 3448 918 3526 καταστεφῆ
941 3443 1009 3508 iana
1030 3446 1208 3511 redimitam

109 3570 162 3609 seu
192 3550 335 3612 cinctum.
371 3549 524 3612 MARK.
570 3552 742 3630 καταστεφῆ
773 3546 920 3635 Scaligeri
950 3548 1126 3613 emendatio
1151 3564 1207 3613 est.

110 3650 198 3713 Libri
215 3654 416 3739 καταστροφῇ.

155 3757 226 3816 260.
248 3754 417 3841 πυρφόρον]
443 3757 496 3821 Ob
523 3757 696 3844 lanrpadem
724 3779 819 3843 quam
847 3779 941 3821 manu
964 3773 1088 3844 gestans
1113 3757 1213 3822 filiam·

111 3856 326 3941 Proserpinam
343 3859 495 3942 quaesivit.
520 3859 650 3924 Monuit
667 3859 844 3925 Barneuius.

153 3960 227 4020 261.
242 3958 360 4039 μάρτυρ’
376 3959 506 4025 codices.
529 3961 676 4043 μάρτυρας
690 3961 769 4024 Aid.

153 4058 224 4140 263.
242 4058 403 4120 Lacunam
418 4060 566 4124 indicavit
582 4063 749 4126 Canterus.
775 4058 871 4124 Chori
887 4082 1049 4146 personam
1061 4063 1207 4147 apposuit

108 4161 321 4221 Hernrannus.

151 4264 197 4346 ὃς]
218 4261 378 4325 Pittheam
395 4262 480 4326 dicit.

152 4368 223 4428 268.
240 4370 346 4431 δοῦλος
360 4366 481 4429 codices
496 4384 527 4430 et
544 4366 688 4430 Stobaeus
706 4384 776 4452 105,
796 4371 844 4431 18.
870 4372 971 4431 δοῦλοι
986 4367 1064 4430 Ald.

153 4485 222 4550 271.
246 4474 328 4548 βᾶθι,
345 4467 588 4551 τάλαιν’,ιὶερῶν]
608 4470 682 4533 Una
696 4469 859 4554 aliquaex
879 4468 975 4532 choro
988 4483 1107 4535 ceteras
1128 4472 1205 4537 allo-
