2864 4914
191 280 234 341 84
553 279 928 343 ANNOTATIONES

151 506 157 516 .
192 449 279 516 clrds
299 447 502 528 μιμησάμενος
517 447 552 511 τὸ
569 448 643 516 ἁλὸς
661 449 739 533 ἀχνη
752 448 882 514 οἰνωπὸν
898 450 994 530 ἀχνην
1007 445 1093 528 λέγει
1108 446 1163 524 τὴν
1178 446 1212 509 έν
1226 451 1292 507 λοι·

190 557 262 629 βαῖτ
276 549 498 634 καταχεαμένην
511 553 562 628 τῆς
575 554 638 632 γῆς.

237 653 309 715 116.
326 652 412 715 οτῖισ’
425 648 485 734 ἀπ’]
504 651 604 715 στᾶσά
617 648 645 733 γ’
662 649 707 714 ἐπ’
723 650 829 715 decem
845 650 938 716 codd.

237 771 307 818 122.
325 752 378 831 ἐμέ
392 773 503 814 πονου]
518 750 609 816 codd.
625 766 657 815 et
672 751 788 816 Thom.
807 755 856 817 M.
873 776 906 840 p.
921 771 996 836 491.
1013 750 1087 831 ἐμήν
1102 749 1181 814 Atd.

237 855 309 918 126.
321 855 412 934 φθσις
422 851 462 914 de
474 850 709 938 pulchritudine
720 853 832 939 accipit
843 853 962 917 Thom.
973 855 1022 916 M.
1032 874 1065 938 p.
1074 870 1147 935 905.
1159 873 1233 937 quae
1241 873 1296 913 ex-

191 953 316 1041 plicatio
327 967 588 1018 commemoratur
595 954 688 1017 etiam
698 954 730 1017 in
740 954 877 1027 scholiis;
895 952 1068 1018 rectiusalii
1079 952 1111 1015 in
1122 951 1245 1016 scholiis
1255 951 1296 1014 de

191 1057 333 1143 ingenio,
345 1054 431 1142 quod
447 1078 465 1118 e
480 1055 582 1119 verbis
597 1056 700 1119 ἔστιδ’
715 1057 734 1134 ἡ
747 1055 842 1120 πάλαι
856 1056 931 1137 γυνή
945 1069 1084 1141 apparet.
1102 1054 1295 1118 MATTH.

237 1158 310 1222 128.
327 1157 433 1241 εἴδετε]
445 1160 524 1220 ἴδετε
536 1158 581 1220 Η.
593 1171 625 1220 et
637 1169 698 1220 tres
709 1156 760 1220 alii
772 1179 842 1220 cnm
860 1157 953 1221 schol.
967 1157 1076 1221 AEsch.
1093 1159 1209 1244 Agant.
1218 1174 1294 1240 545.

234 1260 318 1342 παρ’]
336 1257 385 1322 ἀπ’
404 1258 493 1341 (elisa
514 1258 719 1345 praecedentis
737 1258 825 1322 verbi
847 1258 959 1323 ultima
979 1258 1083 1341 litera)
1108 1260 1154 1322 H.
1176 1272 1208 1322 et
1230 1257 1296 1320 duo

191 1358 252 1424 alii.
297 1359 401 1423 Verba
423 1359 465 1424 sic
488 1359 690 1447 intelligenda
711 1362 751 1427 ὡς
772 1359 916 1442 ἀπέθρισε
935 1363 1039 1444 τρίχας
1054 1360 1124 1441 παρ’
1139 1361 1296 1441 ἀκραοτάς

191 1462 294 1544 τρίχας
308 1463 416 1542 τεμών.
461 1461 554 1538 Quod
570 1484 633 1526 non
648 1461 796 1526 videntur
810 1463 1003 1549 perspexisse
1022 1461 1139 1526 librarii
1159 1461 1215 1547 qui
1235 1460 1296 1523 ἀπό

192 1563 432 1628 substituerunt.
457 1563 525 1645 παρ’
549 1566 639 1646 ἄκρας
661 1576 765 1628 autem
789 1564 908 1629 dictum
931 1579 968 1628 ut
987 1568 1068 1646 noph
1087 1565 1202 1646 μικρὸν,
1225 1560 1294 1642 παρ’

192 1667 308 1748 ὀλίγον,
324 1669 406 1747 παρὰ
419 1666 520 1748 βραχὺ
534 1681 566 1730 et
582 1666 692 1729 similia
706 1665 865 1730 dicuntur.

235 1769 337 1851 ἄκρας]
354 1769 394 1830 In
409 1766 525 1830 recenti
539 1765 628 1830 luctu
643 1766 738 1830 moris
752 1781 818 1830 erat
832 1781 929 1853 caput
942 1766 981 1831 ad
997 1781 1102 1831 cutem
1116 1766 1204 1830 radi:
1229 1763 1295 1827 vid.

193 1867 309 1933 Helen.
327 1870 439 1950 1187.:
469 1867 502 1931 in
518 1867 615 1931 veteri
636 1867 757 1953 aliquot
780 1881 901 1931 tantum
918 1868 1051 1932 cincinni
1073 1867 1297 1933 abscindeban-

192 1983 262 2034 tur:
287 1969 350 2033 vid.
369 1969 467 2055 Soph.
482 1967 534 2033 El.
550 1989 626 2054 449.
673 1969 801 2033 Monuit
817 1970 1008 2034 Brunclrius.

235 2072 398 2152 ἀπέθρισεν
416 2070 465 2134 vel
489 2070 633 2152 ἀπέθρισε
653 2073 698 2134 Η.
721 2085 754 2134 et
774 2071 880 2135 decem
904 2072 1067 2136 minimum
1090 2070 1211 2135 codices
1232 2067 1294 2132 alii.

193 2173 297 2238 Ceteri
313 2172 453 2255 ἀπέθριξε
466 2195 537 2235 cum
554 2171 631 2235 Ald.
648 2188 679 2236 et
694 2172 790 2236 schol.
809 2173 963 2259 AEschyli.
1004 2173 1098 2252 Quod
1115 2170 1297 2259 Hesychius

192 2297 320 2361 quoque
329 2274 416 2361 legit,
429 2273 452 2338 si
465 2274 567 2361 glossa
579 2274 648 2360 ejus
661 2273 702 2337 ad
716 2275 801 2338 hunc
816 2273 918 2339 locum
934 2275 1097 2340 referenda
1107 2289 1165 2353 est,
1177 2273 1298 2354 ἀπέθρι-

192 2384 260 2456 ξενε
285 2376 451 2457 ἀπέκειρεν,
467 2375 633 2456 ἀπέκοψεν.

238 2498 310 2564 132.
334 2476 680 2561 θρηνήμασι-ξτνφδοί]
702 2477 752 2542 sic
769 2478 885 2542 Helen.
900 2496 970 2562 174.
987 2484 1114 2558 μουσεῖα
1131 2476 1298 2558 θρηνήμασι

193 2580 316 2666 ξυνῳδά.

240 2697 311 2767 137.
327 2682 475 2768 ψοφεῖτε]
493 2686 627 2744 κτυπεῖτε
643 2682 688 2743 Η.
704 2695 736 2745 et
750 2683 839 2769 Aug.
857 2705 947 2746 unus.
994 2681 1035 2745 Id
1058 2697 1095 2745 ut
1115 2680 1160 2768 gl.
1178 2679 1297 2744 habent

193 2783 258 2847 duo
271 2782 323 2846 alii
338 2782 431 2847 codd.

239 2904 310 2964 140.
332 2890 405 2966 σῖγα
419 2884 507 2971 σῖγα]
524 2886 597 2965 σῖγα
611 2884 685 2965 σίγα
698 2882 769 2948 libri
784 2898 816 2948 et
831 2883 996 2969 Euripidis
1009 2897 1040 2948 et
1056 2882 1201 2971 Dionysii
1217 2884 1295 2950 Hal.

194 2985 255 3050 vol.
271 3002 304 3071 5.
319 3009 352 3073 p.
369 2989 420 3070 63.
466 2983 528 3048 Sed
544 2999 630 3047 recto
645 2999 773 3049 accentu
789 2984 886 3049 codex
903 2985 1047 3072 Dionysii
1062 2985 1263 3050 Bodleianus.

237 3086 362 3172 λεπτὸν]
389 3086 499 3150 λευκὸν
520 3085 611 3149 lectio
632 3086 673 3150 ab
695 3087 858 3153 scholiasta
878 3104 1049 3154 memorata
1073 3104 1120 3152 est
1144 3088 1177 3152 in
1203 3089 1296 3154 oodd.

195 3188 315 3275 aliquot
341 3187 516 3253 recentibus
540 3203 572 3251 et
596 3186 629 3251 in
655 3187 742 3252 libris
767 3189 903 3276 vulgatis
925 3189 1091 3277 Dionysii:
1129 3213 1201 3254 nam
1227 3190 1297 3255 cod.

196 3290 387 3355 Bodleianus
408 3290 521 3353 λεπτόν
534 3288 666 3375 praebet.
713 3289 764 3353 Sic
781 3290 872 3355 etiam
896 3291 980 3377 apud
1005 3291 1099 3378 Diog.
1117 3293 1155 3356 L.
1175 3307 1296 3375 7,172.

196 3395 357 3481 scriptum,
373 3379 426 3456 sed
441 3392 528 3479 apud
541 3392 737 3479 Hesychium
751 3392 937 3471 Dionnum,
950 3393 1006 3480 qui
1021 3393 1108 3457 illum
1123 3395 1298 3481 exscripsit,

195 3518 229 3582 p.
248 3513 299 3574 24.
315 3493 366 3558 ed.
381 3493 504 3556 Meurs.
518 3494 637 3556 λευκόν.
666 3495 814 3557 Ceterum
831 3494 915 3558 hunc
929 3508 959 3558 et
975 3508 1155 3580 sequentem
1171 3518 1298 3559 versum

195 3593 291 3657 choro
313 3590 458 3654 tribuunt
474 3589 550 3653 Ald.
569 3607 601 3653 et
619 3590 710 3654 codd.
756 3594 939 3658 Correctum
956 3618 973 3658 e
988 3594 1091 3658 verbis
1106 3594 1263 3682 Dionysii,
1279 3598 1300 3660 h

196 3694 337 3772 πεποίηκε
352 3693 407 3770 τὴν
419 3690 590 3772 Ἠλέκτραν
604 3692 758 3773 λέγουσαν
779 3695 813 3757 έν
829 3693 961 3780 Ὀρέστῃ
982 3697 1057 3777 πρὸς
1077 3698 1130 3760 τὸν
1145 3701 1249 3781 χορόν,
1268 3714 1300 3763 et

196 3793 348 3880 Diogenis
364 3794 403 3856 L.
426 3792 460 3855 τὸ
474 3797 525 3871 τῆς
538 3790 757 3875 Ἠλέκτρας-
771 3845 777 3857 .

243 3916 312 3975 141.
329 3897 426 3958 τίθετε
440 3894 611 3956 Porsonus.
634 3899 742 3958 τιθεῖτε
755 3894 826 3959 libri
841 3912 873 3960 et
888 3896 1053 3984 Euripidis
1066 3914 1098 3962 et
1112 3899 1270 3986 Dionysii.

239 4000 371 4076 ψοφεῖτε
391 3993 490 4058 codex
513 3992 606 4057 Leid.
630 3994 716 4080 apud
735 3995 843 4059 Valck.
866 3996 908 4060 ad
930 3997 1042 4062 Phoen.
1058 4010 1148 4085 1371.
1172 4014 1204 4065 et
1227 4004 1302 4068 Cot-

197 4098 343 4161 touianus
371 4117 443 4158 cum
469 4093 633 4158 scholiasta
659 4095 792 4160 Nicaud.
821 4097 918 4161 Ther.
942 4116 1016 4179 424.
1043 4108 1177 4166 κτυπεῖτε
1206 4106 1301 4169 ceteri

197 4198 287 4263 codd.
304 4211 335 4261 et
352 4195 428 4258 Ald.
444 4217 515 4259 cum
532 4195 695 4282 Dionysio.

240 4300 280 4378 μὴ
294 4301 364 4361 ’στω
380 4296 549 4360 Elmsleius
562 4296 602 4359 ad
620 4297 708 4360 Med.
720 4317 773 4382 34.
807 4300 989 4384 Legebatnr
1002 4302 1067 4382 μηδ’
1084 4305 1171 4370 ἔστω.
1197 4309 1303 4373 Verba

197 4399 262 4483 μηδ’
279 4401 354 4464 ἔσται
373 4400 479 4465 κτύποι
500 4397 611 4462 omissa
634 4398 720 4483 apud
744 4399 877 4485 Dionys.
893 4401 968 4465 Hal.
987 4421 1019 4467 et
1041 4405 1178 4471 dubitari
1199 4424 1303 4495 potest
