2864 4914
199 295 262 358 402
552 291 927 357 ANNO'PATIONES

195 466 364 553 beginning
378 465 416 529 of
431 465 484 530 the
503 464 587 553 play,
602 465 628 529 is
642 488 710 528 now
727 479 850 552 present
864 465 895 529 in
912 463 966 528 the
978 462 1137 529 character
1148 463 1189 527 of
1200 464 1306 527 Her-·

193 568 286 633 cules.
332 571 365 633 It
387 567 499 632 should
524 591 617 646 seem,
639 568 803 644 therefore,
826 568 894 632 thet
920 567 973 633 the
993 566 1107 653 liberty
1128 565 1166 631 of
1186 565 1296 631 iutm·

193 671 310 759 during
330 695 349 736 u
369 669 453 736 child
474 694 509 735 as
529 693 568 734 an
591 685 676 735 actor
694 671 929 759 extraordinary
949 669 1012 735 hod
1031 684 1087 734 not
1105 669 1185 733 been
1207 683 1303 733 esta·

194 774 325 852 blished‚
352 774 438 838 when
461 773 630 859 Euripides
650 787 744 838 wrote
766 772 815 837 his
839 773 955 838 Medea
977 771 1039 837 and
1065 771 1113 836 his
1136 770 1295 849 Alcestis,

195 877 294 942 which
310 901 355 942 we
373 876 491 942 believe
511 890 544 940 to
556 876 596 940 be
618 875 673 940 the
686 891 747 940 two
761 875 881 941 earliest
898 876 988 964 plays
1006 874 1043 941 of
1060 875 1109 941 his
1127 874 1294 963 composi-

194 978 259 1044 tion
275 979 372 1044 which
387 979 466 1043 have
481 980 557 1044 been
573 978 749 1066 preserved.
776 980 1005 1043 ELMSLEY
1020 979 1051 1043 in
1066 977 1305 1043 electissime.

192 1084 333 1148 Journal
346 1081 407 1147 vol.
423 1084 453 1147 8.
469 1105 500 1170 p.
513 1101 588 1167 433.

236 1188 309 1271 362.
324 1187 364 1266 μὴ
377 1184 580 1270 ’ντιδουλεόει]
599 1183 802 1249 scribendum
817 1187 1047 1265 udmrbovhrrlet.

235 1291 311 1375 364.
327 1292 416 1353 αὑτοῦ
431 1286 648 1352 Marklaudus.
673 1289 762 1353 adseri
775 1287 856 1352 libri.

235 1394 310 1477 367.
327 1393 441 1456 Versus
455 1414 494 1455 ex
508 1389 633 1455 duobus
646 1389 795 1455 dochmiis
807 1393 996 1479 compositus
1007 1389 1202 1478 totidemque
1213 1391 1294 1456 bac-

193 1493 284 1559 eneis.
323 1496 362 1557 ln
386 1494 460 1558 Ald.
484 1494 515 1557 in
537 1493 617 1557 duos
637 1492 802 1571 dirimitur,
823 1516 957 1580 quorum
982 1494 1059 1559 alter
1080 1517 1100 1558 a
1122 1495 1295 1575 Πελασγία

193 1614 310 1685 incipit.

235 1701 352 1786 μεγάλα
388 1702 549 1784 Πελασγία
578 1700 791 1786 Musgravius.
830 1700 934 1786 Vulgo
962 1699 1080 1782 μεγόλα
1108 1703 1291 1783 Πελασγία.

194 1809 213 1840 “
229 1802 369 1866 Pertinet
383 1801 423 1865 nd
440 1802 522 1865 hunc
538 1801 678 1867 dativum
694 1819 726 1867 et
745 1803 784 1868 ad
808 1804 967 1891 sequeutia
983 1801 1168 1868 vocobulum
1184 1805 1299 1868 dom?

195 1906 348 1969 HERM.

236 2006 411 2093 Πελασγία]
428 2007 649 2094 Peloponneso.

235 2113 311 2195 369.
334 2112 423 2174 Duas
445 2134 493 2174 res
510 2126 597 2198 optat
616 2112 739 2189 chorus,
756 2135 877 2201 nempe,
898 2116 941 2178 Ut
956 2114 1100 2179 Theseus
1122 2116 1244 2200 refirul
1267 2139 1294 2181 a

198 2213 407 2299 Thebisfilior
419 2234 528 2277 earum
542 2216 676 2287 occisor‚·
700 2229 741 2294 et,
761 2218 804 2280 Ut
812 2216 929 2302 firdru
949 2217 1098 2280 amicitie
1112 2218 1292 2283 incuterem

193 2318 341 2404 Argivis.
366 2317 503 2399 Ματέρας
517 2320 638 2399 ἄγαλμα
656 2320 763 2399 φόνιον
778 2318 875 2397 ἐξέλοι
897 2318 937 2382 od
953 2319 1082 2383 verbum
1098 2335 1153 2399 est,
1169 2325 1297 2386 matris

193 2419 443 2484 oblectamentum
457 2430 620 2485 cruentum
635 2424 756 2508 efferat,
772 2420 805 2485 id
820 2437 875 2499 est,
891 2424 1071 2510 meosfilios
1083 2426 1200 2490 occisor
1212 2428 1295 2512 ff·

193 2533 258 2602 rar,
280 2524 344 2588 scil.
367 2549 406 2588 ex
429 2541 510 2589 terra
526 2525 690 2590 Thebana.
713 2548 783 2589 nam
805 2525 930 2608 ματέρος
947 2525 1076 2609 (chorus
1091 2527 1293 2614 Argivorum

195 2641 404 2691 matronarum
426 2628 579 2714 loquitur)
596 2645 642 2692 est
665 2631 736 2708 ἐμοῦ
756 2628 892 2709 ματέρος,
907 2629 976 2707 mei,
992 2652 1062 2716 puae
1082 2652 1152 2694 sum
1174 2653 1290 2696 eorum

194 2739 302 2808 mater,
319 2744 354 2793 ut
369 2752 440 2794 mox
458 2753 485 2793 v.
498 2732 572 2815 387.
584 2730 698 2810 Ἀμυοε
711 2731 807 2812 ματρὶ,
823 2734 919 2804 πόλις,
935 2754 1083 2795 succurre
1097 2735 1193 2796 matri
1210 2733 1245 2818 (i.
1259 2758 1293 2800 e.

194 2832 286 2913 mihi)
304 2834 470 2909 Ocivitus,
485 2834 633 2898 Athenae.
655 2848 686 2897 et
707 2836 840 2916 ἄγαλμα,
856 2834 1117 2911 oblectamentum,
1139 2834 1293 2922 frequen-

194 2949 241 2996 ter
256 2933 370 2997 dicitur
383 2935 421 2998 de
434 2936 549 3000 liberis.
595 2936 646 3000 Sic
663 2936 759 3018 (iufra
776 2957 783 2998 ι
795 2954 864 3018 174.
877 2938 998 3018 ἄγαλμα
1011 2938 1132 3019 ματρὸς,
1148 2937 1188 3002 de
1190 2941 1290 3023 filia,

194 3037 239 3117 et)
265 3036 371 3124 Iphig.
393 3040 491 3103 Taur.
512 3058 584 3124 273.
607 3040 729 3122 Νηρέος
750 3040 918 3121 ἀγάλματα,
941 3039 980 3103 de
1006 3040 1100 3104 Nerei
1124 3041 1289 3131 quiuqua-

192 3139 446 3227 gintnflliabue:
468 3157 500 3206 et
519 3145 616 3222 δόμον
639 3145 760 3225 ἄγαλμα
770 3144 880 3226 fllium
901 3165 987 3206 suam
1010 3143 1206 3230 Iphigeniam
1227 3169 1290 3234 sp.

193 3241 290 3329 pellat
303 3247 523 3331 Agamemnon
544 3246 629 3333 apud
647 3246 833 3332 AEschylum
857 3249 973 3331 Agam.
990 3248 1061 3310 216.
1083 3262 1115 3310 et
1137 3253 1291 3328 Καδμείας

194 3348 312 3430 νύμφας
325 3350 456 3430 ἄγαλμα,
471 3351 519 3414 rol
535 3349 607 3417 Διὸς
626 3351 724 3431 γόνος,
743 3348 895 3425 Bocchus,
911 3348 995 3433 apud
1016 3349 1199 3436 Sophoclem
1216 3355 1291 3417 An-

195 3448 249 3536 rig.
272 3467 363 3533 1127.
404 3451 483 3515 Vide
506 3451 607 3516 locum
636 3453 665 3515 iu
693 3450 787 3515 schol.
810 3451 1013 3537 Aristophon.
1038 3458 1135 3533 Σφηκ.
1159 3476 1190 3516 v.
1208 3475 1289 3539 312.

195 3552 381 3617 Dorvillium
411 3553 450 3617 ed
474 3553 636 3618 Chariton.
662 3576 692 3640 p.
715 3572 765 3617 12.
794 3567 825 3616 et
852 3552 1076 3618 Ruhnkenium
1103 3555 1143 3619 ud
1171 3557 1290 3624 Timoei

195 3654 336 3719 Lexioon
359 3655 566 3732 Platonicum,
590 3678 623 3742 p.
639 3674 671 3739 3,
688 3676 719 3734 4.
747 3657 855 3731 Porro,
880 3656 986 3733 ἐξέλοι,
1009 3659 1129 3742 offerat,
1146 3673 1182 3722 ut
1203 3659 1291 3726 infra

193 3758 268 3842 581.
283 3762 337 3840 γῆς
353 3761 464 3838 ἐξελὼν
478 3757 639 3832 Ἀσωπίας,
656 3780 698 3820 sc.
716 3758 842 3838 vesperis.
881 3756 1064 3821 Herodotus
1082 3779 1109 3836 1,
1123 3762 1176 3845 36.
1195 3763 1234 3828 ὡς
1247 3764 1292 3827 ἃν

193 3885 244 3939 μιν
266 3860 414 3940 ἐξέλωμεν
436 3864 469 3925 έκ
490 3865 541 3940 τῆς
562 3863 668 3944 χώρας·
691 3869 727 3923 nt
749 3881 816 3922 ram
833 3859 997 3945 (belluam)
1014 3883 1030 3923 e
1049 3864 1179 3949 regione
1200 3864 1292 3928 tolla-

194 3985 275 4027 mus.
300 3964 451 4028 MARK.

236 4081 309 4151 372.
325 4069 380 4129 τᾶν
394 4065 515 4130 addidit
532 4065 698 4129 Heathius.

237 4186 309 4254 373.
333 4171 364 4232 τί
373 4195 424 4248 μοι
438 4172 526 4236 πόλις
546 4173 649 4250 κρανεῖ
664 4166 748 4240 ποτ’;
772 4164 829 4248 ἅμα
852 4168 1065 4254 Musgravius.
1105 4169 1291 4256 Legebatur

194 4273 373 4350 τιμόατολις·
398 4278 501 4352 κρανεῖ
512 4269 576 4334 ποτ’
593 4271 661 4352 ἆρα.

236 4376 311 4459 376.
325 4380 409 4454 τεμεῖ
419 4373 549 4438 codices.
572 4378 657 4451 τεμοῖ
670 4371 748 4435 Ald.
772 4380 794 4410 ‘⁶
803 4371 931 4452 Τέμνειυ
945 4373 1042 4453 φίλια,
1058 4376 1292 4454 recareamico,

195 4488 240 4539 est
263 4477 394 4542 recondo
421 4490 524 4564 partes
549 4474 743 4540 victimarum
757 4475 875 4561 facere
898 4476 1070 4539 amicitiam
1094 4476 1296 4565 seufredus.
