2864 4914
499 298 567 362 AD
592 297 880 362 PHOENISSAS.
1181 296 1246 359 153

140 465 213 541 τάδ’,
235 466 407 532 ἑπτάπυλον
430 467 454 532 δ’
477 471 509 535 ἑς
531 471 621 532 πόλιν
642 471 754 548 μολών.
786 468 956 531 ἑπτάπυλον
978 491 995 530 e
1017 465 1120 553 glossa
1141 481 1245 530 ortum

140 592 217 647 esse,
247 592 285 632 ex
319 593 357 635 eo
390 584 488 657 patet,
517 570 602 657 quod
636 571 667 633 in
700 569 791 633 Leid.
825 571 863 633 B.
894 571 1023 655 Mosqu.
1056 569 1123 633 Gu.
1152 590 1248 655 supra

141 674 330 756 ἑπτάπυργον
352 674 502 763 scriptum
527 691 573 739 est
600 676 665 738 ἀντὶ
687 679 740 737 τοῦ
762 673 945 737 ἑπτάπυλον.
970 671 1001 735 in
1025 671 1127 736 Florr.
1153 671 1246 735 etiam

83 828 88 836 .
141 775 286 839 omnibus
308 776 410 861 glossa
430 793 477 841 est
496 777 678 841 ἑπτάπυλον.
702 775 726 840 δ’
742 775 868 839 aliunde
883 775 1032 840 insertum
1048 774 1165 839 incerta
1179 775 1248 860 ejus

142 877 229 941 sedes
243 878 380 952 indicat;
405 895 451 944 est
472 902 546 944 vero
567 902 605 943 ea
625 878 773 943 orationis
794 879 905 956 forma,
928 900 1024 965 quam
1046 877 1136 965 attigi
1158 877 1198 941 ad
1216 902 1246 942 v.

141 997 215 1061 474.
242 983 345 1060 μολών
359 1006 398 1046 an
414 985 512 1047 ἐλθών
525 982 638 1070 glossae
654 981 802 1068 majorem
815 980 948 1068 speciem
959 980 1084 1057 habeat,
1096 979 1149 1044 vix
1163 979 1248 1066 quis-

142 1105 236 1168 quam
260 1083 393 1149 dubitet.
441 1085 515 1163 Sed,
535 1099 570 1149 ut
588 1086 655 1172 jam
676 1083 799 1148 monuit
821 1082 928 1162 schol.,
952 1082 1088 1149 absurde
1103 1083 1247 1147 Eteocles

142 1184 220 1248 sein
237 1186 346 1249 urbem
362 1186 480 1250 iturum
497 1186 583 1263 dicit,
599 1185 654 1272 qui
664 1187 732 1274 jam
747 1186 778 1250 in
795 1186 873 1250 urbe
887 1198 971 1250 erat:
995 1185 1102 1273 itaque
1118 1188 1244 1271 Musgr.

142 1310 201 1374 pro
216 1289 306 1351 πόλιν
320 1287 381 1375 leg.
398 1288 529 1375 conjecit
552 1290 672 1365 κύκλον,
688 1311 852 1352 murorum
873 1290 1038 1366 ambitum,
1058 1310 1153 1374 quam
1175 1309 1248 1350 con-

137 1389 292 1476 jecturam
311 1406 494 1478 receperunt
512 1388 653 1454 Bruuck.
670 1405 702 1453 et
717 1392 849 1454 Porson.
897 1390 957 1456 Sed
981 1391 1038 1455 etsi
1061 1392 1167 1458 κύκλος
1185 1390 1245 1454 τεί-

141 1520 214 1578 χους
227 1493 277 1557 vel
299 1494 425 1578 τειχέων
439 1494 573 1571 dicatur,
597 1496 706 1559 κύκλον
728 1516 784 1580 per
806 1518 837 1558 se
859 1517 918 1581 pro
940 1494 1096 1559 moenibus
1117 1493 1248 1557 inveniri

142 1596 194 1660 vix
219 1611 308 1684 puto.
356 1595 568 1661 Valcltenaerio
590 1595 761 1682 Euripides
783 1596 823 1660 ad
848 1597 957 1661 AEsch.
982 1599 1015 1661 S.
1038 1621 1064 1660 c.
1089 1596 1156 1660 Th.
1174 1597 1247 1660 286.

143 1701 202 1781 ἑγὼ
229 1698 252 1763 δ’
275 1698 320 1763 ἐπ’
343 1700 452 1781 ἄνδρας
476 1699 507 1778 ἑξ
520 1737 563 1748 -
577 1735 621 1746 -
637 1701 678 1765 εἰς
700 1701 883 1783 ἑπτατειχεῖς
905 1702 1024 1778 ἐξόδους
1046 1699 1123 1778 τάξω
1145 1699 1248 1778 μολών

143 1801 309 1888 respiciens
324 1801 418 1865 aciem
431 1800 594 1888 judicandi
611 1800 715 1864 minus
725 1800 893 1865 intendisse
903 1801 1037 1866 videtur.
1054 1803 1248 1865 MATTH.

187 1919 261 1987 751.
287 1905 423 1985 διατριβὴ
444 1904 545 1983 πολλὴ
564 1903 680 1988 λέγειν]
701 1905 799 1968 Notat
816 1904 1015 1992 AEschylum,
1031 1904 1086 1992 qui
1110 1903 1248 1990 singulos

143 2004 239 2069 duces
253 2007 446 2071 enumeravit
462 2006 493 2070 in
511 2010 636 2092 Septem
653 2005 693 2069 ad
711 2006 851 2070 Thebas.

187 2126 261 2193 754.
278 2111 400 2194 άντῆρη]
421 2109 614 2197 Typothetae
630 2131 716 2172 error
729 2132 788 2196 pro
803 2113 922 2192 ἀντήρη.

187 2228 259 2297 755.
284 2212 346 2290 Qui
369 2213 559 2299 sequebatur
580 2235 685 2276 versus
702 2215 775 2296 756.
796 2219 914 2277 κτανεῖν
929 2211 954 2276 θ’
970 2212 1003 2279 ὃς
1025 2212 1100 2292 ἦλθε
1122 2212 1248 2294 πατρίδα

143 2314 301 2396 πορθήσων
328 2316 410 2395 ἐμήν,
438 2339 509 2380 eum
537 2315 588 2379 bic
614 2328 646 2380 et
670 2314 752 2379 infra
770 2317 864 2400 1376.
889 2314 1057 2379 delendum
1079 2338 1145 2379 esse
1170 2314 1248 2378 vidit

145 2415 375 2481 Valckenarius.

189 2534 262 2603 757.
278 2535 310 2584 et
326 2538 397 2606 759.
415 2523 438 2583 δ’
454 2518 574 2606 aliquot
589 2520 680 2584 codd.
698 2519 722 2582 r’
740 2520 815 2584 Ald.

187 2624 258 2703 761.
277 2622 320 2710 εἴ]
338 2623 376 2687 σὺ
390 2620 513 2686 addunt
526 2621 617 2687 codd.
634 2621 737 2687 multi.

187 2725 259 2809 765.
278 2730 452 2788 κατακτενεῖ
465 2725 634 2788 Porsonus.
658 2732 836 2790 coronanti
849 2724 928 2789 libri.

189 2829 259 2907 766.
285 2827 368 2890 ἐστὶν
387 2828 457 2907 ἡμῖν
473 2827 567 2909 ἀργὸν
581 2826 673 2891 codd.
689 2827 841 2915 plerique.
866 2829 936 2907 ἡμῖν
950 2829 1044 2911 ἀργόν
1059 2829 1144 2892 ἑστιν
1158 2829 1247 2891 Β.Η.

144 2942 176 2991 et
192 2927 268 2992 Ald.
315 2928 433 2992 Similia
453 2930 642 3014 optimorum
660 2930 811 2993 librorum
827 2945 953 3016 peccata
967 2928 1102 2992 indicavi
1115 2929 1156 2994 ad
1172 2928 1247 2993 Ari.

145 3031 248 3118 stoph.
264 3033 329 3096 Ar.
345 3031 423 3118 386.
437 3033 506 3113 ἡμίν
520 3046 551 3096 et
567 3035 636 3113 ὑμίν
650 3055 805 3120 nusquam
821 3032 901 3096 dixit
916 3031 1096 3119 Euripides.

187 3135 260 3218 769.
278 3135 501 3213 αὐτεπώνυμον]
519 3136 730 3216 άυτεπώννμον
745 3135 822 3201 Ald.
839 3150 870 3200 et
884 3158 957 3222 pars
970 3134 1127 3198 codicum.

188 3249 262 3318 770.
287 3237 567 3321 Μενοικέα-δεῦρο
582 3239 693 3322 πέμψω
713 3241 853 3317 λαβόντα
864 3239 1037 3319 Τειρεσίαν,
1051 3237 1248 3301 Menoeceum

143 3358 214 3400 cum
249 3339 379 3402 Tiresia
408 3340 468 3406 Ιιοο
495 3362 661 3405 arcessam.
708 3342 842 3405 Frustra
867 3337 1100 3404 Valckenarius
1126 3337 1245 3419 ἄξοντα.

145 3441 339 3505 ΜΑΤΤΗ.

189 3559 261 3626 771.
278 3545 322 3628 ἐς]
341 3547 383 3612 εἰς
399 3547 446 3608 Η.
462 3545 578 3632 aliique
593 3544 747 3622 nonnulli,
760 3566 822 3608 non
838 3543 917 3608 Ald.

189 3660 262 3731 775.
278 3646 409 3710 Excidit
424 3669 545 3711 comma
560 3663 630 3735 post
645 3646 731 3728 τᾶμά.

187 3749 263 3830 778.
295 3748 381 3813 εἷπον
405 3749 526 3814 codices
556 3764 678 3815 tantum
705 3773 768 3814 non
798 3772 914 3814 omnes.
946 3752 1023 3815 αὐδῶ
1047 3751 1124 3815 Ald.
1152 3773 1190 3814 cx
1217 3773 1248 3814 v.

187 3953 261 4035 781.
278 3954 429 4040 ὁρμῶμεν]
447 3954 590 4036 ὁρμώμεθ’
609 3955 752 4020 undecim
769 3956 862 4020 codd.

188 4057 259 4142 783.
276 4059 435 4142 διασῶσαι]
454 4059 610 4136 διασώζειν
628 4060 672 4121 Η.
688 4057 803 4144 aliique
814 4056 956 4121 nonnulli
971 4080 1043 4121 cum
1058 4056 1137 4121 Ald.

188 4160 379 4241 784—824.
403 4157 469 4222 ὧ-
488 4157 494 4246 Ι
515 4159 701 4241 καὶ-παρά·
722 4160 729 4245 Ι
746 4185 900 4240 novoco-
918 4158 923 4247 Ι
943 4159 1119 4228 νεάνιδος-
1137 4159 1143 4246 Ι
1163 4184 1250 4223 κατα-

142 4263 347 4342 πνεώματα-
365 4260 371 4349 Ι
389 4266 556 4342 μοΰσαν-
575 4262 581 4348 Ι
601 4263 734 4325 άλλδ-
753 4259 758 4348 Ι
778 4263 1010 4329 ἑπιπνεύοας-
1030 4261 1035 4348 Ι
1056 4267 1204 4340 κῶμον-
1223 4258 1230 4348 Ι

143 4363 248 4429 οὗδ’-
267 4363 272 4452 Ι
292 4365 450 4446 δρμασι-
466 4363 474 4452 Ι
493 4367 663 4448 μώνυχα-
681 4362 687 4450 Ι
708 4365 900 4430 ἱππείαισι-
919 4365 925 4451 Ι
944 4371 1127 4447 σπαρτῶν-
1145 4361 1151 4448 Ι
1170 4365 1250 4426 durl-

143 4473 295 4531 παλον-
314 4465 320 4555 Ι
339 4471 497 4553 χαλκῷν-
514 4468 521 4555 Ι
538 4467 704 4548 μήσατο-
722 4465 728 4555 Ι
747 4469 997 4547 Λαβδακίδαις·
1016 4466 1022 4554 Ι
1041 4464 1112 4530 ὦ-
1131 4464 1136 4552 Ι
1157 4465 1250 4532 νάπος
