2864 4914
430 285 498 348 AD
521 283 919 349 ANDROMACHAM.
1161 282 1228 349 ³68

124 453 182 518 bro
198 454 317 540 jactata
336 454 407 519 fuit.
453 455 522 520 Vid.
540 457 688 544 Thucyd.
706 457 818 536 1,128.
834 471 865 521 et
880 455 987 521 confer
1001 478 1075 543 quoe
1089 455 1172 520 idem
1188 457 1229 521 de

126 556 241 620 necatis
256 557 382 621 duobus
397 558 535 624 millibus
549 559 689 646 ejusdem
710 558 801 623 sortis
821 558 982 624 hominum
1008 573 1112 623 narrat
1126 579 1160 640 4,
1177 559 1229 623 80.

128 661 336 724 PFLUGK.

169 782 245 847 451.
268 765 321 828 οὐκ
343 761 581 850 αἰσχροκερδεῖς]
599 763 689 829 Idem
709 764 950 847 αἰσχροκερδείας
963 762 1168 850 opprobrium
1183 780 1232 829 est

126 865 157 929 in
174 864 341 952 Aristoph.
358 867 432 930 Pac.
449 868 525 947 624.
553 866 607 931 Ad
624 866 785 953 sequentia
799 866 834 930 οὔ
849 865 991 948 λέγοντες
1006 867 1088 931 ἄλλα
1100 868 1158 946 μὲν
1171 881 1231 931 eto.

127 968 269 1055 apprime
283 969 429 1033 convenit
445 969 599 1034 Herodot.
617 990 647 1053 9,
662 987 715 1055 54.
732 969 923 1048 ἐπιστάμενοι
937 971 975 1032 τὰ
989 970 1233 1048 Λακεδαιμονίων

127 1071 302 1153 φρονήματα
318 1074 357 1139 ὡς
370 1074 453 1136 ἄλλα
466 1069 658 1154 φρονεόντων
673 1072 721 1136 καὶ
736 1072 819 1136 ἄλλα
833 1068 995 1152 λεγόντων.
1011 1069 1218 1135 PFLUGK.

169 1193 245 1258 454.
262 1176 436 1261 ἀπώλεσεν]
453 1176 617 1239 ἆπῶλεσαν
632 1176 706 1239 Par.
723 1176 768 1237 A.

171 1295 247 1360 457.
263 1279 372 1356 ναύτην
388 1275 508 1362 ἔθηκεν]
529 1279 637 1364 Turpi
638 1278 737 1365 fiaega
752 1278 788 1339 ι’νν
802 1296 900 1339 naves
915 1283 944 1338 te
957 1275 1117 1362 compulit.
1151 1276 1233 1339 Fere

130 1392 165 1442 ut
190 1377 275 1465 apud
300 1377 411 1464 virgil.
435 1381 513 1444 AEn.
539 1399 570 1457 2,
592 1400 666 1465 399.
689 1379 762 1467 equi
789 1378 882 1466 lignei
906 1377 1040 1443 latebras
1059 1377 1120 1442 fusi
1139 1401 1230 1465 repe-

130 1496 210 1546 tunt.
257 1482 424 1567 Loquendi
448 1482 579 1547 formam
603 1482 706 1570 tetigit
723 1480 871 1546 Valcken.
894 1480 934 1545 ad
960 1479 1115 1545 Herodot.
1132 1483 1162 1559 6,
1178 1499 1231 1566 32.

130 1584 337 1648 PFLUGK.

172 1688 246 1765 462.
264 1688 310 1771 δὲ]
328 1686 352 1748 δ’
369 1691 403 1751 ἐν
419 1689 493 1751 Par.
511 1689 549 1751 Β.
567 1687 779 1770 Flor.10.15.

171 1792 354 1872 464-479.
371 1789 549 1853 οὐδέποτ’-
567 1789 574 1874 Ι
592 1787 735 1871 λέκτρ’-
753 1790 759 1871 Ι
778 1786 883 1852 068-
901 1787 906 1876 Ι
926 1790 1033 1871 ἔριν-
1051 1789 1058 1874 Ι
1077 1792 1234 1868 δυσμενεῖς

128 1931 171 1941 -
191 1891 197 1980 Ι
215 1892 313 1970 τήν-
331 1893 338 1980 Ι
356 1894 557 1972 ἀκοινώνητον
570 1892 660 1955 εὐνὰν
675 1888 782 1972 ἀνδρός
796 1888 873 1954 Ald.

172 1998 247 2076 464
264 1992 418 2078 οὐδέποτε]
436 1992 570 2059 οὐδέποτ’
587 1994 624 2058 ἂν
640 1995 713 2058 Par.
729 1995 772 2057 E.
789 1991 875 2057 Flor.
893 2011 921 2056 2.
938 1994 1030 2056 Lasc.
1046 1991 1125 2057 Ald.

172 2100 247 2180 465.
270 2095 493 2179 ἀμφιμάτορας]
518 2096 722 2178 ἆμφιματέριις
745 2097 818 2160 Par.
843 2096 882 2159 B.
903 2093 990 2159 Flor.
1010 2098 1054 2161 A.
1077 2095 1155 2177 ἀμφὶ
1175 2121 1232 2176 μα-

129 2199 216 2280 τέρας
239 2196 325 2261 Flor.
341 2217 453 2281 1615.
471 2200 518 2261 H.

172 2302 247 2380 466.
272 2300 335 2381 ἔριν
347 2302 404 2381 μὲν
418 2299 522 2385 οἴκων]
540 2301 636 2382 ἔριδος
651 2304 739 2365 οἴκων
755 2302 828 2365 Par.
844 2303 890 2364 A.
906 2298 995 2363 Flor.
1008 2301 1051 2363 A.
1069 2318 1163 2366 2.10.
1181 2318 1232 2384 15.

131 2404 239 2468 Havn.
256 2403 348 2466 Lasc.
365 2404 431 2467 Gu.
449 2404 551 2467 Taur.
574 2402 642 2485 ἕρφ’
659 2406 758 2468 οἴκων.
782 2404 880 2484 ἔριδας
898 2403 940 2466 ob
963 2405 1066 2484 κόρους
1085 2418 1117 2466 et
1136 2403 1234 2470 λύπας

130 2506 279 2593 scriptum
297 2504 429 2569 videtur.
446 2506 637 2570 MATTH.

172 2610 247 2693 469.
271 2609 325 2688 τήν
346 2631 408 2672 om.
432 2607 518 2672 Flor.
541 2611 584 2672 A.
610 2627 712 2672 2.1ο.
737 2627 783 2691 15.
809 2609 882 2672 Par.
904 2610 947 2672 A.
969 2607 1070 2672 Taur.
1095 2609 1160 2673 Gu.
1184 2609 1232 2674 H.

131 2713 222 2775 Lasc.

171 2833 247 2895 470.
263 2814 370 2896 ἀνδρὸς
385 2813 489 2898 εὐνάν]
509 2814 599 2878 εὐνὰν
613 2815 720 2895 ἀνδρός
735 2814 835 2876 Τςωτ.
852 2812 918 2876 Gu.
934 2811 1013 2875 Ald.

172 2936 247 2997 471.
262 2914 321 2979 οὐδ’
339 2918 383 2980 ἑνὶ
397 2918 508 2980 πόλεσι
522 2917 592 3001 γὰρ]
614 2915 797 3003 Legebantur
811 2916 879 2979 οὐδὲ
894 2918 952 2996 γὰρ
968 2916 1002 2978 ἓν
1016 2916 1135 2978 πόλεσι.

173 3019 295 3104 πόλεσι]
314 3020 443 3082 πόλεσιν
458 3019 549 3082 Lasc.
564 3021 697 3082 πόλεσσι
712 3019 786 3083 Par.
800 3020 845 3084 A.

172 3139 246 3201 474
270 3122 425 3201 ἀμείνονες
446 3119 567 3206 φέρειν]
589 3121 711 3200 ἄμεινον
731 3118 874 3203 ἐσφέρειν
893 3121 966 3184 Par.
982 3119 1067 3183 AB.
1084 3115 1170 3182 Flor.
1186 3119 1231 3180 A.

130 3223 183 3285 Ex
199 3246 263 3308 quo
279 3225 401 3301 ἄμεινον
417 3224 448 3289 ἐς
461 3219 566 3303 φέρειν
581 3222 698 3285 factum
714 3223 745 3284 in
763 3221 828 3285 Gu.
845 3223 958 3299 Taum,
973 3221 1004 3284 in
1020 3220 1079 3284 hoc
1100 3241 1170 3283 cum
1185 3221 1231 3305 gl.

131 3327 162 3391 ἐς
176 3326 209 3388 τὸ
226 3323 340 3408 φέρειν.

169 3454 242 3520 475.
259 3435 283 3499 τ’
297 3459 359 3500 om.
379 3438 451 3499 Par.
469 3437 558 3499 ΑΕ.
574 3434 659 3500 Flor.
678 3454 706 3500 2.
724 3437 814 3500 Lasc.

173 3559 248 3640 476.
263 3556 430 3643 τεκτόνοιν]
446 3557 593 3620 τεκτόνων
608 3555 682 3619 Par.
698 3557 741 3619 E.
758 3555 844 3619 Flor.
862 3574 891 3619 2.
911 3555 1001 3618 Lasc.

174 3677 199 3741 θ’
215 3700 276 3741 om.
294 3679 368 3740 Ροτ.
387 3676 473 3740 RD.
493 3675 579 3739 Flor.
600 3693 714 3759 1ο.15.

174 3799 265 3876 ὕμνον
280 3794 478 3877 σννεργάταιν
493 3794 668 3880 Duportus.
691 3795 796 3874 ὕμνοιν
811 3793 951 3876 ἐργάταιν
965 3790 1085 3857 codices
1096 3805 1127 3856 et
1139 3791 1231 3856 Lasc.

131 3898 189 3963 nisi
202 3897 288 3985 quod
303 3898 334 3961 in
353 3900 424 3961 Par.
438 3899 479 3960 Ε.
496 3914 525 3962 et
539 3896 626 3961 Flor.
644 3915 673 3962 2.
688 3899 793 3978 ὕμνοιν
808 3897 930 3980 ἐργάται
945 3895 1072 3982 legitur,
1087 3909 1118 3959 et
1131 3897 1233 3975 ὕμνοις

133 3999 255 4083 ἐργάται
269 3999 300 4062 in
317 4001 416 4063 Taur.
434 4002 500 4064 Gu.
524 4022 563 4063 ex
585 4022 650 4085 qua
671 3999 825 4085 scriptura
846 3999 978 4063 conficta
998 3997 1040 4061 ab
1060 4010 1233 4061 correctore

132 4102 253 4169 Aldino
267 4100 359 4166 lectio
373 4116 419 4165 es't
433 4105 571 4185 ὕμνοισιν
585 4100 719 4183 ε’ργάται.

174 4206 248 4290 478.
273 4205 349 4288 ἔριν]
375 4190 508 4267 Ηεεὶοόἰ
530 4203 632 4267 locum
652 4205 713 4290 Op.
732 4206 782 4268 26.
805 4218 965 4291 comparat
988 4202 1161 4281 scholiasta,
1185 4201 1234 4266 καὶ

131 4310 249 4392 πτωχὸς
263 4308 370 4391 πτωχῷ
386 4304 510 4388 φθονέει
526 4307 574 4370 καὶ
588 4306 689 4373 ἀοιδὸς
702 4308 802 4392 ἀοιδῷ.

177 4460 321 4547 κραίνειν]
339 4420 449 4540 κρΙνειν
465 4459 510 4522 Η.
