2864 4914
200 275 243 339 48
563 273 943 339 ANNOTATIONES

242 448 319 532 306.
335 443 632 533 τῷδε-κάμνουσιν]
648 445 957 532 τούτῳ-πάσχουσιν
968 442 1192 508 Ε111111111111
1208 444 1303 510 schol.

200 547 240 611 od
256 547 389 612 Aristot.
405 547 482 611 Eth.
499 545 623 611 Nicom.
643 546 663 612 l.
682 567 710 612 1.
749 547 887 635 Vulgata
908 547 1060 633 scriptura
1081 559 1216 611 utuntur
1232 547 1307 611 Ari-

201 651 295 717 stides
309 650 372 715 vol.
387 670 420 736 3.
442 672 475 737 p.
492 668 567 731 704.
582 665 614 714 et
631 649 820 715 Theodulns
841 650 873 715 in
893 649 972 715 Maii
990 648 1181 715 collectione
1196 651 1257 714 vol.
1272 671 1306 736 3.

200 776 234 840 p.
251 773 321 836 190.

241 873 318 940 311.
333 855 441 919 ἄπεστι
455 853 493 916 Β.
535 853 717 940 Legebatur
731 856 839 918 ὄλωλε.

243 971 318 1042 317.
335 959 468 1022 Comma
483 977 544 1019 non
567 969 640 1020 ante
663 954 726 1020 sod
741 956 863 1039 ἡμέραν,
880 956 933 1022 aed
957 972 1029 1045 post
1051 958 1118 1021 lraec
1138 957 1233 1022 verba
1246 980 1303 1045 po-

198 1058 337 1123 nendum
353 1071 389 1121 ut
403 1057 434 1120 in
451 1057 609 1121 veteribus
622 1056 696 1122 edd.
710 1057 838 1123 factum.

242 1183 317 1248 319·
334 1163 436 1240 ἀξιοῦν
450 1160 593 1225 absolute
607 1160 742 1248 positum
760 1184 819 1249 pro
829 1163 994 1240 bonorare,
1007 1180 1042 1227 ut
1054 1160 1216 1225 Heraclid.
1227 1181 1300 1245 921.

201 1263 346 1350 Sophocl.
372 1263 426 1350 Aj.
449 1283 542 1345 1114.
565 1264 600 1328 οὐ
622 1266 680 1347 γὰρ
703 1265 785 1344 ἠξίου
808 1264 877 1332 τοὺς
894 1263 1031 1345 μηδένας.
1069 1264 1193 1328 Locum
1216 1263 1301 1329 hunc

198 1367 331 1434 laudans
352 1366 541 1432 Eustatbius
561 1366 602 1431 ad
626 1368 723 1430 Hom.
747 1389 779 1454 p.
796 1368 870 1441 666,
886 1369 938 1448 46.
955 1367 1029 1445 801,
1044 1386 1099 1452 53.
1122 1365 1216 1431 babet
1232 1392 1301 1431 στε-

198 1473 400 1553 φανούμενον,
425 1483 545 1555 utpote,
566 1468 688 1556 opinor,
711 1469 795 1534 aetati
818 1493 884 1534 suoe
906 1468 1101 1548 familiarius,
1119 1490 1299 1556 quanquam

199 1597 322 1640 sumere
336 1584 458 1660 poterat
472 1594 511 1636 ex
526 1570 585 1636 hac
599 1571 707 1637 fabula
721 1595 817 1660 supro
834 1589 904 1658 125.
929 1573 1042 1638 Glossa
1055 1571 1148 1637 etism
1163 1572 1194 1635 in
1209 1574 1301 1636 Cant.

198 1678 373 1757 τμιῶμενον,
397 1676 594 1756 στεφόμενον.
639 1673 762 1739 Locum
794 1673 859 1739 sine
890 1675 1037 1740 varietate
1061 1675 1136 1741 citat
1159 1674 1302 1740 Thomas

200 1779 397 1856 Μ.1.11ξιῶ.
418 1776 521 1840 POR.

241 1898 316 1966 311.
331 1879 444 1966 ἧσσον]
460 1877 550 1957 ἧπον
562 1878 609 1943 Η.

240 2001 316 2070 313.
333 1984 400 2067 ἠδὲ]
418 1984 539 2045 Rarum
554 1980 640 2068 opud
656 1981 789 2069 tragicos
803 1980 835 2044 in
850 1982 988 2046 senariis.
1013 1984 1109 2047 Herc.
1123 1983 1147 2048 f.
1156 2004 1209 2071 30.
1224 1983 1299 2067 Ἀμ-

199 2084 278 2167 φίον’
294 2087 347 2166 ἠδὲ
363 2090 472 2165 Ζῆθον,
489 2086 601 2167 ἐκγόνω
618 2085 700 2152 Διός.

240 2208 315 2275 331.
332 2191 410 2274 αἰαῖ]
428 2188 575 2253 1111111110
588 2186 681 2253 codd.
698 2186 816 2251 Stoboei
831 2185 938 2251 Floril.
955 2189 1009 2267 61,
1025 2207 1042 2252 2
1043 2209 1075 2273 5.

241 2292 422 2379 πεφυκέναι]
447 2293 581 2379 Ῑ111ρ1111
602 2306 650 2356 111
669 2289 851 2369 infinitivus,
865 2290 959 2378 cujus
972 2291 1147 2379 explicandi
1169 2292 1302 2358 incredi-

200 2392 277 2459 biles
290 2393 442 2481 qunsdam
458 2394 592 2460 rationes
606 2391 824 2479 excogitarunt
844 2392 1050 2478 grammatici,
1065 2416 1168 2481 neque
1189 2395 1302 2460 intelli-

197 2496 285 2586 gitur
298 2497 376 2585 quid
399 2497 550 2585 impedire
573 2495 709 2584 potuerit
731 2510 854 2582 poetam
869 2493 1039 2581 quominus
1060 2494 1152 2583 plane
1173 2509 1206 2562 et
1225 2498 1299 2562 sim-

198 2599 320 2687 pliciter
341 2614 373 2664 et
392 2599 624 2665 accommodate
645 2599 686 2664 ad
707 2599 851 2687 proxima
865 2598 961 2663 verba
980 2601 1078 2684 τολμᾷ
1098 2626 1132 2665 τε
1153 2600 1302 2666 scriberet

198 2700 305 2784 πέφνκ’
322 2703 379 2777 ἀεί,
394 2723 489 2788 quam
506 2701 667 2767 lectionem
682 2702 723 2767 ab
734 2700 898 2767 scholiasta
909 2718 1110 2768 memoratam
1122 2719 1154 2769 et
1164 2703 1195 2768 in
1207 2704 1301 2769 codd.

199 2803 284 2868 Flor.
301 2803 402 2868 tribus
423 2819 455 2869 et
472 2803 579 2869 Guelf.
598 2819 777 2870 annotatam
799 2804 962 2869 confirmat
986 2805 1139 2871 Stobaeus.
1187 2808 1226 2871 In
1249 2832 1302 2872 πε-

199 2905 334 2987 φνκένσι,
350 2905 406 2993 qui
422 2905 533 2971 1111111
547 2906 665 2972 librarii
678 2930 765 2972 error
778 2923 826 2973 est
841 2906 1075 2973 usitatissimum
1089 2907 1168 2973 illud
1186 2911 1225 2978 ὣς
1247 2937 1299 2975 κα-

199 3007 253 3073 κὸν
265 3031 337 3073 cum
360 3008 515 3074 infinitivo
536 3009 569 3073 in
590 3026 695 3076 mente
716 3011 870 3090 habentis,
885 3011 1039 3076 consentit
1054 3012 1247 3078 Eumathius
1267 3013 1300 3077 8.

197 3134 229 3199 p.
245 3131 321 3198 301.
359 3112 470 3178 Minus
485 3111 645 3201 probabile
660 3126 708 3178 est
721 3112 837 3196 πέφυκέ
850 3138 888 3187 τι,
904 3113 990 3198 quod
1005 3114 1109 3201 ipsum
1123 3137 1253 3202 quoque
1267 3113 1301 3178 in

198 3215 322 3281 scholiis
337 3231 539 3292 memoratur,
551 3214 597 3280 vel
613 3215 729 3298 πέφνκέ
743 3242 814 3291 πως,
825 3215 913 3302 quod
927 3216 960 3280 in
974 3239 1075 3304 marg.
1089 3219 1195 3304 Mosq.
1208 3218 1303 3283 unius

197 3334 244 3384 111
258 3319 461 3407 adscriptum.

240 3442 318 3509 333.
334 3425 508 3508 νικώμενον]
532 3421 739 3488 Scribendum
755 3425 954 3506 κρατούμενον
967 3445 1006 3486 ex
1023 3422 1150 3488 Stoboeo
1164 3436 1197 3488 et
1211 3421 1300 3488 Flor.

197 3525 333 3590 duobus.
373 3529 536 3591 Annotata
551 3525 618 3590 baec
632 3526 724 3591 lectio
738 3526 770 3590 in
786 3525 879 3590 Harl.
893 3528 987 3611 6300.

241 3647 315 3715 334.
332 3630 431 3717 οὑμοὶ]
448 3630 534 3709 οὖμοὶ
548 3631 690 3715 August.
702 3629 785 3694 duo:
808 3629 849 3694 de
859 3652 924 3717 qua
934 3628 1088 3694 scribendi
1103 3630 1222 3696 ratione
1232 3629 1301 3694 dixi

197 3731 238 3796 ad
253 3731 420 3819 Aristopb.
435 3732 523 3798 Nub.
540 3735 633 3819 1065.

240 3854 314 3922 335.
332 3836 491 3920 ῥιφθέντες
505 3837 591 3902 Flor.
607 3837 683 3902 duo.
720 3835 825 3925 Vulgo
837 3837 984 3920 ῥιφέντες.

240 3942 315 4026 338.
332 3944 424 4028 ἱεῖσα]
443 3945 558 4025 ἀφεῖσα
572 3942 658 4007 Flor.
674 3963 767 4007 unus.
811 3943 851 4005 In
877 3943 957 4005 ἱεῖσα
976 3939 1129 4005 consentit
1151 3939 1302 4006 Eustath.

197 4066 228 4129 p·
247 4043 339 4130 1875.
354 4061 408 4130 45·

239 4165 314 4233 340.
330 4148 378 4236 δὲ]
395 4151 454 4231 γὰρ
470 4148 514 4212 Η.
530 4163 563 4213 11
577 4148 665 4213 Flor.
682 4161 845 4235 quattuor.

239 4269 313 4335 343.
338 4249 467 4329 ἔμπαλιν
480 4250 572 4316 codd.
588 4250 731 4339 plerique
745 4264 777 4314 11
791 4247 942 4314 Eustath.
964 4269 996 4334 p.
1018 4266 1091 4332 129,
1110 4267 1158 4328 14
1197 4246 1305 4336 Vulgo

197 4355 373 4434 τοῦμπαλιν.

239 4460 315 4543 346.
336 4483 373 4541 γε
396 4459 484 4523 Β.Η.
498 4470 531 4524 11
546 4458 631 4524 Flor.
646 4473 715 4523 tres.
754 4480 804 4521 σοι
818 4455 897 4522 Ald.
931 4457 985 4521 σοῖ
996 4482 1033 4540 γε
1048 4457 1155 4544 Mosq.
1170 4478 1255 4521 unus
1270 4471 1302 4521 et
