2864 4914
189 282 254 352 190
554 283 933 349 ANNOTATIONES

189 457 269 517 vecti
283 453 404 538 Argivi
419 453 525 518 debut
540 456 606 517 νάπὶ
622 455 771 520 Petebant
785 456 872 519 illum
883 457 998 543 pellem
1013 459 1197 521 inauratam
1212 459 1296 522 arie·

188 558 231 622 us
248 553 382 633 Colchis,
397 557 530 644 imperio
552 559 640 645 regis
663 559 770 637 Peliae,
788 579 849 646 per
870 560 994 623 ἀοῑιινιε
1020 559 1109 623 Nam
1131 581 1296 648 unusquam

188 656 266 720 luero
285 677 399 720 errans
421 678 490 720 mea
511 657 600 721 domo
621 660 745 745 efferret
764 661 884 746 pedem,
909 661 1035 738 Medea,
1059 662 1167 725 auimo
1189 683 1297 749 tegra,

189 779 295 822 amore
315 780 398 823 eruco
419 761 541 824 saucia.
581 760 661 842 (Ubi
679 762 819 848 Cepieaet
837 762 947 850 legunt
963 763 1013 825 Μ.
1028 765 1072 827 Α.
1089 765 1239 829 Muretus
1254 764 1294 827 ad

190 860 306 926 Catuli.
325 864 376 946 65.
391 861 458 927 init.
471 876 502 927 et
514 864 562 927 H.
579 862 758 949 Stephanus
773 865 900 951 Fragm.
916 880 977 929 vet.
993 866 1081 929 Poet.
1095 868 1213 954 Lotp.
1227 867 1295 931 118.

191 963 254 1028 Sed
269 963 366 1028 altera
381 965 472 1029 lectio
486 965 615 1029 fortasse
630 962 756 1028 defendi
770 970 895 1052 potest.)
914 967 1019 1030 POR.

233 1068 425 1151 διασπᾶσθαι]
445 1066 495 1131 Sic
510 1066 668 1154 pleraeque
682 1065 833 1131 editiones
848 1083 910 1132 tarn
932 1070 1040 1147 nostri,
1057 1092 1152 1152 quam
1170 1072 1294 1135 Aristo·

189 1167 302 1255 phanis
317 1170 506 1254 Ran.1429.
532 1168 725 1254 [διαπτάσθαι
741 1171 784 1233 A.
800 1169 831 1234 in
847 1186 948 1248 textu,
964 1175 1143 1237 διαπτᾶσθαι
1156 1172 1189 1236 in
1209 1173 1297 1238 scho-

189 1271 255 1358 lio.]
303 1273 419 1336 Verum
437 1284 504 1335 tum
520 1270 656 1336 debebat
670 1295 735 1336 esse
751 1271 894 1352 verbum,
911 1273 1049 1353 πτάομαι,
1065 1280 1191 1356 πτῶμαι,
1207 1275 1296 1363 quod

189 1374 312 1439 nullum
328 1388 385 1439 est.
419 1373 519 1438 Attici
535 1373 663 1438 enimin
679 1374 824 1461 praesenti
839 1375 990 1440 adhibent
1004 1376 1140 1457 πέτομαι,
1156 1378 1293 1465 πέταμαι,

187 1479 220 1542 in
247 1476 362 1542 aoristo
386 1478 526 1556 ἑπτάμην,
549 1476 694 1556 ἑπτάμην,
717 1500 853 1563 quorum
882 1478 968 1565 prius
992 1479 1037 1543 ita
1062 1480 1293 1566 praesereudum

183 1581 307 1671 judico,
331 1594 366 1643 ut
391 1597 499 1643 contra
525 1579 675 1643 librorum
703 1593 806 1643 tamen
831 1603 1014 1645 consensum
1043 1581 1119 1645 nihil
1145 1598 1293 1648 mutetur.

189 1686 289 1750 Recte
310 1682 407 1769 igitur
429 1682 599 1760 άνεπτόμαν
613 1680 711 1747 edidit
732 1682 913 1748 Brunckius
932 1683 963 1747 in
982 1683 1128 1771 Sophocl.
1145 1686 1201 1769 Aj.
1219 1689 1293 1773 693.

190 1787 258 1871 (ubi
274 1786 442 1863 ἀνεπτόμην
455 1781 545 1847 Suid.
563 1785 638 1849 MS.
655 1787 775 1851 C.C.C.
788 1788 850 1850 Ox.
862 1785 894 1850 in
907 1811 937 1852 v.
955 1788 1084 1870 ἔφριξα.)
1103 1787 1182 1853 male
1196 1815 1290 1871 προσ-

188 1890 293 1955 tenero
316 1887 391 1952 ibid.
410 1888 484 1955 282.
529 1888 569 1950 In
592 1888 755 1975 Aristoph.
780 1892 844 1954 Av.
864 1891 934 1954 118.
958 1906 1040 1954 recte
1063 1889 1209 1970 Beckius,
1232 1893 1292 1956 Kal

187 1997 245 2077 γῆν
261 1991 388 2057 ἐπέπτου
404 1993 452 2055 καὶ
471 1989 622 2056 θάλατταν
638 1993 672 2055 ἐν
687 1994 795 2078 κύκλῳ,
810 2007 893 2057 recte
912 1992 1004 2056 etium
1021 1992 1201 2058 Brunckius
1216 1995 1290 2081 789.

188 2097 377 2176 ἐκπτόμενος,
397 2107 433 2158 ut
451 2116 469 2157 e
487 2094 562 2157 MS.
579 2095 659 2158 Rav.
673 2093 806 2159 edidisse
820 2094 944 2159 videtur
960 2095 1167 2159 Invernizius.
1185 2093 1288 2160 Ἴπτα-

186 2219 329 2278 potuero
343 2194 460 2260 Atticis
477 2194 588 2283 opinor
606 2219 734 2283 prorsus
754 2197 848 2261 fuisse
864 2196 1069 2284 incognitum.
1115 2200 1288 2285 Nunquam

187 2322 261 2365 sane
282 2298 417 2364 occurrit
438 2298 469 2362 in
492 2299 656 2385 praesenti;
695 2299 859 2385 aliquoties
884 2299 915 2362 in
941 2300 1134 2387 imperfecto,
1157 2301 1211 2366 sed
1235 2300 1288 2365 ubi

187 2403 291 2491 aptius
306 2402 507 2489 responderet
522 2401 664 2479 aoristus,
682 2417 716 2466 ut
733 2401 805 2488 lph.
822 2404 865 2466 A.
881 2405 973 2484 1617.
990 2405 1149 2485 ἀφίπτατο.
1164 2402 1288 2490 Polyid.

186 2507 299 2594 fragm.
315 2506 399 2592 apud
416 2503 609 2568 Valckenoer.
622 2504 757 2569 Diatrib.
769 2529 800 2592 p.
812 2524 883 2570 201.
897 2505 950 2568 ubi
962 2505 1098 2592 primum
1110 2521 1158 2569 est
1173 2507 1288 2580 ἵπτατο,

188 2632 260 2673 mox
285 2608 402 2673 ἔπτατο.
448 2608 487 2670 In
513 2605 586 2693 Iph.
604 2610 646 2670 A.
664 2610 735 2672 801.
758 2610 798 2673 ὣς
819 2608 906 2692 ἔτυχε
924 2606 995 2688 Λήδ’
1017 2606 1108 2689 ὄρνιθ’
1129 2607 1287 2693 ἱσταμένῳ,

186 2711 290 2776 literas
312 2709 394 2774 male
414 2708 529 2772 divisas
551 2709 627 2772 vidit
653 2708 871 2774 Marklandus.
918 2711 1015 2796 Lege,
1032 2711 1072 2777 ὡς
1086 2711 1192 2795 ἔστιχεν
1205 2711 1289 2789 Λήδα

185 2811 315 2898 μιχθεῖσ’
332 2816 427 2895 ὄρνιθι
441 2810 588 2895 πταμένῳ.
633 2813 734 2889 Quom
751 2811 841 2877 facile
855 2831 960 2877 autern
976 2811 1044 2876 haec
1061 2829 1288 2899 permutentur,

186 2914 337 3002 exemplis
361 2912 492 3002 patebit.
539 2915 639 2978 Recte
664 2914 769 2979 editur
793 2915 910 2981 Electr.
934 2936 1008 3002 949.
1032 2914 1166 2993 ἐξέπτατ’
1190 2919 1288 2994 οἴκων,

186 3019 240 3084 sed
272 3020 386 3082 Sextus
411 3016 591 3103 Empiricos
616 3016 687 3080 adv.
713 3017 868 3082 Mathem.
891 3039 940 3082 11.
962 3034 1014 3102 54.
1042 3016 1135 3080 habet
1162 3016 1288 3096 ἐξέπτατ’

186 3125 283 3187 οἴκων.
330 3121 448 3186 Confer
464 3122 527 3184 Av.
544 3135 596 3204 35.
621 3142 691 3183 cum
718 3119 807 3184 Suid.
832 3145 860 3185 v.
884 3123 1007 3203 ἀμφοῖν.
1053 3120 1180 3206 Optime
1202 3119 1290 3185 dedit

186 3225 365 3290 διαπτάσθαι
388 3225 556 3300 Kusterus,
579 3221 630 3286 cui
653 3221 805 3286 accedunt
829 3222 970 3286 Lascaris
992 3238 1023 3286 et
1046 3222 1234 3286 Eustatbius
1255 3246 1288 3310 p.

185 3347 262 3413 452,
278 3348 332 3413 33.
347 3330 422 3413 526,
439 3325 495 3390 ult.
514 3345 604 3409 1419,
621 3344 675 3407 49.
723 3324 871 3389 Similiter
892 3326 1037 3390 errabant
1060 3325 1289 3390 Grammatico·

187 3455 256 3496 rum
274 3447 413 3496 veterum
438 3426 590 3505 nonnulli,
606 3450 677 3491 cum
702 3429 820 3511 φάσθαι
840 3429 925 3517 apud
951 3431 1128 3492 Homerum
1150 3454 1289 3510 προπερι-

187 3533 341 3599 σπαστέον
365 3529 605 3597 contendebant.
652 3532 692 3594 In
721 3531 885 3618 Sophoclei
910 3530 1061 3618 Thyestae
1084 3553 1175 3595 versu
1202 3531 1289 3618 apud

186 3636 282 3702 schol.
303 3634 343 3698 ad
368 3633 520 3698 Phoeniss.
546 3652 617 3718 235.
642 3633 759 3720 ubique
785 3634 890 3698 editur
913 3636 1121 3715 κάνακιρνᾶται
1143 3632 1291 3697 mendose

185 3762 245 3827 pro
260 3738 478 3819 κάνακίμναται.
498 3736 599 3799 POR.

228 3864 260 3921 4.
293 3838 490 3926 Hesychius:
528 3835 721 3918 Ἐμετμῶσαι.
758 3840 867 3905 κώπαις
895 3840 1031 3919 ἁρμόσαι.
1079 3836 1170 3901 Dixit
1196 3837 1288 3901 etiam

187 3941 431 4027 Pseudorpbeus
441 3942 566 4026 Argon.
575 3942 651 4024 356.
663 3945 765 4023 χεῖρας
777 3941 1006 4022 ἐρετμάοαντες,
1019 3955 1164 4004 monente
1176 3939 1290 4004 Ruhn-

186 4043 277 4108 kenio
296 4043 336 4105 ad
352 4041 560 4129 Hesychium.
606 4042 732 4106 Dicitur
756 4045 918 4125 ἐρετμῶσαι
940 4041 1039 4126 χέρας,
1056 4063 1170 4107 manus
1193 4045 1290 4107 remis

185 4150 353 4221 instrucre,
372 4161 407 4208 ut
429 4147 554 4209 ὁπλίσαι
575 4143 674 4225 δέμας,
690 4150 885 4228 στεφανῶσαι
904 4145 985 4226 κάρα.
1016 4145 1288 4209 Constructionem

185 4263 268 4314 recte
289 4247 422 4334 explicat
445 4246 541 4310 schol.
565 4248 667 4328 ὤφελε
687 4248 728 4327 μὴ
750 4249 914 4329 ἔμετμῶσαι
935 4249 953 4327 ἡ
972 4249 1070 4330 Ἀργὼ
1087 4251 1140 4315 τὰς
1154 4253 1213 4311 τῶν
1227 4249 1290 4329 ἀμί-

186 4377 266 4417 σταν
285 4355 396 4434 χεῖρας.
420 4349 535 4413 ELM.
581 4350 731 4413 Nonnum
754 4350 934 4436 frequenter
958 4350 1016 4414 hac
1037 4350 1173 4414 formula
1196 4371 1288 4414 usum

186 4477 252 4521 esse
265 4452 426 4519 annotavit
442 4451 653 4518 Ruhnkenius
667 4452 707 4518 ad
723 4476 847 4518 versum
863 4452 1050 4541 Orphicum.
