2864 4914
479 304 545 367 AD
569 303 837 368 SUPPLICES.
1142 302 1207 365 415

156 479 214 560 (3.)
240 476 441 557 Παραιβόται,
464 499 518 540 seu
540 478 728 558 Παραβύται,
749 476 931 559 (ἐπεμβάται
946 497 1009 539 ver.
1022 473 1098 559 585.
1113 474 1205 558 685.)

109 587 305 665 pugnatores
330 599 370 641 ea
395 580 550 643 curribus.
597 580 643 642 Hi
667 579 935 644 constituebantur
959 576 1000 642 ad
1030 574 1207 664 sepulerum

112 679 311 766 Amphionis.
357 682 408 745 De
431 703 539 744 eorum
562 683 654 746 Duce
675 681 794 758 siletur,
816 680 892 768 quia
912 679 988 744 nihil
1012 679 1208 768 praeclarum,

112 798 144 847 et
161 782 246 868 quod
268 783 308 846 ad
327 782 481 847 victoriam
505 783 616 847 eximie
637 784 802 862 conferret,
816 783 857 848 ab
878 783 926 846 his
947 798 1070 869 gestum
1093 805 1208 847 memo-

113 903 211 948 ratur.
256 887 306 949 De
329 885 376 949 his
394 887 465 951 vide
479 886 740 974 Oudendorpium
755 886 797 951 ad
812 886 932 951 Thorn.
948 885 1150 973 Magistrum,
1167 886 1208 949 V.

112 986 283 1067 Ἐπίκωποι,
300 1012 331 1074 ρ.
346 991 419 1075 348.

157 1092 220 1154 Hae
237 1108 298 1156 tres
313 1106 416 1180 partes
429 1094 583 1158 exercitus
594 1094 709 1160 Thesei
721 1108 919 1158 recensentur
929 1113 1025 1179 supra
1038 1090 1070 1154 iu
1082 1091 1208 1157 duobus

113 1193 234 1269 iambis,
250 1217 280 1258 v.
294 1214 369 1279 595.

198 1295 284 1360 πάντ’
300 1297 380 1379 ἄνδρ’
396 1301 531 1379 ὁπλίτην,
547 1301 684 1382 ἁρμάτων
698 1299 721 1363 τ’
739 1298 922 1379 ἐπεμβάτην,

198 1402 396 1480 μοναμπύκων
410 1428 442 1466 τε
457 1402 591 1485 φάλαρα,
607 1417 665 1467 etc.

115 1502 304 1567 Locutiones
327 1502 446 1591 aliquot
469 1506 536 1591 jam
564 1504 766 1593 explicandae.
800 1502 1029 1586 Στρατενμύταν
1054 1501 1103 1566 Ιιία
1128 1501 1209 1566 sorte

114 1602 285 1688 significare
298 1620 400 1692 potest
412 1617 556 1687 coetaunr,
573 1623 718 1696 utsupra
738 1607 843 1672 monui
859 1606 898 1670 ad
915 1628 944 1670 v.
960 1609 1035 1670 611.
1049 1627 1110 1668 non
1125 1603 1206 1668 enim

113 1720 201 1769 erant
216 1721 277 1770 tres
290 1709 455 1787 exercitus,
469 1711 522 1774 sed
540 1734 621 1775 unus
637 1725 771 1788 tantum,
787 1733 826 1775 ex
848 1708 979 1774 diversis
999 1710 1209 1791 στρατεύμασι,

114 1831 168 1872 seu
198 1808 358 1874 hominum
388 1812 520 1877 coetibus
548 1827 578 1878 et
607 1812 849 1878 collectionibus.
881 1811 925 1876 sie
961 1811 1087 1893 στρατὸς
1121 1809 1209 1898 apud

115 1911 258 1996 Sophocl.
271 1913 421 1978 Trachin.
429 1916 542 1981 808.et
552 1916 691 1998 Electr.7
695 1936 747 2001 51.
758 1915 888 1980 Pindar.
899 1914 1050 2003 Pyth.10.
1064 1912 1209 2001 AEsehyl.

114 2012 146 2074 in
162 2015 295 2079 Eumen.
312 2019 387 2101 569.
403 2037 478 2100 572.
505 2018 584 2083 Vide
598 2019 803 2082 Ammonium
819 2017 857 2081 V.
873 2017 1013 2098 Στρατύς.

157 2118 364 2198 Τεταγμένσνς
378 2122 474 2198 δεξιὸν
489 2121 574 2202 κέρας
591 2125 633 2204 (v.
646 2123 733 2204 667.)
750 2135 940 2207 potestesse,
953 2117 1011 2196 vel,
1024 2120 1098 2181 rard
1112 2117 1212 2197 δεξιὸν

117 2217 218 2299 κέραιε
243 2219 292 2283 vel
308 2221 404 2299 δεξιὸν
418 2223 505 2304 κέρας
518 2236 622 2311 potest
635 2247 700 2287 esse
714 2221 922 2309 appositivum
937 2220 978 2284 ad
993 2219 1154 2301 οἰκήτορας.

159 2321 302 2385 Creontis
329 2346 415 2402 vero,
444 2348 499 2389 seu
530 2326 756 2390 Thebanorum
784 2324 948 2403 exercitus,
976 2322 1084 2387 eodem
1118 2325 1212 2409 plane

116 2424 208 2486 modo
229 2447 294 2509 quo
316 2426 443 2505 Thesei,
465 2445 531 2493 erat
550 2429 732 2508 instructus,
755 2450 826 2492 eum
850 2426 975 2491 duobus
998 2424 1155 2503 cornibus,
1178 2441 1211 2491 et

115 2525 286 2611 equitibus,
302 2543 334 2592 et
352 2530 496 2596 curribus
516 2534 668 2620 oppositis
686 2532 816 2597 invicem
839 2538 900 2597 τοῖς
915 2528 1041 2594 Thesei.
1056 2529 1209 2593 MARK.

117 2628 201 2693 Mihi
226 2653 245 2694 a
269 2632 336 2696 viro
359 2634 535 2701 doctissimo
560 2635 730 2701 necessario
752 2650 784 2699 et
806 2635 856 2699 hic
881 2630 1124 2697 dissentiendum
1153 2646 1211 2698 est.

116 2734 233 2812 Primo,
250 2738 440 2818 παραιβάται,
456 2740 548 2828 pauci
565 2739 735 2805 admodum
758 2760 899 2814 numero,
915 2736 1132 2817 στρατεύματος
1153 2757 1209 2799 no-

115 2835 197 2900 mine
222 2837 377 2926 designari
403 2843 455 2907 vix
483 2859 635 2932 poterant.
680 2839 803 2906 Deinde
831 2839 923 2904 etiam
949 2837 1118 2926 equitatus,
1145 2837 1211 2902 duo

116 2939 269 3004 exercitus
284 2941 379 3008 latera
393 2946 545 3026 muniens,
561 2947 626 3011 duo
639 2946 774 3033 agmina,
791 2966 853 3008 non
874 2964 972 3007 unum
993 2938 1210 3006 eonstituebat.

117 3042 268 3118 Quaenam
296 3044 391 3131 igitur
416 3048 474 3113 tria
499 3063 572 3113 sunt
594 3051 718 3137 agmina
741 3047 791 3111 hic
819 3069 839 3110 a
861 3045 987 3110 Nuneio
1015 3049 1211 3109 memorata?

118 3143 242 3230 Nempe
270 3162 332 3211 tres
359 3150 501 3236 peditum
529 3151 682 3230 cohortes,
712 3171 847 3236 quorum
876 3170 938 3211 una
967 3170 1075 3211 versus
1101 3145 1212 3211 collem

119 3244 289 3311 Ismenium
314 3252 473 3333 tendebat,
497 3254 567 3332 alia,
591 3254 716 3319 Theseo
737 3252 829 3330 duce,
850 3249 997 3314 dextrum
1015 3271 1110 3312 cornu
1134 3248 1215 3313 obti-

116 3347 223 3427 nebat,
242 3351 331 3418 tertia
345 3378 384 3420 ex
399 3357 518 3422 Paralia
535 3373 689 3435 constans,
702 3355 743 3419 ad
762 3356 892 3418 Fontem
909 3350 1025 3415 Martis
1046 3350 1216 3415 constituta

116 3465 192 3516 erat.
238 3455 324 3523 Situs
338 3459 488 3541 locorum,
504 3476 541 3525 ut
553 3484 573 3525 a
588 3458 744 3524 Pausania
758 3456 903 3533 traditur,
917 3453 960 3518 ita
975 3477 1007 3518 se
1021 3453 1134 3519 habet:

471 4236 557 4298 Fons
643 4235 800 4298 Dextrum

472 4344 587 4471 Mirtis
671 4407 778 4471 Cornu
