2864 4914
561 300 629 362 AD
651 299 876 365 MEDEAM.
1202 298 1267 363 285

211 468 282 531 818.
299 468 389 556 γονή]
405 495 453 551 γρ.
469 471 557 552 γύναι
570 471 615 534 Α.

211 576 283 654 819.
307 575 361 636 ούν
383 570 484 660 μέσῳ]
510 574 603 637 Rom.
628 574 718 639 A.D.
744 572 892 656 ούμμέσιο.
931 573 996 636 Pro
1025 572 1060 636 έν
1084 567 1168 656 μέσῳ
1192 569 1266 635 olim

167 673 315 759 scriptum
334 674 453 756 έμμέοο
469 689 573 739 monet
589 674 812 741 Valckenarius
833 675 873 740 ad
897 675 1011 740 Pboen.
1025 691 1100 759 592.
1117 673 1212 737 Rom.
1227 673 1267 737 C.

168 776 285 855 ούμέσιο
300 793 373 841 ante
386 800 465 843 corr.
480 778 535 843 ὁύν
548 778 631 865 μέσῳ
645 801 665 842 a
678 801 757 843 corr.
792 779 843 843 Sic
857 778 950 843 etiam
966 779 1060 841 Rom
1078 777 1116 840 B.
1133 776 1207 841 Par.
1222 777 1266 840 A.

167 878 367 943 Membranae
388 880 443 944 δύο
463 881 556 968 μέσῳ,
572 880 675 967 inquit
691 879 881 959 Bruncltius,
896 881 979 969 qatod
998 880 1028 943 al
1036 880 1132 964 μέντοι
1150 880 1267 964 μήτιδι

166 981 336 1045 editoribus
357 1004 391 1045 ae
411 984 581 1063 obtulisset,
602 1007 667 1049 οοιι
689 985 796 1050 diabilo
819 987 896 1073 quia
919 984 1145 1071 arripuissent,
1169 991 1207 1046 ut
1230 984 1267 1046 ιἰι

167 1084 265 1171 Soplt.
288 1086 362 1148 (Ed.
387 1087 428 1148 Τ.
453 1105 526 1170 939.
551 1088 643 1167 1046.
668 1088 851 1171 ὁύπιχύριοι,
876 1088 932 1152 abi
953 1095 1035 1150 recte
1056 1085 1213 1149 edidimus
1238 1086 1268 1148 ol

165 1184 321 1269 ’πιχιύριοα
360 1188 456 1251 Secus
470 1186 636 1254 videbatur
650 1190 806 1254 veteribus
820 1187 1039 1276 grammaticis.
1076 1186 1265 1274 Aristopha-

167 1310 221 1352 nes
236 1291 329 1375 Vesp.
345 1310 398 1375 34.
415 1291 537 1355 κάπειτα
551 1295 666 1360 τούτοις
684 1299 747 1359 τοῖς
768 1291 947 1372 προβάτοισι
961 1291 1098 1371 μούδύκει
1116 1289 1122 1375 Ι
1141 1291 1266 1372 δημηγο-

164 1397 230 1471 ρεῖν
244 1391 379 1473 φάλαινα
395 1396 617 1476 πανδοκεύτρια.
654 1393 756 1460 Schol.
771 1401 862 1460 Τοῖσι
883 1393 1046 1476 προβάτοις
1063 1392 1208 1473 μούδύκει.
1230 1392 1265 1456 τὸ

164 1499 285 1575 πλῆρες,
302 1499 364 1562 τοῖς
385 1495 568 1577 προβάτοισί
579 1522 629 1578 μοι
645 1499 749 1562 ἐδόκει.
774 1497 822 1562 καὶ
837 1497 977 1580 έκθλιύις
999 1497 1046 1561 rol
1069 1499 1179 1578 κρᾶσις.
1218 1494 1266 1559 Si-

165 1594 249 1660 milia
267 1612 341 1661 sunt
357 1598 565 1685 μαντευομένῳ
586 1601 757 1685 μοῦχρησεν
770 1598 846 1666 ibid.
868 1619 938 1685 159.
956 1597 1066 1684 ᾆοτέον
1078 1598 1265 1680 μούγκιύμιον

166 1699 252 1763 Nub.
274 1718 366 1783 1209.
390 1702 511 1779 έμούοτι
535 1703 659 1781 κιβωτὸς
680 1704 761 1768 πλέα
783 1706 847 1789 Eq.
863 1705 936 1787 996.
959 1702 1047 1768 αύτύς
1066 1726 1103 1785 γε
1121 1701 1179 1782 μέν
1199 1702 1265 1766 τού-

165 1810 284 1883 φασκεν
300 1800 386 1865 Eccl.
397 1821 470 1881 410.
488 1803 627 1885 μεγάλων
641 1805 699 1887 γάρ
712 1807 837 1885 μούστὶν
852 1805 973 1888 άγαθιδν
986 1805 1077 1871 αἴτιος
1092 1803 1179 1868 Plut.
1191 1803 1264 1889 829.

165 1901 271 1965 Aldus
293 1901 385 1965 etiam
407 1902 493 1989 apud
517 1904 702 1992 Euripidem
719 1918 751 1969 et
766 1904 1011 1993 Aristophanem
1032 1901 1131 1966 sexies
1152 1905 1187 1966 ού
1204 1901 1265 1981 ’μοὶ

164 2004 211 2067 vel
235 2005 319 2085 ὁύμοὶ
341 2004 439 2082 dedit,
462 2021 498 2070 ut
517 2005 548 2069 in
573 2007 764 2072 Praefatione
777 2005 818 2071 ad
843 2005 1006 2094 Sophoclis
1020 2004 1098 2069 OEd.
1118 2006 1159 2068 T.
1182 2026 1215 2092 p.
1231 2024 1262 2090 9.

165 2107 283 2170 monui.
307 2108 370 2171 His
385 2108 600 2196 similibusque
611 2109 761 2197 exemplis
773 2111 898 2175 tandem
911 2107 1040 2173 adducti
1051 2129 1159 2171 sumus
1173 2107 1265 2194 plari-

163 2232 238 2295 que,
254 2226 290 2275 ut
305 2233 372 2274 eam
397 2211 578 2275 sententiam
601 2213 872 2298 amplecteremur,
888 2232 982 2298 quam
1003 2210 1130 2275 duobus
1151 2208 1265 2290 verbis,

164 2337 193 2376 οι
213 2335 283 2376 mam
307 2339 322 2377 ε
332 2316 381 2400 fit
402 2338 448 2391 ov,
463 2314 615 2400 expressit
638 2314 787 2378 Matthiae
802 2315 947 2379 Gramm.
963 2313 1020 2376 Gr.
1044 2314 1075 2395 §.
1088 2314 1141 2397 56.
1161 2334 1193 2399 p.
1207 2333 1262 2399 55.

166 2413 321 2478 Dubitare
334 2436 367 2478 se
382 2413 426 2478 ait
440 2413 636 2479 doctissimus
649 2415 788 2479 Wolfius
802 2415 946 2479 Analect.
964 2414 1030 2479 Lit.
1043 2416 1088 2478 T.
1104 2435 1131 2479 1.
1146 2438 1178 2503 p.
1189 2433 1263 2503 452.

164 2531 329 2603 propteroa
343 2516 428 2602 quod
452 2515 575 2582 nullum
597 2518 742 2583 futurum
765 2518 806 2582 sit
825 2517 989 2582 discrimen
1008 2516 1122 2582 interd
1142 2519 1176 2583 έν
1189 2534 1221 2583 et
1236 2521 1265 2583 ol

165 2621 209 2697 έν,
225 2619 249 2682 si
265 2619 418 2683 scribatur
432 2623 486 2684 ούν
499 2620 594 2706 μέσῳ.
639 2621 702 2685 Sed
719 2621 777 2686 boc
791 2620 823 2684 in
839 2619 906 2684 aliis
920 2619 1061 2685 crasibus
1082 2643 1165 2708 saepe
1186 2621 1265 2685 aoei-

163 2720 219 2784 dit.
266 2721 397 2785 Nullum
413 2722 577 2787 discrimen
591 2739 650 2803 est,
667 2722 753 2787 verbi
771 2744 891 2800 caussa,
907 2722 988 2786 inter
1009 2721 1211 2787 indicativum
1232 2737 1265 2788 et

163 2823 395 2910 subjunctivum
413 2825 579 2890 verborum
597 2840 827 2890 contractorum
850 2825 881 2889 in
905 2829 954 2889 ἂν.
999 2823 1183 2890 Notandum
1205 2849 1263 2892 au·

164 2941 225 2990 tem
240 2926 324 3006 μέσω
340 2926 406 2990 sine
423 2953 434 2990 ι
454 2927 639 3015 subscripto,
655 2927 741 3015 quod
756 2926 898 2992 consulto
912 2927 1060 2992 omissum
1075 2945 1133 3008 est,
1148 2944 1186 2994 ut
1199 2951 1265 2994 mo-

164 3028 218 3092 nui
233 3028 273 3091 ad
291 3029 419 3093 Heracl.
437 3047 505 3112 174.
527 3032 644 3095 ELM.

207 3131 278 3197 822.
294 3131 382 3212 λέξρς
398 3132 574 3197 Elmsleius.
598 3133 697 3212 λέξεις
718 3131 800 3197 libri.
833 3139 856 3172 ‘⁶
869 3132 1026 3198 Soloecum
1047 3132 1123 3196 mihi
1139 3132 1264 3198 videtur

162 3232 260 3312 λέξεις
282 3237 314 3298 δὲ
335 3237 438 3315 μηδὲν,
463 3235 527 3300 sive
548 3235 855 3299 natumnatum
875 3234 1133 3300 reddanturhaec
1156 3236 1263 3317 verba,

162 3336 227 3400 sive
245 3337 329 3400 aaliz
349 3348 453 3401 autem
475 3338 573 3402 dicas.
619 3337 682 3401 Illo
704 3358 794 3401 sensu
814 3336 911 3415 λέξεις
931 3335 954 3400 δ’
976 3338 1063 3402 οὐδὲν
1083 3336 1262 3417 dicendum,

163 3435 221 3502 hoc
247 3438 336 3525 λέξῃς
358 3442 390 3502 δὲ
415 3440 517 3519 μηδέν.
564 3438 734 3527 Sophocles
758 3441 837 3503 Ant.
860 3439 913 3523 96.
935 3440 1078 3518 πεέοομαι
1104 3443 1163 3522 γὰρ
1185 3440 1246 3528 ot}

162 3545 307 3604 τοσοῦτον
329 3542 427 3618 οὐδὲν,
450 3540 529 3607 ὥστε
548 3542 589 3622 μὴ
611 3542 647 3606 ού
667 3547 764 3609 καλῶς
783 3546 895 3606 θανεῖν.
935 3539 1018 3605 lbid.
1034 3544 1086 3623 84.
1101 3541 1189 3606 Ἀλλ’
1209 3544 1264 3609 οὖν

162 3644 351 3729 προμηνύσῃς
365 3670 402 3726 γε
415 3649 500 3708 τοῦτο
513 3644 616 3724 μηδενὶ
635 3641 641 3730 Ι
659 3645 796 3726 τοῦργον,
813 3646 909 3729 κρυφῇ
925 3644 957 3706 δὲ
973 3647 1068 3709 κεῦθε.
1115 3645 1167 3710 Sic
1181 3661 1264 3710 recte

162 3744 235 3809 edd.
255 3768 374 3822 omnes,
397 3761 584 3832 praetereas
606 3767 680 3832 quae
701 3743 923 3808 Triclinianam
947 3745 1154 3811 recensionem
1176 3747 1264 3813 exhi-

162 3846 248 3923 bent,
264 3848 296 3910 in
311 3847 428 3933 quibus
443 3847 558 3934 legitur
571 3848 779 3928 προμηνύοεις.
824 3846 914 3910 Male
934 3846 1031 3933 igitur
1045 3848 1105 3913 boc
1119 3850 1264 3938 exemplo

162 3949 261 4013 futuri
300 3972 360 4036 pro
388 3948 573 4036 imperativo
601 3947 694 4035 positi
725 3948 825 4011 utitur
855 3947 1002 4012 Mattbiae
1032 3950 1175 4016 Gramm.
1204 3954 1261 4018 Gr.

163 4053 193 4132 ξ.
207 4067 281 4133 511.
297 4072 329 4136 5.
365 4051 472 4138 Magis
490 4050 531 4114 ad
554 4074 618 4114 rem
635 4064 681 4114 est
695 4048 919 4138 Aristophanis
942 4049 1151 4116 testimonium
1177 4052 1261 4119 Plnt.

162 4155 237 4234 487.
252 4152 338 4218 Ἀλλ’
354 4155 408 4233 ἤδη
430 4159 506 4236 χρῆν
520 4179 549 4217 τι
568 4154 671 4234 λέγειν
684 4155 759 4233 ύμᾶς
774 4153 884 4234 σοφὸν,
900 4151 923 4238 ᾧ
946 4153 1081 4233 varicare
1103 4157 1186 4236 τηνδὶ
1204 4155 1210 4243 Ι
1230 4159 1264 4222 έν

163 4262 242 4320 τοῖσι
271 4258 375 4338 λύγοις
404 4256 622 4338 ἀντιλέγοντες·
644 4255 781 4336 μαλακὸν
808 4255 832 4320 δ’
860 4258 1006 4322 ένδιύσετε
1031 4259 1132 4338 μηδέν.
1178 4259 1261 4324 Sub·

159 4358 321 4444 junctivus
344 4360 451 4423 ένδῶτε
473 4380 544 4422 cum
571 4373 670 4423 metro
693 4372 857 4445 repugnet,
883 4358 1072 4423 constructio
1095 4360 1261 4425 verborum

162 4459 299 4540 μαλακὸν
321 4459 344 4523 δ’
366 4463 512 4526 ἐνδώσετε
534 4462 626 4540 μηδὲν
645 4459 689 4525 ita
711 4460 841 4526 fortasse
860 4458 1046 4548 explicanda
1068 4475 1125 4528 est.
1170 4462 1262 4528 Dixit
