2864 4914
319 306 387 370 AD
411 306 714 373 IPHIGENIAM
739 306 1071 372 AULIDENSEM.
1184 304 1248 370 465

148 475 342 563 Argivorum
358 478 527 543 exercitum
550 501 610 543 non
634 502 699 544 esse
720 478 794 544 satis
815 479 998 544 habiturum
1022 475 1197 565 Iphigeniae
1217 477 1249 540 in

148 579 257 643 castris
278 581 438 668 praesentis
459 579 641 645 sacrificium
664 581 833 668 postulare,
852 581 905 646 sed
928 580 1021 645 etiam
1037 581 1250 667 Agamemno-

150 701 220 743 nem
236 705 308 746 cum
323 706 360 747 ea
374 683 501 747 domum
518 682 691 769 fugientem
711 697 928 770 persecuturos
943 705 1094 769 suamque
1108 681 1247 770 ipsorum

152 784 262 847 urbem
277 785 393 870 regiam
407 785 619 849 crudelissime
638 808 704 850 esse
721 799 907 865 vastaturos,
923 785 999 850 mihi
1013 784 1141 873 quidem
1164 784 1251 869 inep-

152 898 220 948 tum
244 886 370 951 videtur
394 901 426 951 et
452 887 493 951 ab
522 887 671 974 scriptore
701 887 814 952 borum
840 910 987 952 versuum
1017 887 1056 951 iis
1080 901 1127 952 est
1151 885 1254 950 verbis

152 986 355 1075 descriptum,
395 1013 468 1076 quae
505 989 747 1054 Vandalicorum
785 990 1058 1077 Turcicorumque
1100 988 1254 1057 bellorum

154 1089 335 1175 scriptorem
354 1091 451 1178 magis
466 1091 596 1155 deceant
611 1114 705 1177 quam
722 1091 920 1178 Euripidem.
954 1092 1027 1155 Non
1043 1089 1147 1154 miuus
1161 1089 1256 1154 stulte

154 1193 363 1279 excogitatum
381 1193 528 1280 estquod
545 1193 658 1258 Ulixes
676 1193 814 1280 Argivos
835 1216 901 1258 esse
918 1193 1067 1280 jussurus
1086 1192 1202 1256 dicitur
1221 1206 1257 1256 ut

154 1295 214 1381 ipsi
229 1318 291 1359 nou
306 1296 405 1359 solum
421 1318 547 1359 manum
564 1296 675 1382 virgini
691 1296 889 1375 admoveant,
906 1296 1066 1362 sedetiam
1083 1297 1257 1382 Agamem·

156 1418 268 1461 nonem
303 1396 549 1484 Menelaumque
585 1398 781 1463 interficiant.
827 1399 884 1465 Ab
912 1401 1034 1475 eodem,
1062 1413 1098 1463 ut
1123 1397 1257 1474 videtur,

155 1500 305 1585 scriptore
328 1500 451 1564 conficti
474 1514 548 1564 sunt
573 1523 681 1564 versus
709 1504 932 1587 1264=1275.
955 1501 1012 1587 qui
1036 1500 1149 1589 prioris
1177 1499 1260 1563 illius

157 1601 274 1665 inventi
296 1600 512 1666 crudelitatem
534 1602 620 1667 coede
644 1626 784 1666 sororum
809 1603 985 1690 Iphigeniae
1003 1618 1109 1691 auget.
1148 1603 1261 1690 Longe

158 1703 347 1769 moderatius
362 1704 534 1791 Euripides
547 1728 579 1768 v.
595 1707 686 1789 1346.
702 1729 787 1792 seqq.

199 1807 274 1891 528.
300 1832 347 1871 νιν
361 1806 491 1871 codices.
516 1812 570 1873 νῦν
591 1806 668 1870 Ald.
700 1809 779 1871 δόκει
801 1807 833 1870 in
853 1813 947 1875 boreis
969 1807 1156 1872 mutandum
1177 1807 1262 1872 vide-

158 1909 252 1973 batur
267 1909 471 1996 Musgravio:
496 1932 561 1996 quo
575 1909 659 1974 facto
675 1909 830 1974 sententia
844 1908 902 1974 erit
919 1909 1142 1996 interrogativa
1155 1911 1262 1975 οὔκουν

158 2013 323 2084 -θόσειν;

202 2133 277 2199 531.
300 2114 343 2180 οἷς
361 2111 508 2176 Matthiae
528 2111 624 2176 editio
638 2136 676 2177 ex
691 2114 870 2201 conjectura
885 2112 1067 2200 Tyrwhitti.
1113 2113 1204 2178 Libri
1219 2114 1261 2190 ὃς,

159 2214 246 2302 quod
263 2213 481 2279 revocandum.
528 2214 679 2279 Refertur
693 2215 732 2279 ad
750 2241 808 2293 νιν,
823 2215 844 2278 i.
860 2240 888 2279 e.
903 2215 945 2279 ad
961 2214 1097 2280 Ulixem.

204 2334 278 2403 535.
303 2315 513 2398 ἆνορπόσουσι
534 2316 684 2380 Matthiae
705 2317 801 2381 editio
816 2341 855 2381 ex
874 2317 1053 2404 conjectura
1068 2316 1261 2383 Marklandi.

163 2421 226 2484 Hic
241 2442 369 2506 quoque
384 2418 533 2483 librorum
550 2419 741 2484 restituenda
757 2421 911 2506 scriptura
926 2419 1157 2500 ξυναρπόσοοσι.

204 2522 389 2608 544-558.
420 2523 536 2585 Versus
565 2521 662 2608 hujus
691 2521 829 2608 strophae
862 2521 905 2585 sic
934 2537 1007 2586 sunt
1037 2520 1198 2607 digerendi
1227 2538 1264 2586 ut

160 2650 193 2690 v.
208 2627 391 2711 544-546.
406 2625 766 2705 μάκαρες-Ἀφροδίτας,
789 2623 881 2686 etde
904 2622 1031 2709 reliquis
1054 2622 1117 2686 bini
1133 2622 1264 2709 quique,

161 2728 193 2791 in
211 2750 309 2793 unum
326 2749 447 2791 versum
463 2725 696 2814 conjungantur
710 2725 889 2813 pariterque
903 2725 935 2789 in
950 2725 1146 2813 antistropbo
1155 2744 1175 2810 5
1176 2746 1264 2811 59-

161 2849 280 3015 57347.
309 2931 510 2994 Constructio
534 2941 597 2993 est:
621 2928 806 3013 χρησόμενοι
834 2934 983 3017 γαλανείᾳ
1010 2933 1198 3014 μαινομένων
1223 2936 1265 2998 ol·

164 3060 274 3115 στρων,
291 3033 521 3119 tranquillitate
542 3031 581 3096 ab
598 3033 713 3095 imario
734 3034 853 3096 ardoris
874 3036 999 3121 effectu,
1016 3049 1052 3098 ut
1070 3042 1129 3098 τῶν
1144 3037 1265 3118 ἆφροδι-

164 3136 240 3198 σίων
252 3133 351 3216 εἰρήνη
366 3134 414 3196 καὶ
429 3133 584 3213 ἐλευθερία
597 3153 649 3218 ap.
659 3131 782 3196 Platon.
798 3134 880 3219 Rep.
895 3154 921 3198 1.
937 3158 969 3219 p.
984 3155 1054 3220 151.
1071 3138 1264 3201 MATTH.

207 3237 282 3320 548.
297 3235 497 3319 μαινομένων]
516 3231 668 3313 μαινόμεν’
685 3232 768 3297 libri.
807 3234 951 3298 Correxit
966 3235 1125 3301 Reislrius.

208 3360 284 3423 549.
301 3341 318 3401 ὁ
333 3337 476 3402 additum
492 3359 531 3400 ex
551 3337 625 3398 Par.
642 3337 680 3398 Β.
698 3334 783 3399 Flor.
801 3354 830 3401 2.
869 3337 909 3401 In
933 3336 1018 3419 Elor.
1038 3359 1065 3401 1.
1081 3354 1126 3402 est
1142 3339 1265 3420 δίδυμ’ὁ

165 3443 353 3522 χρνσοκόμας
368 3439 448 3520 ἔρως.

207 3559 391 3626 549-552.
419 3539 595 3604 Athenaeus
620 3558 667 3624 13.
695 3561 725 3625 p.
749 3544 813 3624 562
835 3542 874 3604 F.
900 3540 968 3604 haec
994 3554 1028 3605 ut
1055 3541 1267 3607 cheremonis

166 3646 302 3732 profert:
328 3645 528 3725 Θεόφραστος
543 3641 567 3705 δ’
584 3643 618 3705 ἐν
632 3646 672 3726 τῷ
690 3640 837 3728 Ἐρωτικῷ
851 3643 1025 3725 Χαιρήμονα
1039 3654 1115 3727 φησι
1129 3645 1182 3709 τὸν
1196 3671 1265 3727 τρα·

166 3748 251 3829 γικὸν
265 3746 379 3828 λέγειν,
397 3747 436 3812 ὥς
458 3744 511 3808 τὸν
532 3743 616 3807 οἶνον
632 3749 691 3806 τῶν
712 3744 874 3826 χρωμένων
897 3745 1094 3827 κεράννυσθαι
1115 3754 1176 3815 τοῖς
1197 3751 1266 3830 τρό-

166 3875 243 3926 ποις,
259 3852 350 3915 οὕτως
373 3847 488 3912 καὶτὸν
503 3846 633 3928 Ἔρωτα,
650 3845 683 3913 ὃς
702 3847 864 3929 μετριάζων
881 3849 938 3929 μέν
959 3853 1042 3915 ἐστιν
1062 3852 1190 3935 εὔχαρις,
1206 3854 1267 3916 ἔπι-

168 3953 336 4030 τεινόμενος
363 3953 395 4012 δὲ
421 3950 470 4013 καὶ
496 3948 696 4030 ἐπιταράττων
722 3951 947 4032 χαλεπώτατος.
979 3953 1080 4034 διόπερ
1106 3955 1122 4016 ὁ
1147 3953 1268 4033 ποιητὴς

167 4054 253 4118 οὗτος
268 4053 302 4115 οὐ
318 4057 411 4117 κακῶς
426 4051 516 4114 αὐτοῦ
531 4054 584 4117 τὰς
601 4049 738 4129 δυνάμεις
752 4056 870 4133 διαιρῶν
885 4055 969 4135 φησί·
994 4056 1110 4134 Δίδνμα
1124 4057 1182 4136 γὰρ
1196 4057 1268 4133 τόξα

169 4154 259 4217 αὐτὸν
282 4155 466 4217 ἐντείνεσθαι
488 4154 628 4235 χαρίτων,
652 4153 686 4216 τὸ
711 4155 768 4232 μὲν
794 4153 840 4218 ἔτ’
863 4157 982 4220 εὐαίωνι
1002 4159 1087 4240 τύχα,
1113 4156 1147 4219 τὸ
1171 4156 1195 4220 δ’
1219 4159 1269 4221 ἐπὶ

168 4257 314 4338 σνγχόσει
328 4261 441 4333 βιοτᾶς.
488 4253 548 4318 Sed
565 4275 699 4317 errorem
723 4254 858 4341 aliquem
880 4281 945 4320 esse
967 4256 998 4320 in
1020 4256 1166 4321 Athenaei
1189 4256 1268 4336 loco,

167 4381 208 4423 ex
223 4382 260 4421 eo
274 4357 365 4420 etiam
390 4355 539 4442 suspicor,
555 4355 640 4441 quod
659 4355 757 4436 Ἔρως
780 4360 899 4441 εὔχαρις
914 4374 1051 4435 vocatur,
1065 4383 1130 4445 quo
1145 4360 1268 4424 nominc

168 4459 266 4545 ipsam
292 4459 442 4522 Venerem
472 4456 504 4520 in
529 4457 636 4522 eodeni
665 4474 852 4542 argumento
874 4460 1015 4547 designat
1043 4462 1212 4549 Euripides
1237 4464 1268 4527 in

692 4557 752 4621 uh
