2864 4914
448 302 514 363 ΑΙ)
538 298 936 365 ANDROMACHAM.
1175 296 1240 358 888

190 474 281 552 1176.
297 474 369 535 πόλι
384 473 461 536 Ald.
476 474 565 538 πόλις
577 471 698 535 codices
712 486 743 534 et
760 471 850 534 Lase.

187 573 363 660 Θεσσαλία]
381 573 549 637 Notandus
563 573 659 660 hujus
672 571 816 659 adjectivi
833 594 918 648 usus,
933 568 1019 656 quod
1032 568 1122 633 metri
1132 591 1241 633 caussa

141 695 201 760 pro
217 673 331 737 usitato
346 677 509 742 Θεσσαλός
527 674 716 739 dictumest.
761 674 940 741 Θεσσαλίας
954 673 1040 737 Flor.
1056 673 1097 736 A.
1114 694 1153 735 ex
1168 692 1241 735 con-

137 774 272 859 jectura,
289 791 324 839 ut
342 774 477 852 videtur,
493 775 619 841 librarii.

188 892 280 960 1177.
302 878 401 943 οὐκέτι
421 878 511 943 τέκνα
532 881 667 944 λείπεται
688 882 777 946 οἴκοις
793 879 840 942 Η.
862 877 961 943 οὐκέτι
976 879 1112 942 λείπεται
1133 879 1241 940 οἴκοισι

142 979 227 1041 Flor.
244 983 289 1042 A.
312 982 410 1046 οὐκέτι
431 983 567 1046 λείπεται
587 985 677 1048 οἴκοις
691 979 777 1045 Flor.
795 999 824 1046 2.
848 980 945 1045 οὐκέτι
965 976 1077 1044 λείπετ’
1099 980 1241 1045 ἐνοίκοις

143 1082 244 1144 Ταιιι.
261 1083 328 1146 Gu.
1232 1153 1233 1157 ,

187 1201 278 1269 1179.
302 1182 325 1250 ῶ
347 1185 487 1268 σχέτλιος
508 1184 629 1250 παθέων
643 1187 701 1268 ἐγώ
717 1186 792 1249 Par.
809 1186 904 1250 A.H.
950 1182 1053 1269 Vulgo
1071 1181 1094 1247 ῶ
1112 1183 1241 1266 σχέτλια

140 1288 244 1350 παθῶν
260 1287 329 1369 ἒγῶ.

185 1389 237 1474 εἴς]
259 1387 465 1453 Scribendum
482 1391 521 1456 ἐς.
1203 1462 1215 1493 ⁰

188 1493 280 1554 1180.
318 1490 427 1577 φίλον]
458 1489 591 1555 Codices
622 1489 763 1577 plerique
795 1506 827 1555 et
864 1491 956 1554 Lasc.
994 1492 1103 1572 φίλων.
1141 1493 1241 1573 φίλων

142 1592 217 1654 Ρατ.
235 1594 278 1656 A.

182 1693 311 1774 βόλλων
326 1694 402 1759 Ald.
424 1696 532 1775 βαλὼν
547 1696 638 1758 Lasc.
654 1711 685 1759 et
699 1694 820 1759 codices
835 1710 955 1759 tantum
971 1717 1031 1758 non
1046 1717 1163 1759 omnes.

186 1796 278 1861 1182.
301 1795 349 1860 ὕπ’
366 1799 440 1861 Par.
458 1800 500 1860 A.
521 1813 737 1862 acorrectore.
783 1799 928 1861 Fortasse
950 1798 984 1861 ἐν
1006 1797 1155 1883 scriptum
1178 1797 1240 1862 fuit

140 1913 241 1962 antea.

188 2002 279 2077 1184.
304 2000 388 2067 οὗτός
410 2003 515 2082 (οὕτως
532 2002 603 2064 Par.
622 2004 680 2084 A.)
697 2000 721 2064 τ’
738 2001 775 2066 δν
790 2002 829 2068 ὥς
848 2003 880 2064 ἑκ
900 1999 999 2086 τῶνδ’]
1018 2002 1103 2067 οδτος
1115 2003 1173 2080 μὲν
1186 2004 1241 2067 οὖν

141 2103 174 2165 ἐκ
199 2101 282 2165 τῶνδ’
308 2101 384 2165 Ald.
408 2101 538 2166 lectione
563 2102 750 2189 interpolata
774 2118 903 2189 propter
926 2102 1072 2166 omissum
1098 2102 1241 2167 inlibris

141 2203 328 2289 quibusdam
345 2207 394 2271 ῶς.

185 2308 223 2373 ῶς
239 2309 271 2370 ἐκ
285 2307 384 2392 τῶνδ’]
405 2307 500 2393 Soph.
517 2308 574 2393 Aj.
585 2323 659 2393 537.
674 2309 705 2371 τί
718 2305 777 2385 δῆτ’
794 2307 831 2370 ἂν
843 2308 881 2374 ῶς
896 2309 929 2370 ἐκ
943 2305 1027 2370 τῶνδ’
1043 2307 1082 2371 ῶν
1092 2307 1243 2388 ὠφελοῖμί

141 2435 197 2482 σε;
227 2409 332 2473 Thuc.
357 2429 388 2486 2,
403 2429 435 2494 3.
460 2427 490 2491 7,
508 2428 558 2492 74.
582 2411 620 2477 ῶς
642 2412 675 2473 ἐκ
696 2415 755 2472 τῶν
777 2413 918 2473 δυνατῶν.
941 2430 975 2487 4,
998 2424 1044 2490 ¹7·
1067 2410 1106 2476 ῶς
1127 2411 1159 2473 ἐκ
1181 2415 1240 2472 τῶν

140 2513 305 2593 παρόντων.
332 2528 362 2593 7,
379 2514 432 2594 76.
454 2513 493 2579 ὦς
509 2514 542 2575 ἐκ
556 2518 615 2575 τῶν
629 2513 831 2594 ὑπαρχόντων.
878 2512 917 2574 In
941 2510 989 2574 his
1011 2512 1049 2577 ῶς
1070 2510 1239 2596 quamdam

141 2613 301 2678 minuendi
325 2613 388 2677 vim
415 2613 520 2690 habet,
545 2623 699 2701 quamam
721 2613 846 2699 quidm
865 2635 927 2699 pro
947 2613 1003 2676 Ιιοο
1024 2634 1131 2676 reram
1153 2622 1240 2677 statu

129 2717 211 2800 fieri
220 2726 332 2804 potest.
349 2718 540 2780 MATTH.

187 2819 278 2883 1186.
297 2818 320 2882 ῶ
340 2819 435 2901 γάμος
449 2818 472 2883 ‹i›
487 2819 595 2904 γόμος]
616 2820 776 2882 Lacunam
799 2833 871 2882 ante
893 2818 961 2881 haec
977 2816 1070 2881 verba
1093 2815 1240 2881 indicavit

143 2920 302 2998 Matthiae,
316 2919 371 3007 qui
387 2921 418 2984 in
431 2921 631 2986 annotatione
647 2919 883 3007 probabiliorem
901 2936 1051 2985 memorat
1063 2919 1239 2984 Hermanni

142 3021 304 3102 rationem,
327 3023 421 3088 verba
444 3023 477 3090 δς
498 3025 552 3105 (ῶς
566 3026 673 3088 Havn.
691 3025 761 3086 Par.
778 3024 837 3106 D.)
861 3022 930 3086 τόδε
952 3025 1071 3102 δόματα
1091 3022 1132 3086 ad
1155 3021 1240 3086 hunc

142 3147 265 3188 versum
291 3125 465 3202 referentis,
489 3149 528 3189 ex
552 3149 618 3212 quo
639 3124 781 3211 sequitur
802 3146 909 3187 versus
930 3124 1090 3210 proximos
1110 3125 1152 3188 sic
1174 3147 1240 3188 esse

141 3225 409 3313 redintegrandos
426 3228 474 3291 καὶ
488 3230 578 3292 πόλιν
592 3229 710 3294 ὤλεσας
721 3227 838 3292 ῶλεσας
852 3226 939 3305 δμόν.
960 3227 965 3312 Ι
985 3229 1056 3300 αἰαῖ,
1072 3225 1239 3292 ῶπαῖ-.

188 3329 279 3410 1187.
294 3329 388 3417 δμόν]
406 3329 480 3409 ἐμόν
495 3332 602 3394 Havn.
618 3328 704 3394 Flor.
722 3349 751 3393 2.
768 3347 813 3392 10.
831 3330 923 3392 Lasc.

187 3431 280 3495 1188.
297 3431 331 3495 αἴ
343 3431 377 3495 αἴ
389 3431 422 3495 al
434 3431 468 3495 αἶ
480 3430 558 3495 Ald.
576 3432 609 3496 αἴ
620 3431 681 3496 all
696 3431 713 3495 ἕ
726 3432 799 3495 Ραι.
813 3432 858 3493 A.
872 3430 957 3494 Flor.
973 3432 1016 3494 A.
1030 3448 1059 3494 2.
1073 3449 1123 3495 10.
1137 3432 1237 3495 Taur.

143 3533 207 3597 Gu.
223 3549 255 3598 et
271 3534 340 3620 (qui
357 3536 373 3599 ἔ
387 3535 421 3615 ἔ)
439 3536 533 3599 Lasc.

189 3639 279 3722 1189.
296 3639 368 3722 τῶν]
388 3641 486 3702 Error
501 3637 673 3725 typothetae
688 3658 745 3722 pro
760 3642 832 3700 σῶν.

189 3741 410 3827 1189-1192.
433 3740 523 3805 Ordo
547 3739 596 3803 hic
619 3762 684 3803 esse
707 3738 848 3803 videtur:
875 3739 989 3819 μήποτε
1010 3739 1043 3803 τὸ
1067 3741 1239 3821 δυσώνυμον

143 3841 215 3919 ἐμὸν
236 3841 324 3922 γένος
346 3850 408 3907 σῶν
427 3842 544 3926 λεχέων
563 3841 727 3927 (significat
743 3840 930 3917 Molossum,
944 3865 963 3905 a
978 3844 1185 3928 Neoptolemo
1199 3867 1236 3907 ex

142 3942 365 4009 Andromacha
387 3951 578 4033 susceptum)
599 3946 720 4027 ῶφελεν
739 3943 968 4026 ἀμφιβαλέσθαι
986 3943 1072 4027 Ἐρμ.
1089 3945 1176 4010 δίδον
1191 3947 1239 4010 ἐπὶ

142 4047 200 4110 σοί.
247 4046 349 4111 Verba
364 4051 406 4115 είς
419 4047 509 4112 τέκνα
524 4048 571 4112 καὶ
586 4046 850 4132 δόμον]ωῐιςςαόα
866 4070 938 4111 oum
960 4050 1141 4127 δνσόννμον.
1186 4049 1238 4113 Ob

142 4148 301 4227 invidiam,
315 4174 379 4236 qua
394 4149 567 4214 Hermione
581 4149 613 4213 iu
628 4148 872 4213 Andromachen
890 4149 932 4212 ob
946 4148 1045 4212 lilium
1063 4150 1237 4215 Molossum

142 4251 305 4339 flagrabat,
321 4254 463 4317 Orestem
478 4253 519 4316 ab
535 4253 708 4316 Hermione
723 4251 885 4316 incitatum
905 4274 970 4315 esse
983 4251 1024 4315 ad
1039 4252 1155 4316 caedem
1172 4255 1236 4318 Ne·

141 4354 299 4441 optolemi,
329 4355 462 4440 ideoque
491 4352 665 4417 Molossum
695 4375 818 4417 oausam
848 4375 914 4416 esse
941 4350 1035 4416 caedis
1064 4352 1238 4438 suspicatur

143 4456 266 4520 Peleus.
296 4456 454 4540 Ἑρμιόνος
480 4455 577 4536 δίδον,
597 4457 768 4543 perniciem
793 4455 833 4518 οδ
857 4455 1031 4518 Hermione
1054 4455 1236 4541 preficiunt.
