2864 4914
499 311 564 374 AD
588 309 924 375 HIPPOLYTUM.
1196 308 1261 378 819

168 482 327 559 Furentis,
342 492 410 545 tum
423 480 526 558 Jovis,
539 495 606 545 tum
620 480 862 569 Amphitryonis
875 478 959 544 filius
973 478 1128 544 Hercules
1138 477 1265 545 dieitur.

167 586 247 662 Quae
262 584 301 648 ad
319 583 433 646 Thesei
450 598 593 670 parentes
614 597 754 670 spectant
771 581 926 670 congessit
941 581 1103 646 Meursius
1116 581 1147 645 in
1165 580 1263 647 Thes.

165 711 193 751 c.
211 708 236 751 1.
255 687 403 751 MONK.

213 792 303 873 1285.
322 790 395 872 αὐδᾷ
411 787 517 875 vulgo.
541 789 618 853 αῦδῶ
634 787 720 852 Flor.
737 790 779 851 A.
799 789 845 872 [et
858 787 982 872 Ham]
1000 801 1101 850 recte:
1125 783 1266 850 solebant

166 890 248 955 enim
266 890 308 953 dii
325 890 490 977 Euripidei
511 890 684 955 istiusmodi
705 889 848 955 formulis
869 910 980 952 nomen
1005 910 1096 951 suum
1119 887 1265 952 indicare.

167 996 268 1057 Orest.
283 996 373 1073 1642.
390 995 504 1071 Φοῖβός
518 991 547 1055 α’
563 995 580 1056 ὀ
594 997 709 1071 Λητοῦς
723 999 793 1058 παῖς
808 989 850 1055 ὅδ’
867 990 957 1072 ἐγγὺς
978 989 1020 1054 ὢν
1035 996 1125 1055 καλῶ.
1150 990 1265 1055 Bacch.

170 1116 261 1180 1340.
284 1094 373 1158 Ταῦτ’
395 1096 463 1177 οῦχὶ
485 1099 593 1173 θνητοῦ
613 1093 723 1175 πατρὸς
745 1095 883 1176 ἑκγεγὸς,
906 1092 987 1176 λέγω
1003 1095 1160 1167 Διόνυσος,
1184 1095 1267 1158 ἀλλὰ

169 1200 273 1277 Ζηνός.
299 1195 414 1260 Helen.
429 1197 521 1280 1663.
536 1196 636 1260 δισσοὶ
651 1197 685 1260 δέ
700 1222 737 1260 σε
750 1198 911 1277 Διόσκοροι
926 1201 1085 1276 καλοῦμεν.
1103 1196 1254 1261 ΜΟΝΚ.

213 1301 305 1383 1289.
329 1301 447 1381 φανερὰ
466 1298 490 1362 δ’
508 1299 590 1363 εἷλέν
605 1298 633 1362 σ’
650 1301 706 1363 ἄτα
721 1298 888 1363 Dobraeus.
933 1298 1116 1384 Legebotur
1130 1303 1267 1381 φανερὰν

168 1400 192 1464 δ’
210 1402 299 1486 ἔσχες
315 1403 408 1485 (ἔχεις
423 1403 497 1466 Par.
512 1404 555 1466 E.
573 1400 658 1466 Flor.
677 1421 706 1464 2.
722 1401 790 1485 ἐχες
806 1401 913 1479 Laoc.)
931 1403 1017 1465 ἄταν.
1064 1400 1103 1463 In
1120 1399 1207 1465 Flor.
1221 1403 1264 1466 A.

173 1505 321 1587 φευκτέον
336 1503 409 1568 δείλ’
429 1503 491 1585 (vel
506 1503 590 1587 δεῖλ]
608 1506 694 1568 όταν.
719 1506 793 1582 ἄτην
806 1518 853 1568 est
867 1503 899 1568 in
915 1504 1003 1568 Flor.
1022 1520 1102 1590 215
1121 1506 1167 1569 H.

212 1607 282 1690 tra]
303 1605 507 1671 scribendum
524 1608 589 1685 61η.

215 1728 305 1793 1290.
324 1711 396 1794 πῶς]
413 1716 475 1778 πῶς
489 1708 513 1774 δ’
530 1707 615 1773 Flor.
632 1712 674 1773 A.
689 1729 737 1773 10.

215 1829 309 1892 1292.
325 1811 450 1901 πτηνὸς]
467 1813 578 1880 πτανὸς
593 1811 680 1876 Flor.
698 1831 727 1878 2.
743 1831 792 1896 15.

215 1932 308 1998 1293.
329 1913 405 1978 τοῦδ’
423 1912 651 1978 Wokefieldus.
698 1914 880 2000 Legebstur
894 1912 983 1978 τόνδ’.
1006 1919 1065 1978 τῶν
1080 1913 1104 1980 δ’
1121 1913 1205 1979 Flor.
1222 1917 1264 1980 A.

170 2016 295 2080 Omittit
312 2018 359 2093 H,
375 2016 406 2079 in
422 2039 487 2102 quo
501 2016 564 2080 πόδ’
582 2016 714 2100 ἀπέχεις.
737 2016 859 2101 ἀπέχεις
872 2016 965 2081 etiam
983 2019 1055 2081 Par.
1071 2018 1115 2083 A.
1136 2018 1183 2101 (in
1201 2042 1268 2107 quo

170 2141 265 2204 supro
279 2118 431 2204 scriptum
445 2118 579 2201 ἀνέχεις)
595 2133 626 2183 et
642 2118 728 2181 Flor.
742 2137 789 2183 10.

184 2237 186 2241 ’
218 2240 309 2303 1294.
337 2221 370 2284 ἐν
391 2219 418 2304 γ’
443 2219 529 2285 Flor.
550 2239 599 2304 15.
624 2221 658 2285 ἔν
679 2219 703 2284 τ’
728 2223 801 2284 Par.
827 2223 868 2285 A.
893 2221 979 2285 Flor.
1001 2223 1044 2286 A.
1065 2243 1112 2287 10.
1137 2224 1171 2287 ἐν
1194 2225 1265 2287 Par.

172 2324 305 2386 B.D.H.
322 2338 354 2386 et
367 2320 539 2386 scholiasta.
562 2329 624 2389 τοῖς
639 2323 731 2387 Laso.
747 2322 825 2387 Ald.

218 2440 308 2509 1295.
323 2425 442 2511 βιότου]
458 2426 528 2504 βίον
545 2424 630 2489 Flor.
647 2428 691 2490 A.
709 2445 756 2490 10.

218 2546 310 2613 1299.
325 2526 387 2612 ὑπ’]
409 2527 613 2592 Scribendum
631 2527 676 2593 ἐπ’
692 2551 763 2593 cum
780 2529 919 2594 Reislsio.
964 2528 1103 2615 Vulgata
1115 2528 1269 2616 scriptura

173 2653 233 2693 non
256 2644 360 2717 potest
380 2630 530 2716 exemplis
551 2630 677 2695 defendi
699 2630 846 2717 qualibus
864 2631 1049 2719 interpretes
1067 2630 1114 2696 usi
1130 2648 1215 2710 sunt,
1232 2646 1269 2697 ut

174 2733 282 2796 AEsch.
299 2734 523 2819 Agam.1562.
541 2734 588 2797 καὶ
609 2732 822 2816 καταθάψομεν
842 2735 899 2817 οῦχ
917 2734 974 2799 ὑπὸ
990 2739 1148 2814 κλαυθμῶν
1161 2739 1221 2799 τῦν
1235 2731 1272 2812 ἐξ

173 2837 269 2899 οἴκων.

217 2935 293 3022 θάνῃ
309 2937 380 3000 Par.
396 2937 479 3000 AD.
497 2935 582 3000 Flor.
598 2938 641 2999 A.
658 2956 768 3021 1015.
785 2938 829 3000 H.
875 2937 980 3024 Vulgo
995 2938 1090 3004 θάνοι.

220 3059 313 3124 1300.
330 3041 440 3121 τρόπον
451 3042 529 3124 τινὰ]
548 3044 615 3104 τινὰ
629 3043 740 3122 τρόπον
755 3040 843 3105 Flor.
858 3043 903 3105 A.
916 3061 967 3107 10.

220 3157 312 3227 1307.
337 3144 436 3222 ὥσπερ
458 3143 511 3205 οῦν
536 3143 664 3230 δίκαιον]
688 3145 789 3224 ὥσπερ
811 3143 849 3222 ἣν
871 3145 985 3207 δίκαιον
1004 3141 1080 3208 Ald.
1105 3144 1206 3226 ὥσπερ
1228 3143 1271 3208 ὢν

174 3246 287 3308 δίκαιον
302 3243 450 3308 Flor.10.
464 3263 510 3328 15.
527 3245 627 3326 ὥσπερ
644 3244 685 3309 ὢν
701 3248 811 3312 δίκαιος
826 3248 899 3309 Par.
915 3247 958 3311 A.
975 3247 1084 3310 Havn.
1129 3247 1194 3309 Hae
1210 3244 1270 3309 lec-

175 3346 273 3410 tiones
287 3361 364 3410 ortae
378 3368 444 3410 esse
459 3345 604 3410 videntur
618 3370 657 3410 ex
672 3370 719 3425 eo,
734 3370 828 3433 quam
845 3347 960 3413 habent
976 3347 1061 3411 Flor.
1078 3366 1107 3411 2.
1124 3345 1203 3410 vict.
1219 3345 1268 3411 ed.

175 3450 268 3513 Lasc.
284 3451 385 3529 ὥσπερ
400 3448 453 3511 οῦν
468 3449 590 3512 δίκαιον.
621 3448 733 3513 AEsoh.
749 3451 865 3536 Agam.
883 3469 974 3530 1140.
992 3448 1043 3513 Bl.
1059 3449 1129 3517 ἄκος
1143 3447 1167 3513 δ’
1183 3449 1270 3514 οῦδὲν

175 3551 348 3632 ἐπήρκεσεν,
364 3550 397 3614 τὸ
414 3551 454 3630 μὴ
476 3551 510 3615 οῦ
532 3553 622 3616 πόλιν
643 3554 710 3631 μὲν,
734 3553 836 3634 ὥσπερ
857 3554 910 3616 οῦν
932 3551 1006 3635 ἐχει,
1029 3556 1146 3617 ποθεῖν.
1172 3550 1269 3636 soph.

174 3654 229 3740 Aj.
246 3673 319 3738 990.
344 3654 393 3717 καὶ
413 3654 472 3733 μὴν
494 3653 537 3718 ἐτι
558 3659 624 3728 (ὢν,
640 3658 763 3736 Τεῦκρε,
779 3653 863 3719 τοῦδέ
883 3679 933 3718 σοι
947 3653 1052 3733 μέλειν
1064 3652 1180 3737 Ἐφίεθ
1196 3655 1271 3737 δνῆρ

176 3763 281 3833 κεῖνος,
296 3757 397 3838 ὥσπερ
412 3752 465 3820 οὖν
478 3755 573 3835 μέλει.
590 3755 782 3820 ΜΑΤΤΗ.

218 3858 382 3941 ἐφέσπετο]
414 3856 561 3921 ἐπέσπετο
592 3856 679 3920 Flor.
706 3876 735 3922 2.
771 3857 901 3940 ἐφέπετο
930 3859 959 3922 F
961 3857 1018 3922 lor.
1049 3861 1091 3922 A.
1130 3860 1271 3941 ἐφείπετο

177 3962 250 4023 Par.
268 3960 312 4020 A.

222 4080 314 4144 1311.
332 4061 464 4143 ἔγραφε]
482 4061 582 4138 ἔτευξε
597 4062 671 4125 Par.
687 4062 731 4126 A.
748 4076 831 4127 recte
845 4062 985 4128 fortasse.

222 4183 315 4248 1313.
330 4163 422 4246 οἴμοι]
440 4160 615 4249 Quinquies
629 4163 795 4250 repetitum
812 4163 843 4229 al
857 4163 946 4230 addit
961 4166 1008 4231 H.

222 4285 315 4350 1314.
331 4265 469 4351 οἰμόξης]
487 4263 597 4345 οἰμώξῃ
610 4265 689 4330 Ald.

224 4388 315 4453 1315.
331 4374 441 4450 σαφεῖς
455 4367 549 4454 ἐχου]
567 4366 773 4432 scribendum
790 4369 868 4452 ἔχων
884 4374 992 4451 σαφεῖς
1004 4392 1043 4433 ex
1059 4371 1132 4433 Per.
1149 4372 1193 4435 A.

225 4488 314 4556 1317.
339 4471 463 4557 ἐχθρόν]
488 4469 693 4534 scribendum
721 4472 835 4553 ἐχθρῶν
856 4493 928 4536 cum
952 4472 1110 4536 Elmsleio.
1155 4471 1273 4560 Aptior
