2864 4914
161 289 226 363 496
519 289 899 358 ANNOTATIONES

160 458 307 523 nosolone
320 457 408 537 dicit,
423 458 563 524 Pictores
576 480 596 524 a
610 459 717 524 Poetis
735 458 887 546 imagines
906 478 980 522 suas
993 456 1129 523 lomrare
1144 457 1268 523 solitos.

161 563 212 625 De
228 561 287 625 hac
302 583 336 623 re
348 560 399 625 M.
412 559 540 625 Tullius
553 561 585 625 in
600 561 681 626 libro
695 560 736 625 de
749 560 896 625 Perfecto
909 560 1111 624 Oratore-si
1124 559 1273 646 denique

161 663 269 728 Pictor
291 661 344 726 ille
368 661 446 726 vidit
470 684 570 749 quum
596 662 786 728 immolanda
811 662 988 751 Iphigenia,
1012 662 1107 727 tristis
1129 661 1272 727 Calchas

160 779 250 844 esset,
265 764 382 828 tristior
397 763 539 852 Ulysses,
555 779 700 830 moereret
721 765 899 845 Menelaus,
913 764 1144 831 obvolvendum
1168 779 1271 851 caput

160 865 409 954 Agamemnonis
422 887 506 930 esse:
529 866 678 954 quoniam
701 886 859 930 summum
878 863 968 931 illum
983 866 1102 931 luctum
1118 866 1273 952 penicillo

161 991 223 1035 non
246 983 352 1056 posset
370 967 503 1043 imitari;
527 982 586 1034 etc.
623 969 711 1034 Hine
726 967 849 1033 Plinius
861 982 917 1054 35.
939 989 966 1033 e.
985 988 1036 1033 ro.
1059 969 1180 1032 “Nam
1204 969 1271 1033 Ti-

160 1070 281 1136 manthi
294 1072 345 1136 vel
359 1070 531 1159 plurimum
545 1071 648 1136 adfuit
661 1070 791 1159 ingenii,
826 1072 911 1159 Ejus
923 1071 1006 1136 enim
1021 1085 1069 1136 est
1083 1071 1271 1158 Iphigenia,

159 1191 319 1241 oratorum
334 1174 483 1240 laudibus
496 1173 666 1239 celebrata:
690 1196 754 1261 qua
768 1186 869 1239 stante
882 1173 924 1238 ad
937 1175 1023 1238 Aras
1039 1173 1176 1260 pictura,
1191 1197 1270 1238 eum

161 1291 288 1343 moestns
306 1277 457 1366 pinxisset
470 1298 589 1356 omnes,
605 1276 763 1364 praecipue
784 1289 944 1363 paucum
959 1297 1031 1340 cum
1047 1275 1183 1341 tristities
1196 1298 1269 1339 om-

160 1403 232 1446 nem
247 1379 413 1467 imagn'nem
428 1379 657 1458 consumsisset,
672 1378 770 1466 patris
783 1377 883 1466 ipsius
892 1377 1015 1443 vultum
1031 1377 1157 1456 velavit,
1169 1401 1270 1464 quem

160 1483 257 1571 digne
270 1506 332 1548 non
347 1495 470 1570 poterut
482 1481 674 1547 ostendere.”
710 1480 784 1545 vid.
798 1479 927 1568 insuper
942 1482 994 1546 M.
1011 1480 1149 1546 Fabium
1166 1481 1272 1560 Quin-

160 1585 206 1651 til.
224 1606 254 1666 n,
273 1605 319 1671 13.
335 1602 367 1650 et
382 1584 451 1650 Val.
467 1584 647 1649 Maximum
664 1583 695 1660 8,
712 1601 761 1648 ιν.
784 1583 925 1647 BARN.

207 1691 298 1773 1556.
322 1689 462 1773 ἄγοντος]
493 1684 875 1751 Mutata-construetione
898 1706 958 1772 pro
983 1687 1109 1767 ἄγουσιν
1132 1686 1270 1752 dictum.

161 1788 242 1854 Vide
256 1812 337 1875 quos
350 1787 443 1852 citavi
456 1809 588 1873 gramm.
606 1788 664 1851 Gr.
684 1789 714 1869 ξ.
728 1802 803 1872 555.
828 1788 1020 1852 MATTH.

208 1905 300 1974 1557.
317 1889 482 1976 εὐτυχοῖτε]
499 1888 648 1972 εὐτυχεῖτε
664 1887 749 1952 Flor.
770 1907 797 1953 1.
815 1907 842 1954 2.

207 1993 299 2077 1558.
315 1993 420 2076 δόρου]
441 1990 648 2056 scribendum
663 1990 751 2072 δορὸς
765 2012 837 2055 cum
852 1989 992 2055 Reiskio.

204 2092 228 2159 δ’
244 2116 330 2157 error
345 2093 518 2181 typothetae
532 2115 590 2181 pro
604 2091 641 2157 r’.

208 2198 429 2281 1559-1629.
447 2198 562 2260 Versus
583 2194 681 2283 spurii
703 2193 802 2259 notati
823 2217 843 2258 a
861 2197 1020 2259 Porsono:
1045 2193 1166 2281 dequo
1181 2218 1211 2259 v.
1227 2198 1272 2261 nd

162 2322 193 2365 v.
210 2314 302 2384 1532.

207 2416 302 2486 1559.
323 2401 413 2485 1560.
437 2400 535 2465 Ducti
550 2423 589 2464 ex
605 2401 687 2464 Hec.
702 2399 779 2484 548.
793 2415 867 2483 549.
884 2399 940 2464 sed
962 2399 1006 2464 ibi
1026 2399 1086 2464 hoc
1107 2399 1190 2486 petit
1206 2402 1272 2465 Po

160 2503 286 2591 lyaeus,
309 2503 385 2589 quia
407 2501 612 2566 voluntariam
639 2524 672 2565 se
692 2515 724 2565 et
746 2500 874 2565 liberam
903 2504 948 2586 (v.
968 2506 1060 2587 550.)
1084 2502 1163 2565 mori
1190 2502 1274 2567 velle

161 2605 337 2693 profitetur,
365 2605 426 2681 bic,
451 2604 526 2691 quia
554 2627 619 2682 eos,
645 2601 774 2667 victoria
797 2602 925 2689 potitos,
946 2603 979 2666 in
1005 2602 1139 2690 patriam
1166 2604 1274 2671 redire

161 2706 242 2784 vult,
256 2729 296 2770 an
311 2706 387 2792 quia
402 2730 459 2793 pro
475 2707 601 2772 Graecia
614 2719 746 2770 mortem
760 2705 885 2770 obitura
899 2710 969 2770 est?
995 2705 1089 2770 Prius
1109 2707 1272 2794 ineptum,

160 2832 199 2873 ex
215 2810 313 2871 altero
328 2831 388 2871 non
404 2809 546 2894 sequitur
560 2809 604 2887 id,
618 2807 705 2894 quod
720 2806 808 2894 petit.
840 2807 959 2872 Melius
973 2820 1080 2873 autem
1095 2808 1274 2896 scripsisset

161 2909 322 2974 falsarius:
355 2910 429 2990 πρὸς
455 2914 546 2973 ταῦτα
575 2909 615 2988 μὴ
641 2911 746 2991 ψαύσῃ
777 2934 821 2977 τις
847 2908 995 2993 Ἀργείων
1018 2910 1110 2993 χροὸς
1133 2913 1272 2992 Τοῦμοῦ·

161 3010 280 3094 παρέξω
295 3011 362 3093 γάρ,
380 3025 416 3074 ut
430 3025 477 3075 est
491 3010 523 3074 in
539 3013 621 3074 Hee.
668 3012 708 3074 In
724 3011 801 3074 Ald.
817 3011 911 3076 etiam
926 3012 1274 3099 interpungitur--

160 3113 306 3197 Ἀργείων
322 3118 394 3195 ἐμοῦ
408 3118 490 3201 σιγῇ·
512 3114 638 3194 παρέξω.
662 3114 856 3177 ΜΑΤΤΗ.

207 3220 300 3303 1561.
316 3214 452 3302 τοσοῦτ’]
469 3214 586 3279 τοσοῦτ’
604 3214 689 3280 Flor.
710 3236 740 3278 1.

208 3320 300 3403 1567.
323 3319 449 3401 ἔσωθεν]
478 3318 591 3403 Inepte
610 3315 729 3381 dictum
748 3316 788 3380 de
806 3338 890 3395 ense,
904 3317 961 3404 qui
982 3315 1069 3380 intus
1088 3328 1135 3379 est
1155 3316 1190 3379 in
1211 3340 1271 3382 va-

160 3420 246 3506 gina,
261 3432 410 3484 extracto.
434 3426 457 3459 “
469 3419 580 3483 Ritum
597 3417 700 3505 ipsum
716 3440 778 3481 non
794 3417 853 3482 nisi
863 3440 907 3482 ex*
918 3418 949 3482 h.
961 3417 982 3482 l.
998 3433 1029 3482 et
1043 3419 1272 3505 grammaticis,

161 3522 257 3586 schol.
272 3521 313 3585 ad
329 3524 432 3585 Orest.
451 3522 522 3585 188.
540 3536 571 3583 et
592 3520 633 3583 ad
654 3520 817 3606 Aristoph.
836 3522 911 3584 Pac.
928 3521 1004 3605 948.
1020 3520 1177 3599 novimus,
1194 3522 1273 3586 satis

161 3647 289 3711 operose
310 3608 378 3686 hssl.
393 3623 596 3709 descriptum,
612 3622 644 3683 in
660 3644 725 3708 quo
740 3621 844 3685 mirari
868 3638 972 3686 tamen
994 3623 1091 3703 subit,
1107 3645 1164 3687 cur
1182 3645 1272 3688 nunc

161 3727 287 3790 demum
303 3725 335 3787 in
351 3723 473 3788 calatho
487 3723 601 3788 condat
615 3724 765 3804 cultrum,
780 3724 954 3811 etquidem
970 3726 1085 3813 vagina
1098 3723 1272 3805 inclusum,

160 3829 216 3914 qui
232 3828 334 3891 statim
351 3825 565 3914 expediendus
577 3840 655 3904 erat,
667 3841 699 3891 et
712 3849 769 3891 eur
782 3826 909 3891 omnino
923 3851 941 3891 e
956 3827 1069 3915 vagina
1083 3828 1271 3907 extraxerit,

161 3955 254 4019 quem
278 3953 352 3995 mox
374 3930 541 3995 recondere
563 3930 664 3995 vellet.
710 3932 778 3994 Nec
801 3928 964 4012 φάσγανον
984 3929 1087 3994 vocari
1105 3943 1185 4015 puto
1206 3927 1271 4008 μά-

160 4061 281 4118 χαιραν.
326 4033 420 4110 Quod
437 4033 632 4120 grammatici
651 4032 772 4110 dicunt,
788 4031 1025 4119 intelligendum
1037 4044 1083 4095 est
1097 4029 1138 4095 de
1151 4030 1270 4109 cultro,

160 4136 271 4222 quoin
288 4134 494 4199 sacrificandis
508 4135 614 4198 bestiis
629 4135 819 4208 utebantur;
844 4133 894 4197 hie
909 4131 1054 4196 conditus
1065 4144 1132 4194 erat
1142 4129 1273 4196 calstbo

165 4234 336 4320 (ἐκέκρυπτο
362 4238 380 4317 ἡ
401 4234 545 4320 μάχαιρα,
571 4234 649 4322 ἑνῷ
679 4238 773 4301 ἔκειτο
799 4238 817 4316 ἡ
839 4234 1004 4317 ἶερονργική
1022 4231 1180 4317 μάχαιρα),
1203 4256 1272 4298 non

161 4341 258 4427 paulo
272 4354 344 4404 ante
360 4338 543 4403 sacrificium
558 4338 685 4402 demum
698 4338 925 4425 imponebatur.
971 4339 1023 4400 De
1037 4358 1120 4413 ense,
1135 4357 1203 4422 quo
1217 4359 1272 4400 oc-

162 4440 295 4506 cidenda
309 4454 375 4505 erat
391 4440 567 4528 Iphigenia,
580 4439 656 4504 nihil
671 4438 825 4527 ejusmodi
841 4438 1004 4526 reperitur.
1027 4439 1146 4502 Ensem
1157 4451 1273 4524 aperte
