2864 4914
183 279 249 343 214
537 276 918 343 ANNOTATIONES

184 449 310 515 dentur.
356 451 437 513 Sunt
462 462 567 513 autem
593 448 772 528 duodecim,
798 470 934 535 quorum
960 445 1090 534 primus,
1121 443 1289 522 secundus,

186 567 329 641 quartus,
352 551 483 639 quintus
504 568 536 617 et
558 567 665 618 sextus
686 551 726 616 ad
748 552 829 616 hanc
850 550 976 615 Medeae
995 548 1165 613 orationem
1189 546 1289 636 perti·

187 670 273 736 nent,
283 679 378 743 quam
395 679 479 720 nunc
494 679 559 744 prae
575 656 718 721 manibus
738 656 900 721 habemus.
946 653 1074 717 Primus
1087 668 1120 716 et
1134 651 1291 717 secundus

186 759 252 824 fere
267 759 307 823 ad
323 759 453 824 verbum
470 758 583 824 redditi
599 773 672 824 sunt
686 782 704 824 e
720 781 749 824 v.
764 778 838 843 359.
854 759 928 842 362.
947 757 1036 841 [365.
1051 756 1143 841 368.]
1185 756 1288 834 Quar-

187 879 239 928 tus
254 862 390 950 pertinet
403 862 443 926 ad
461 886 490 925 v.
504 865 580 949 365.
600 864 706 948 [371.]
740 863 878 942 Quintus
892 876 924 925 et
938 875 1045 924 sextus
1059 859 1100 923 ad
1115 882 1147 923 ν.
1162 878 1239 944 393,
1254 879 1288 941 4.

188 967 280 1052 [398‚
293 967 341 1051 9.]
381 967 443 1030 Sex
460 964 596 1045 ultimos,
609 965 641 1029 in
657 965 773 1053 quibus
795 965 835 1028 de
858 987 932 1028 nece
946 963 1079 1051 Absyrti
1093 962 1210 1049 agitur,
1225 983 1288 1025 non

186 1092 225 1133 ex
241 1067 406 1156 Euripidis
421 1067 538 1133 Medea
553 1083 672 1132 sumtos
686 1092 752 1132 esse
767 1067 964 1133 manifestum
980 1082 1037 1131 est.
1082 1069 1219 1132 Possunt
1241 1078 1288 1129 ta-

184 1193 255 1236 men
271 1170 471 1235 nihilominus
485 1171 516 1235 in
532 1171 630 1235 Ennii
646 1170 762 1235 Medea
776 1170 879 1235 fuisse.
903 1171 1017 1234 ELM.

228 1276 302 1360 366.
320 1273 375 1339 εῖσ’
392 1276 518 1359 ἀγῶνες]
537 1273 669 1360 Corrige
684 1273 858 1360 typothetae
872 1295 1006 1337 errorem
1023 1275 1051 1336 εἴ
1064 1273 1205 1354 ἀγῶντες.

227 1379 302 1462 368.
320 1381 378 1458 γὰρ
393 1379 431 1441 δν
445 1378 497 1462 με]
513 1376 572 1458 γάρ
585 1402 624 1458 με
639 1377 679 1441 Β.

228 1478 292 1543 ποτ’
309 1481 360 1565 δν]
380 1479 586 1543 Scribendum
603 1504 676 1544 ποτε
690 1503 729 1543 ex
746 1480 831 1543 ΑΒ.
846 1493 878 1542 et
891 1492 963 1542 octo
977 1476 1045 1541 aliis
1058 1475 1228 1542 codicibus.

229 1583 305 1668 380.
326 1580 345 1661 ἢ
367 1582 475 1662 θηκτδν
497 1582 565 1646 ὤσει
587 1582 749 1664 φάσγανον
771 1580 806 1646 δι’
823 1580 950 1667 ἥπατος]
974 1579 1076 1644 Schol.
1091 1578 1138 1643 Ἢ
1160 1577 1286 1659 θηκτδνι

185 1687 242 1749 ὦδε
256 1691 354 1753 καλῶς
369 1692 470 1749 κεῖται.
507 1685 637 1765 Δίδυμος
651 1689 823 1764 οημειοῢται
837 1686 883 1748 ὅτι
898 1691 992 1750 κακῶς
1006 1686 1035 1748 ol
1048 1682 1202 1765 ὑποκριταὶ
1215 1680 1288 1746 τάσ-

186 1812 294 1851 σουσιν
316 1788 364 1851 ἐπὶ
385 1795 444 1851 τῶν
465 1774 495 1868 ᾗ
506 1786 604 1871 [δυοῖν
618 1788 668 1851 ed.
685 1787 848 1874 Matthiae]
872 1787 906 1851 τὸ
921 1792 993 1874 σιγῇ
1013 1789 1119 1865 δόμους
1142 1789 1285 1867 εἰσβῖισο.

186 1889 298 1952 Malim
330 1903 452 1955 mutato
478 1890 604 1954 ordine:
638 1894 952 1971 Δίδυμος-εῖσβεῖσσ.
976 1892 1033 1955 δδε
1060 1896 1157 1957 καλῶς
1183 1897 1287 1954 κεῖται.

186 1992 299 2057 Nescio
321 1992 398 2079 quid
421 1993 572 2080 significet
594 1995 643 2063 ἐπὶ
664 1981 775 2075 rainb-
813 1993 868 2058 Bis
883 1992 979 2079 vulgo
995 1993 1109 2079 legitur
1125 2015 1232 2056 versus
1246 1991 1287 2056 de

183 2118 249 2182 quo
262 2096 379 2182 agitur,
396 2111 431 2160 ut
441 2097 509 2184 jam
524 2098 632 2161 monui
646 2097 686 2161 ad
701 2121 731 2161 v.
747 2117 799 2178 40.
823 2097 939 2160 ELM.
975 2095 1134 2183 Didymus
1148 2094 1273 2182 legebat

355 2202 482 2282 πότερον
496 2201 707 2284 ὑφάψω-

357 2306 428 2390 σιγῇ
443 2305 644 2384 δόμους-

355 2402 496 2485 ἢθηκτδν
510 2407 673 2469 ὅσω-

186 2509 235 2573 ἐπὶ
249 2514 308 2573 τῶν
320 2506 473 2594 significat
486 2506 526 2570 ad
543 2521 724 2594 utrumque,
737 2507 773 2571 πδ
787 2506 935 2590 ὑφάπτειν
949 2522 980 2571 et
1002 2507 1036 2571 πδ
1054 2507 1190 2589 σφάζειν,
1206 2506 1285 2571 refe·

185 2625 288 2674 rentes
311 2632 434 2674 versum
458 2613 528 2696 σιγῇ
550 2614 576 2673 δ.
614 2610 671 2673 Isti
695 2609 793 2696 igitur
814 2608 1002 2674 ordinabant
1026 2627 1062 2674 ut
1086 2610 1191 2697 vulgo.
1229 2610 1285 2674 Ad

184 2712 270 2776 hunc
291 2710 392 2776 locum
416 2711 578 2776 referenda
601 2711 693 2776 etiam
716 2711 877 2776 annotatio
900 2712 1073 2778 scholiastae
1095 2712 1136 2776 ad
1156 2736 1188 2775 v.
1209 2716 1285 2799 356.

184 2816 432 2881 DOBRAEUS.

227 2919 303 3002 381.
319 2916 389 2982 ἀλλ’
406 2918 439 2982 ἓν
454 2943 481 2981 τι
494 2943 545 2997 μοι
559 2916 741 3003 πρόσαντες]
765 2919 880 2982 Noster
895 2921 952 2982 Or.
971 2919 1042 2999 788.
1060 2920 1151 2983 Κεῖνό
1165 2945 1216 2999 μοι
1229 2921 1283 2999 μό-

186 3046 239 3085 νον
254 3023 428 3102 πρόσαντες.
460 3021 535 3109 Iph.
552 3022 595 3085 T.
615 3040 706 3085 1012.
729 3024 755 3086 el
769 3025 935 3103 πρόσαντες
955 3023 993 3103 ἦν
1014 3026 1082 3087 τόδε
1100 3024 1107 3108 Ι
1124 3022 1283 3105 Ἀρτέμιδι,

184 3129 246 3192 πῶς
257 3124 295 3188 ἂν
306 3122 416 3202 Λοξίας
428 3123 572 3188 ἐθέσπισε
591 3124 596 3211 Ι
616 3128 735 3205 κομίσαι
748 3122 777 3203 μ’
789 3126 912 3206 ἄγαλμα
925 3130 996 3193 θεᾶς
1009 3125 1130 3207 πόλισμ’
1146 3128 1188 3192 εἰς
1199 3131 1286 3189 Παλ-

183 3227 276 3295 λάδος
289 3255 297 3301 ;
323 3227 385 3291 His
399 3226 482 3291 adde
496 3227 593 3313 hujus
607 3225 724 3291 fabulae
736 3251 767 3290 v.
781 3247 852 3312 299.
867 3242 898 3291 et
912 3229 1016 3292 omnia
1030 3228 1173 3315 exempla
1187 3229 1284 3292 habe-

183 3331 232 3396 bis
246 3353 319 3416 quae
338 3328 425 3416 apud
441 3329 573 3415 tragicos
587 3344 719 3393 exstant.
757 3330 954 3415 Hesychius:
979 3331 1168 3413 Προσάντης.
1192 3340 1285 3410 σκλη-

182 3434 244 3514 ρδς,
274 3433 417 3509 ἐναντίος,
445 3432 601 3514 δυσχερὴς,
629 3431 745 3514 ἐχθρὸς,
772 3432 872 3512 διιδής.
918 3433 1047 3519 Optima
1070 3433 1286 3520 interpretatio

183 3535 297 3599 Graeca
311 3550 357 3597 est
371 3534 526 3617 δυσχερὴς,
545 3532 660 3597 Latina
674 3535 831 3613 molestus,
846 3535 965 3623 quippe
979 3560 1051 3623 quae
1073 3537 1196 3602 easdem
1218 3539 1285 3602 fere

182 3636 415 3721 significationis
434 3635 599 3699 varietates
623 3635 871 3724 complectantur
892 3661 971 3724 quas
995 3640 1173 3721 προσάντης,
1197 3640 1283 3726 quod

181 3739 329 3827 primario
351 3760 441 3801 sensu
469 3753 516 3802 est
540 3741 676 3816 arduas,
698 3742 834 3828 difficilis
857 3763 997 3807 ascensu.
1036 3743 1116 3807 Vide
1142 3744 1282 3809 Lexicon

182 3841 461 3928 Xenophonteum.
484 3844 599 3907 ELM.

193 3990 196 3996 ι
225 3946 300 4030 384.
319 3944 459 4026 κράτιστα
473 3945 526 4025 τὴν
542 3946 669 4020 εὐθεῖαν,
685 3944 704 4034 ῇ
718 3949 893 4028 πεφύκαμεν
910 3946 916 4033 Ι
936 3949 1030 4029 σοφαὶ
1049 3948 1198 4035 μάλιστα]
1214 3950 1282 4013 Ac·

180 4046 339 4112 cusativus
367 4047 421 4125 τὴν
447 4049 565 4111 εὐθεῖαν
589 4052 716 4134 (nempe
739 4048 824 4125 ὁδὸν)
852 4072 912 4112 non
943 4050 1058 4137 pendet
1088 4052 1129 4116 ab
1156 4055 1281 4136 ἐγχειρῶ

183 4174 213 4213 v.
236 4166 310 4234 371.
333 4149 387 4212 sed
410 4173 428 4212 a
448 4150 617 4214 subaudito
641 4153 750 4219 δόντας.
790 4152 1019 4239 Aristophanes
1039 4157 1103 4218 Av.
1124 4176 1150 4218 1.
1170 4155 1283 4237 Ὀρθὴν

184 4255 324 4326 κελεύεις,
340 4251 359 4339 ᾖ
373 4252 407 4315 τὸ
423 4252 545 4334 δένδρον
561 4255 718 4336 pulverum
742 4256 855 4319 ELM.

223 4355 299 4441 385.
316 4353 413 4440 ἑλεῖν]
430 4362 547 4420 κτανεῖν
563 4355 639 4421 Ald.
657 4373 688 4421 et
702 4358 822 4445 aliquot
836 4359 928 4424 codd.

224 4458 297 4542 386.
317 4459 365 4522 καὶ
379 4458 415 4538 δὴ
430 4458 567 4545 τεθνᾶσι]
584 4461 652 4524 Fac
666 4471 803 4527 mortuos
817 4483 892 4528 este.
