2864 4914
232 274 298 347 596
594 277 973 346 ANNOTATIONES

231 446 350 533 quitur,
373 447 436 526 hio,
457 463 493 513 ut
515 470 610 515 unam
635 470 819 536 personam
843 450 928 528 alibi,
950 465 987 515 ut
1008 447 1131 536 pluras:
1155 447 1244 535 quod
1264 448 1336 513 fieri

231 548 319 614 solet.
343 550 496 615 MARK.

276 667 348 736 273.
371 652 524 716 τεθνάτιιν
548 650 695 734 (debebat
720 655 890 719 τεθνεαίτιιν
913 668 949 717 ιιι
973 650 1134 734 Reialtius)
1162 651 1335 719 Heatltiua.

233 752 416 840 Legebatut·
429 778 462 818 τε
477 758 604 818 θνατῶν.

276 857 395 935 κομίσαι
410 854 628 921 Marklandus.
653 859 772 937 κόμισαι
786 855 868 922 libri.

276 972 350 1042 275.
376 959 409 1021 ἱά
431 981 490 1039 μοι·
513 957 639 1039 λάβετε,
662 960 781 1041 φέρετε,
804 957 941 1041 πέμπετ’,
961 959 1076 1040 άείρετε
1092 957 1178 1041 (libri
1198 958 1336 1039 πέμπετε

232 1061 360 1143 κρίνετε)
376 1061 519 1127 ταλαίνας
541 1060 633 1144 χέρας
654 1061 776 1143 γεραιάς
796 1063 882 1143 (narn
906 1060 949 1124 sic
970 1059 1072 1146 libri)]
1099 1061 1244 1127 Deleuda
1256 1077 1336 1127 sunt

230 1162 298 1227 haec
312 1162 418 1237 verba,
435 1184 508 1248 quae
529 1161 674 1227 librarius
694 1162 808 1250 aliquis
829 1163 945 1240 intulit,
961 1177 993 1228 et
1012 1162 1083 1229 loco
1096 1163 1224 1250 quidem
1240 1162 1336 1229 valde

230 1264 378 1342 absurdo,
394 1264 502 1330 leviter
515 1264 701 1353 interpolata
715 1289 753 1330 ex
770 1266 916 1331 Hecuboe
930 1289 961 1328 v.
978 1267 1030 1330 62.
1052 1265 1107 1331 ubi
1129 1265 1258 1354 legitur,
1272 1265 1334 1330 λά-

229 1374 311 1447 βετε,
328 1367 447 1450 φέρετε,
463 1367 596 1447 πέμπετ’,
612 1367 728 1451 άείρετέ
740 1394 796 1448 μου
810 1373 931 1451 γεραιᾶς
944 1368 1044 1452 χειρὸς
1058 1371 1311 1450 προσλαζιίμεναι.

275 1486 347 1554 277.
363 1473 438 1553 πρός
452 1495 490 1534 σε
505 1469 725 1535 Marklandus.
763 1471 886 1535 Aberat
900 1495 946 1534 σε.

275 1592 348 1657 279.
364 1574 599 1657 ἀμφιπίτνουσα]
620 1573 822 1638 Scribebatur
835 1575 1069 1656 ἀμφιπετνοῢσα.

272 1679 398 1747 δειλαία.
415 1675 501 1762 quod
518 1674 633 1762 dactyli
650 1697 825 1741 mensuram
844 1676 950 1753 habet,
966 1674 1101 1740 restituit
1117 1677 1337 1742 Hermannus.

232 1779 415 1867 Legebatur
430 1779 576 1842 δειλαίαν.

275 1882 347 1947 280.
371 1880 485 1965 ἱκέταν]
506 1879 713 1946 scribendum
737 1881 827 1946 ἱκέτιν
846 1904 917 1945 cutn
941 1881 1142 1946 Marklando.
1181 1884 1337 1949 Ceterum

230 1982 307 2046 mihi
322 2006 383 2047 uon
400 1982 526 2047 videtur
540 1982 677 2047 dubitari
700 2006 790 2071 posse
804 1982 880 2069 quin
902 1982 951 2048 hic
965 2006 1094 2071 quoque
1109 2007 1215 2048 versus
1237 1984 1338 2049 hexa-

230 2101 328 2150 meter
348 2085 453 2150 luerit.
499 2088 644 2151 Fortasse
666 2085 774 2173 igitur,
796 2089 923 2159 δειλαία,
939 2086 995 2172 qui
1017 2108 1129 2173 parum
1151 2088 1278 2174 elegans
1300 2086 1337 2150 in

229 2189 291 2253 fine
316 2189 520 2276 praeoedentis
535 2212 642 2254 versus
656 2188 800 2277 dactylus
814 2202 871 2266 eat,
887 2188 919 2253 in
943 2189 1027 2254 hunc
1043 2212 1167 2255 versum
1182 2187 1339 2254 translato

229 2291 273 2356 sic
287 2291 354 2356 haec
369 2308 442 2356 sunt
456 2291 706 2379 redintegranda.

315 2396 440 2474 ἄντομαι
455 2398 589 2474 ἄντομαι,
606 2395 830 2476 ἀμφιπίτνουσα
844 2397 878 2460 τὸ
893 2396 952 2460 σὸν
967 2398 1041 2478 γόνυ
1056 2396 1105 2460 καί
1118 2395 1195 2480 χέρα

315 2499 442 2573 δειλαία,
458 2501 585 2562 οἱκτισαι
599 2500 727 2561 οἴκτισαι
742 2497 818 2576 ἀμφὶ
833 2497 943 2561 τέκνων
957 2496 986 2577 μ’
1003 2497 1093 2562 ἱκέτιν
1108 2496 1267 2580 τάφου-.

229 2601 281 2663 De
297 2599 450 2664 vocabulo
464 2600 561 2680 τάφου
576 2597 722 2663 addendo
736 2597 830 2663 etiam
846 2598 1014 2664 Elsusleius
1025 2600 1175 2686 cogitavit
1184 2598 1225 2663 ad
1239 2600 1336 2666 Med.

232 2720 327 2788 1232.

274 2805 348 2871 281.
363 2803 381 2884 ᾖ
398 2803 613 2890 Musgravius.
636 2802 654 2882 ἦ
670 2802 748 2868 libri.

271 2905 614 2994 ᾗ-ίήλεμον-ἡλικίᾳ]
633 2905 840 2971 scribendum
856 2906 1195 2992 ᾇ-ίάλεμον-ἁλικία.

274 3010 345 3090 284.
363 3009 411 3072 ἔπι
427 3008 552 3090 δάκρυον
568 3008 737 3073 Heatbius.
760 3010 809 3073 ἐπὶ
823 3009 949 3092 δάκρυον
965 3011 1050 3074 Flor.
1067 3029 1094 3072 1.
1110 3028 1137 3073 2.
1154 3009 1338 3090 ἐπεδάκρυον

231 3111 306 3176 Ald.

274 3217 312 3279 28
314 3235 344 3299 5.
360 3212 469 3299 πίτνω]
486 3212 577 3277 Libri
591 3220 693 3278 πιτνῶ.
1207 3296 1211 3305 Ι

274 3318 344 3381 288.
369 3318 443 3397 κάμὶ
465 3319 523 3398 γὰρ
545 3315 648 3395 διῆλθέ
673 3316 715 3403 τι]
742 3319 814 3381 Hoc
839 3335 885 3381 est
912 3317 1013 3382 verbis
1038 3316 1194 3380 Herodoti
1217 3336 1253 3401 3,
1283 3338 1335 3399 14.

230 3423 341 3500 ἐσῆλθε
356 3419 451 3486 οἶκτός
466 3444 519 3486 τις.
544 3420 632 3483 Usus
647 3419 859 3505 particulari,
876 3444 947 3484 cum
963 3420 1034 3506 quis
1049 3443 1081 3482 se
1095 3420 1207 3483 affectu
1223 3418 1337 3506 aliquo

228 3537 418 3587 commotum
436 3519 536 3584 sentit.
566 3521 757 3587 Plutarchus
772 3523 871 3600 Nicia,
888 3546 920 3609 p.
936 3539 996 3607 541
1017 3524 1055 3587 C.
1072 3527 1192 3586 τοιαῦτα
1205 3527 1258 3586 τοῦ
1275 3528 1336 3587 Νι-

229 3626 293 3687 κίου
314 3622 469 3704 λέγοντος,
487 3623 578 3686 ἔπαθε
600 3622 656 3702 μέν
675 3629 717 3687 TI
740 3627 788 3688 καὶ
809 3625 882 3706 πρδς
903 3625 957 3704 τὴν
979 3626 1053 3706 ὄψιν
1076 3625 1176 3699 αὐτοῦ,
1193 3625 1240 3688 καὶ
1258 3626 1337 3706 πρὸς

227 3728 296 3795 τοὺς
316 3730 436 3808 λόγους,
458 3727 475 3788 ὁ
496 3727 655 3794 Γύλιππος.
691 3727 741 3791 Sic
763 3742 795 3792 et
819 3727 996 3814 Lysandro,
1012 3749 1042 3812 p.
1057 3747 1123 3811 434
1138 3727 1184 3788 A.
1216 3727 1333 3791 Xeno-

229 3829 312 3916 phon
333 3827 465 3893 Conviv.
489 3851 522 3915 p.
540 3829 600 3913 873
619 3831 665 3897 D.
685 3832 780 3899 οὔδεὶς
801 3831 853 3894 οὐκ
875 3829 993 3914 ἔπασχέ
1014 3835 1055 3894 Tl
1079 3831 1133 3910 τὴν
1154 3829 1260 3912 ψυχὴν
1284 3832 1333 3896 ὑπ’

228 3933 351 3995 ἐκείνου.
389 3931 567 3995 Athenaeus
582 3935 610 3996 8.
628 3952 656 4015 7.
679 3956 711 4020 p.
728 3936 802 4017 346.
822 3931 1083 4014 προσπεπονθέναι
1100 3938 1141 3995 TI
1165 3936 1220 4006 δεῖ,
1237 3938 1338 4021 longi

227 4035 333 4121 aliquo
346 4037 470 4121 affectu.
494 4037 649 4100 MARK.

272 4155 344 4221 290.
362 4135 505 4219 έσχάραις
521 4138 684 4201 CanteruS.
709 4137 799 4201 Libri
816 4140 978 4221 έσχατιαῖς.
1015 4137 1107 4199 Vetat
1122 4151 1225 4200 autem
1240 4137 1335 4204 The·

227 4263 297 4304 sous
320 4253 448 4302 matrem
459 4242 545 4325 stare
559 4240 633 4303 dum
650 4241 801 4304 assideret
824 4242 893 4302 aria
909 4239 1080 4324 (ἐσχάραις)
1100 4241 1238 4316 Cereris,
1254 4242 1337 4326 quia

229 4342 303 4407 nihil
326 4342 413 4407 triste
437 4341 639 4406 conveniebat
663 4341 916 4406 sacrificantibus.
939 4343 1023 4406 unde
1045 4342 1160 4407 chorus
1185 4340 1226 4406 ad
1250 4344 1336 4433 Cly·

227 4444 705 4533 tamnestram(1phig.Aulid.
724 4447 834 4527 1'487.)
854 4445 941 4522 dicit,
963 4469 1026 4509 παπ
1047 4447 1224 4533 lacrymari
1246 4447 1338 4513 decet
