2864 4914
177 269 244 332 802
546 267 926 333 ANNOTATIONES

180 438 260 504 (Ed.
278 440 316 503 C.
332 458 425 524 1439.
440 439 523 503 Ant.
539 441 613 524 ⁶93·
629 439 687 526 Aj.
699 455 773 525 327.
789 441 864 526 383.
878 435 1066 526 Euripidem
1084 435 1195 524 Suppl.
1212 455 1286 519 770.

178 540 253 628 Iph.
267 542 310 605 T.
320 543 397 620 482.
419 540 520 627 Apud
535 542 723 628 Euripidem
738 566 812 608 vero
824 543 938 607 Phoen.
948 556 1042 626 1750.
1055 562 1094 604 ex
1107 539 1287 605 necessitate

177 640 305 730 legitur,
320 641 422 707 Ἀλλὰ
435 646 494 727 γὰρ
513 645 545 708 τί
560 649 654 709 ταῦτα
669 650 764 727 θρηνῶ
780 646 828 711 καὶ
844 645 940 726 μάτην
955 645 1116 727 δδόρομαις
1141 643 1287 709 Verbalis

179 744 313 829 ὀδυρμὸς,
330 748 443 829 ὄδυρμα
455 762 487 810 et
501 745 612 811 similia
622 769 785 834 nunquam
798 775 814 812 ο
826 748 969 814 amittere
982 746 1155 810 videntur.”
1169 749 1286 812 ELM.

222 847 347 928 εὐνήταν
360 871 419 935 pro
441 848 565 914 εὐνέταν
586 848 676 913 metri
697 849 813 915 indicio
834 849 970 916 restituit
985 848 1174 926 Brunekius,
1190 864 1284 928 reete,

177 948 249 1014 licet
264 950 351 1015 nulla
364 950 438 1016 alibi
454 966 578 1039 reperta
592 951 656 1018 sint
669 951 766 1040 hujus
780 953 890 1017 formae
904 952 1058 1035 exempla.

225 1055 294 1138 165.
311 1055 457 1138 πρόσθεν]
478 1054 530 1118 Ita
543 1054 660 1120 dicitur
678 1070 806 1144 propter
820 1078 1026 1143 praegressum
1044 1056 1141 1137 ὅρκοις
1160 1056 1286 1133 ένδησα·

176 1155 263 1236 μένα,
279 1156 432 1243 siquidem
449 1157 564 1232 Graeci,
583 1157 637 1221 ubi
653 1158 799 1245 depacto
821 1174 852 1223 ct
874 1158 992 1222 foedere
1013 1180 1114 1221 sermo
1131 1171 1190 1234 est,
1204 1155 1283 1221 illud

177 1259 312 1322 maxime
335 1278 446 1346 urgere
468 1259 578 1339 solent,
599 1260 624 1325 si
646 1261 717 1347 quis
739 1261 826 1349 prior
847 1262 941 1326 fidem
964 1259 1101 1337 solverit,
1116 1283 1182 1346 quo
1201 1260 1284 1324 iacto

176 1359 266 1440 alter,
288 1360 313 1426 si
335 1360 417 1427 idem
441 1362 527 1442 facit,
548 1364 622 1450 jure
646 1387 739 1452 agere
761 1364 894 1428 videtur.
941 1363 992 1428 Sic
1013 1363 1081 1450 jam
1109 1364 1283 1441 Homerus,

176 1466 336 1547 ὁππότεροι
350 1469 488 1549 πρότεροι
502 1469 576 1549 ὑπὲρ
591 1470 676 1552 δρκία
690 1467 864 1549 πημήνειαν.
881 1467 1023 1530 HERM
1029 1465 1138 1529 ANN.

223 1570 293 1632 166.
309 1569 482 1650 ἀπενάσθην
501 1569 506 1657 Ι
526 1573 669 1656 αἰσχρῶς]
690 1568 888 1656 Hesychius:
915 1566 1099 1647 Ἀπενάσθη.
1115 1568 1282 1651 ἀπῳκίσθη.

177 1668 288 1734 Idem:
311 1669 535 1737 Ἀπενάσσατο.
557 1670 728 1757 ἀπῴκησεν.
775 1670 980 1736 Scribendum
1004 1667 1166 1756 ἀπῴκισεν,
1188 1670 1284 1734 modo

175 1771 285 1838 Attica
298 1772 402 1860 glossa
419 1772 469 1837 sit.
511 1772 613 1859 Apud
629 1775 819 1853 Homerum,
835 1771 1012 1837 Hesiodum
1035 1787 1216 1858 ceterosque
1233 1795 1283 1836 ve·

175 1891 265 1952 teres,
281 1874 336 1962 qui
351 1875 483 1965 activam
500 1874 631 1939 formam
649 1875 763 1940 ένασσε
778 1889 943 1963 usurpant,
960 1874 1063 1938 media
1083 1874 1237 1939 ένάσσατο
1250 1890 1284 1940 et

175 1977 297 2063 passiva
322 1977 434 2056 ένάσθη
460 1975 542 2040 idem
566 1976 752 2064 significant,
778 1992 813 2041 ut
834 1977 1051 2061 χολωσάμενος
1073 1991 1104 2040 et
1125 1979 1283 2061 χολωθείς.

175 2080 275 2145 Attici
299 2103 375 2144 vero
401 2079 552 2144 ἑνόσσατο
579 2104 638 2167 pro
664 2081 777 2145 ένασσε
802 2096 967 2168 usurpant.
1014 2079 1064 2144 Sic
1087 2079 1282 2144 ἀπενάσσατο

173 2182 259 2269 apud
283 2182 471 2269 Euripidem
494 2181 569 2269 Iph.
590 2184 634 2246 T.
651 2201 745 2267 1259.
770 2181 1019 2262 κατανασσαμένη
1040 2181 1127 2267 apud
1145 2182 1281 2268 AEschy-

174 2283 239 2348 lum
256 2287 354 2350 Eum.
370 2303 443 2371 932.
489 2283 654 2348 Passivum
676 2284 851 2364 ἀπενάσθην
864 2283 958 2348 habet
976 2300 1082 2349 noster
1097 2282 1188 2348 etiam
1207 2283 1281 2370 lph.

175 2388 217 2451 Τ.
232 2401 303 2472 175.
320 2387 507 2467 κατενάσθην
524 2385 635 2450 Phoen.
654 2405 727 2471 215.
747 2387 931 2452 κατένασθεν
945 2386 1170 2474 Aristophanes
1186 2387 1280 2474 Vesp.

175 2490 248 2554 660.
265 2489 378 2553 ELM.

220 2594 290 2674 167.
312 2593 365 2657 τὸν
384 2593 458 2673 έμὸν
480 2594 623 2658 κνείνασα
646 2592 749 2681 κάσιν]
768 2591 872 2656 Schol.
890 2592 1056 2674 Τιμαχίδας
1077 2592 1126 2655 inl
1148 2593 1186 2654 τδ
1207 2591 1280 2673 πρό-

172 2720 260 2778 χειρα
281 2699 375 2758 πᾶσιν
396 2695 539 2777 ἐνεχθεὶς,
560 2695 614 2758 τὸν
624 2694 783 2778 Ἄψυρτον
798 2696 874 2776 φησὶ
887 2695 991 2776 λέγειν
1006 2693 1107 2772 αὐτὴν,
1123 2697 1175 2755 τοῦ
1191 2693 1278 2774 Εὐρι-

172 2800 258 2862 πίδου
276 2796 349 2876 μήτε
373 2799 501 2861 ἐνταῦθα
521 2797 596 2877 μήτε
618 2800 652 2863 έν
673 2800 713 2885 τῷ
731 2801 819 2881 Αίγεῖ
840 2800 1031 2879 δηλώσαντος
1052 2796 1106 2859 τὸν
1123 2793 1282 2877 Ἄψυρτον

172 2901 326 2978 ὀνομαστί.
350 2901 414 2963 ὁδὶ
431 2902 596 2980 Φερεκύδης
613 2902 659 2986 (p.
674 2905 761 2984 122.)
778 2905 825 2966 διδ
839 2905 892 2964 τοῦ
910 2906 926 2978 ξ
946 2898 1084 2978 ὀνομάζει
1099 2897 1200 2961 αὐτόν.
1224 2904 1279 2959 Δι-

174 2999 330 3082 καιογένης
344 3003 377 3065 δὲ
393 3002 476 3079 έντῇ
494 3005 610 3087 Μηδείᾳ
622 3005 832 3067 Μεταπόντιον
847 3002 938 3067 αὐτὸν
949 3000 1094 3082 ὀνομάζει.
1115 3001 1281 3085 ἀνῃρῆσθαι

172 3105 205 3168 δέ
215 3102 304 3167 αὐτὸν
313 3106 343 3167 ol
349 3106 407 3184 μὲν
416 3104 474 3168 ὐπὸ
485 3107 626 3186 Μηδείας,
637 3108 666 3168 οἱ
676 3108 708 3169 δὲ
719 3105 777 3169 ὐπδ
785 3103 1005 3188 Ἀργοναυτῶν.
1020 3101 1107 3166 Λέων
1116 3104 1148 3165 δὲ
1158 3104 1175 3163 δ
1185 3100 1281 3183 ῥητωρ

174 3207 211 3271 οὐ
225 3206 381 3289 σφαγῆναι
398 3209 480 3271 ἀλλά
495 3207 693 3289 διαφθαρῆναι
708 3207 799 3271 αὐτὸν
813 3207 987 3290 φαρμάκοις.
1021 3208 1073 3269 Ex
1089 3204 1148 3269 hoc
1163 3204 1281 3268 scholio

174 3308 322 3373 discimus
337 3309 464 3374 Medeae
480 3332 640 3397 personam
657 3310 688 3371 in
705 3308 869 3396 Euripidis
884 3311 989 3395 AEgeo
1004 3308 1110 3371 fuisse.
1128 3308 1242 3371 ELM.

217 3413 287 3476 168.
312 3411 411 3477 κλύεθ’
428 3415 477 3476 οἶα
494 3410 596 3497 λέγει]
614 3411 764 3490 Menelai,
781 3412 811 3474 ni
832 3410 933 3488 fallor,
949 3411 981 3473 in
1003 3408 1167 3497 Euripidis
1183 3409 1279 3473 Telc-

172 3513 237 3600 pho
260 3513 354 3577 verba
376 3514 515 3592 fuerunt,
533 3512 578 3576 Ὠ
599 3518 689 3581 πόλις
705 3513 847 3596 Ἀργους,
863 3513 959 3578 κλύεθ’
976 3515 1025 3577 olo
1048 3513 1144 3595 λέγει,
1163 3512 1280 3599 quibus

172 3615 273 3679 utitur
287 3614 518 3701 Aristophanes
533 3618 595 3701 Eq.
615 3617 687 3681 810.
707 3616 793 3680 Plut.
811 3619 883 3679 601.
929 3616 1023 3693 Quod
1043 3615 1087 3688 ait
1102 3614 1280 3678 scholiastes

170 3717 211 3782 ad
223 3719 286 3804 Eq.
298 3720 372 3781 806.
385 3718 480 3781 verba
495 3715 518 3780 ὦ
533 3719 621 3784 πόλις
630 3717 761 3800 Ἀργονς
774 3743 792 3781 e
805 3718 949 3805 Telepho
964 3735 1067 3782 sumta
1082 3741 1159 3795 esse,
1175 3741 1193 3780 e
1209 3718 1281 3780 Me-

170 3820 230 3885 dea
244 3843 318 3885 vero
333 3818 431 3884 κλύεθ
447 3821 495 3883 ola
510 3818 605 3901 λέγει,
621 3819 722 3885 minus
737 3837 820 3884 recte
835 3820 953 3884 dictum
971 3820 1107 3884 videtur.
1124 3822 1240 3884 ELM.

217 3924 287 4006 169.
301 3921 400 4001 Θέμιν
410 3921 575 4007 εὐκταίαν,]
591 3921 803 3987 Ruhnkenius
814 3922 899 4010 apud
912 3923 1095 3986 Piersonum
1108 3921 1148 3985 ad
1160 3923 1278 3984 Moerin

169 4048 202 4116 p.
227 4041 294 4109 137.
323 4022 422 4103 Θέμιν
446 4022 593 4106 Ἰχναίαν.
641 4023 703 4087 Sed
726 4024 837 4106 πατρὸς
863 4025 1001 4088 εὐκταίαν
1029 4023 1169 4107 Ἐριννύν
1198 4022 1280 4088 dixit

172 4126 345 4213 AEschylus
361 4125 465 4190 Theb.
483 4144 554 4209 729.
572 4142 716 4190 mouente
732 4127 931 4213 Musgravio.
947 4127 1063 4190 ELM.

215 4228 298 4309 Ζῆνά
312 4227 350 4301 θ’,
366 4228 399 4294 δς
414 4228 508 4307 ὅρκιον
527 4227 532 4311 Ι
552 4233 672 4295 θνατοῖς
686 4231 792 4308 ταμίας
814 4230 998 4313 νενόμισται]
1018 4227 1122 4293 Schol.
1138 4234 1197 4291 τῶν
1212 4233 1277 4292 δια-

168 4330 366 4414 βεβοημένων
383 4330 447 4392 έστὶ
461 4329 630 4408 ζητημάτων
642 4331 690 4394 καὶ
700 4336 799 4407 τοῦτο,
811 4331 901 4410 πῶςὴ
915 4333 972 4411 μέν
984 4333 1102 4411 Μήδεια
1112 4331 1166 4410 τὴν
1179 4330 1278 4411 Θέμιν

170 4436 219 4500 καὶ
233 4433 287 4514 τὴν
296 4432 440 4514 Ἀμτεμιυ
453 4435 563 4511 βοᾶται
579 4435 621 4513 (v.
635 4434 734 4514 160),
747 4434 766 4513 ἡ
780 4435 813 4496 δέ
828 4436 989 4515 πρεσβότις
1010 4435 1077 4498 ἀντὶ
1097 4437 1148 4513 τῆς
1168 4431 1272 4515 Ἀρτέ-
