2864 4914
162 274 227 336 218
524 274 903 340 ANNOTATIONES

205 445 280 531 458.
296 447 375 526 ὅμως
390 448 422 510 δὲ
437 447 491 510 κάκ
506 445 590 510 τῶνδ’
606 448 657 511 οὐκ
673 447 836 528 άπειρηκδς
854 448 955 528 φίλοις
974 442 978 530 Ι
997 445 1072 533 ήκω]
1096 444 1267 531 Euripides

164 547 268 613 Andr.
286 549 336 631 87.
352 547 463 632 Ὀρᾷςς
488 551 622 634 άπανδᾷς
644 552 677 614 έν
700 557 801 617 κακοῖς
822 556 942 632 φίλοισι
964 554 1040 615 σοῖς.
1080 546 1147 611 Ubi
1169 547 1265 612 schol.

162 653 356 735 άπαγορεύεις
369 658 494 732 βοηθεῖν
508 659 569 721 τοῖς
583 656 695 736 φίλοις,
712 655 797 719 οὖσιν
811 657 845 718 έν
861 659 969 721 κακοῖς.
994 653 1111 716 ELM.

204 769 278 838 459.
301 754 336 817 τὸ
356 756 413 818 σάν
432 781 469 837 γε
491 754 569 819 Ald.
585 757 681 820 Rom.
698 758 737 820 C.
753 757 838 821 Flor.
859 779 870 821 r
876 778 907 842 5.
923 755 1174 841 Pseudogregor.
1191 757 1263 835 246.

161 856 195 920 τδ
218 857 276 920 σὸν
296 856 330 921 δέ
352 859 445 921 Lasc.
469 858 672 923 Flor.2.10.
698 861 803 924 Havn.
829 860 862 924 τὸ
885 862 975 923 σόνδε
995 860 1091 921 Rom.
1107 860 1150 922 A.
1174 860 1266 922 τοσόν

162 959 195 1018 δε
210 955 305 1016 Rom.
323 955 366 1017 D.
389 959 482 1020 τοσάν
504 960 536 1020 δὲ
559 959 661 1021 Paris.
679 959 716 1022 B.
735 960 776 1022 D.
795 959 868 1022 Lib.
892 960 928 1022 P.
947 957 1118 1021 secundum
1137 959 1264 1043 Musgr.

162 1055 292 1120 fortasse
315 1056 389 1121 vitio
411 1081 595 1144 operarum:
620 1082 691 1123 nam
715 1083 809 1147 quem
832 1060 914 1125 idem
939 1059 1053 1123 babere
1072 1059 1148 1123 dicit
1164 1058 1263 1125 Paria.

162 1160 207 1237 A,
223 1157 249 1222 is
263 1161 389 1224 τοσόνδε
410 1159 505 1225 habet
519 1161 605 1248 apud
630 1161 769 1226 Brunck.
793 1166 918 1228 τοσόνδε
937 1161 1036 1226 Paris.
1052 1164 1096 1225 A.
1113 1163 1207 1226 Rom.
1224 1163 1264 1225 E.

163 1262 298 1327 Difficile
312 1277 359 1326 est
373 1263 497 1351 eligere.
538 1265 670 1331 Videtur
692 1281 808 1345 tamen,
824 1266 848 1330 si
864 1266 898 1329 τὸ
913 1266 970 1330 σδν
985 1265 1018 1329 δέ
1038 1264 1163 1345 scribas,
1178 1265 1265 1352 quod

162 1365 265 1430 verbis
281 1366 333 1429 οὐκ
348 1367 510 1447 ἀπειρηκὼς
527 1371 629 1450 φίλοις
650 1387 841 1456 opponatur,
857 1369 906 1433 his
921 1369 1023 1433 verbis
1037 1392 1073 1433 ea
1089 1369 1136 1432 vis
1157 1368 1264 1447 tribui,

162 1493 236 1556 quoe
262 1469 293 1531 in
316 1467 353 1531 iis
376 1491 482 1533 revera
505 1493 567 1534 non
589 1471 671 1536 insit.
716 1474 769 1538 Ex
793 1473 852 1537 hoc
875 1488 978 1537 tamen
999 1471 1090 1536 tertia
1112 1471 1266 1558 scriptura

161 1574 287 1636 τοσόνδε
302 1588 371 1635 orta
386 1572 521 1651 videtur,
539 1597 599 1637 non
616 1589 733 1639 contra.
767 1576 801 1640 τὸ
818 1578 875 1640 σόν
889 1602 925 1657 γε
946 1601 1053 1657 προσκ.
1070 1573 1184 1638 rectius
1199 1595 1266 1636 ver-

161 1689 244 1753 tunt,
267 1685 322 1739 too
343 1677 498 1739 commodo
517 1680 724 1764 prospiciens,
745 1701 839 1764 quam
865 1677 1046 1741 Markland.
1068 1675 1108 1740 ad
1131 1675 1203 1762 Iph.
1223 1677 1263 1738 A.

165 1780 256 1864 1098.
269 1780 452 1866 prouidens
466 1790 553 1844 tuam
568 1781 784 1845 conditionem.
811 1781 1002 1843 MATTH.

204 1885 280 1962 460.
311 1883 349 1948 ὣς
373 1881 438 1961 μήτ’
465 1882 606 1966 ἀχρήμων
634 1884 691 1948 σὺν
716 1884 865 1947 τέκνοισιν
891 1881 1027 1968 έκπέσῃς,
1048 1879 1053 1968 Ι
1072 1880 1136 1962 μήτ’
1164 1881 1266 1961 ἐνδεής

160 1986 227 2073 τον]
246 1984 443 2073 Hesychius:
478 1985 646 2068 Ἀχρήμων.
669 1986 772 2066 πένης,
798 1988 847 2050 καὶ
869 1985 1020 2066 αὐταρκής.
1059 1983 1181 2071 Saepius
1201 2006 1265 2048 non

158 2086 275 2173 legitur
290 2087 375 2174 apud
391 2088 534 2176 tragicos
571 2089 733 2176 Theognis
748 2113 778 2152 v.
797 2103 868 2174 155.
886 2086 999 2168 μήποτέ
1021 2111 1067 2149 τοι
1087 2089 1193 2166 πενίην
1213 2091 1264 2151 θν-

159 2191 316 2272 μοφθόρον
330 2192 415 2272 ἀνδρὶ
428 2194 604 2274 χαλεφθεὶς,
626 2190 630 2279 Ι
649 2191 715 2272 μηδ’
732 2194 953 2275 άχρημοσάνην,
967 2192 1075 2270 Κύρνε,
1088 2189 1180 2267 κακὴν
1190 2190 1274 2269 πρά--

160 2302 246 2375 φερε.
272 2291 340 2357 Ubi
354 2293 513 2370 πλεονάζει
527 2294 637 2371 oratio,
649 2294 736 2358 haud
752 2317 840 2359 secus
853 2309 949 2379 atque
963 2291 1050 2378 apud
1066 2290 1265 2377 Euripidem.

162 2394 253 2459 Idem
268 2395 350 2459 enim
374 2395 549 2482 significant
564 2399 669 2476 πενίην
685 2410 716 2461 et
731 2398 952 2481 άχρημοσύνην,
968 2392 1051 2458 idem
1075 2394 1216 2477 ἀχρήμων
1234 2407 1266 2459 et

161 2498 272 2579 ένδεής.
295 2499 409 2562 ELM.

203 2602 277 2678 462.
295 2601 368 2679 αὐτή
384 2599 563 2664 Bamesius.
589 2601 662 2686 αὐτῇ
677 2599 759 2664 libri.

204 2704 280 2784 466.
297 2702 439 2788 γλώσσῃ]
458 2703 622 2768 Reticetur
637 2701 802 2791 oppositio,
817 2721 913 2788 quom
929 2722 1027 2764 πιοαο
1042 2709 1071 2764 te
1086 2699 1194 2764 ulcisci
1207 2720 1263 2762 oe·

160 2825 279 2890 queam.
305 2806 497 2868 MATTH.

204 2907 280 2988 467.
297 2907 448 2994 Sequitur
462 2908 493 2971 in
509 2906 595 2971 libris
610 2913 688 2974 θεοῖς
702 2932 735 2971 τε
751 2907 838 2988 κάμοὶ
851 2908 943 2970 παντί
955 2903 978 2968 τ’
994 2905 1157 2984 ἀνθρώπων
1171 2903 1264 2986 γένει.

161 3009 294 3073 Versum
310 3033 327 3073 e
342 3009 410 3073 loco
423 3009 568 3074 inferiore
586 3029 679 3096 1324.
696 3009 816 3074 illatum
833 3007 948 3072 delevit
963 3004 1154 3070 Brunckiua.

203 3114 279 3195 469.
309 3113 390 3176 οὗτοι
418 3110 529 3192 θράσος
558 3113 618 3175 τόδ’
649 3111 742 3187 ἐστὶν,
772 3107 831 3173 οὐδ’
862 3107 1016 3190 εὐτολμία]
1055 3104 1266 3193 Distinguunt

160 3213 353 3298 grammatici
375 3213 455 3278 inter
473 3215 585 3295 θράσος
604 3229 635 3277 et
654 3213 773 3293 θάρσος.
814 3210 916 3275 Schol.
936 3210 1015 3275 τινὲς
1038 3210 1071 3272 δὲ
1094 3209 1264 3289 ἐπιλαμβά-

160 3342 262 3381 νονται
278 3318 436 3398 Εὐριπίδου
451 3320 489 3383 ὡς
504 3324 596 3383 κακῶς
613 3327 632 3365 *
647 3322 666 3360 θ
680 3321 699 3359 ⁸
715 3317 749 3381 τὸ
764 3320 822 3400 γὰρ
838 3315 948 3398 θράσος
963 3314 1023 3378 ἔδει
1034 3317 1154 3393 μᾶλλον
1170 3317 1264 3377 εἰπεῖν

161 3418 282 3498 θάρσος.
319 3418 453 3500 διαφέρει
475 3422 507 3482 δὲ
526 3421 564 3486 ὡς
583 3419 671 3501 ἀρετή
695 3424 804 3486 κακίας.
839 3419 873 3481 τὸ
887 3421 944 3498 μὲν
959 3419 1016 3498 γὰρ
1039 3417 1088 3479 έπὶ
1105 3420 1194 3479 κακοῦ
1218 3414 1265 3479 καὶ

158 3518 369 3601 ῥιψοκινδθνου
391 3521 546 3599 τάσσεται,
563 3522 597 3585 τὸ
612 3525 644 3586 δέ
660 3525 709 3586 ἐπὶ
727 3524 851 3604 ἀγαθοῦ.
898 3519 985 3583 Hinc
1007 3533 1080 3582 nata
1102 3517 1265 3605 scripturoe

159 3620 322 3685 diversitas
344 3622 375 3686 in
399 3623 556 3687 nonnullis
578 3624 672 3689 libris.
706 3626 800 3689 Rom.
817 3625 860 3686 A.
876 3636 949 3686 ante
971 3645 1048 3686 corr.
1065 3623 1106 3685 Ι).
1124 3623 1167 3686 Ε.
1184 3624 1265 3686 οὗτοι

161 3725 273 3806 θράσος
294 3723 353 3789 τόδ’
378 3727 471 3800 ἐστὶν,
491 3742 527 3790 ut
549 3727 653 3813 vulgo.
693 3728 787 3790 Rom.
812 3728 849 3791 C.
875 3726 938 3790 οὔτι
956 3723 1066 3805 θράσος
1086 3723 1145 3788 τόδ’
1170 3727 1264 3788 ἐστίν.

161 3827 255 3890 Rom.
271 3830 315 3891 A.
338 3851 357 3891 a
378 3851 456 3891 corr.
480 3830 561 3893 οὗτοι
583 3829 693 3910 θάρσος
715 3827 773 3892 τόδ’
791 3829 885 3907 ἐστὶν,
900 3850 996 3913 supra
1013 3827 1128 3913 scripto
1143 3825 1264 3909 θράσος.

161 3931 255 3993 Rom.
272 3932 313 3992 B.
329 3929 360 3992 in
377 3945 464 3995 textu
482 3934 562 3996 οὗτοι
577 3930 688 4013 θάρσος
702 3931 761 3996 τόδ’
779 3933 872 4010 ἐστὶν,
888 3931 920 3994 in
941 3930 1081 4015 margine
1096 3953 1170 3993 vero
1184 3930 1265 3993 οὔτοι

159 4032 218 4096 τάδ’
236 4035 300 4097 ἐστὶ
316 4031 437 4114 θάρσος.
477 4035 759 4099 Grammaticorum
784 4052 976 4122 praeceptum
999 4034 1116 4098 bonnm
1135 4047 1194 4111 est,
1210 4031 1264 4095 sed

157 4156 221 4198 non
237 4157 359 4221 semper
373 4134 565 4199 observatur.
598 4135 722 4217 Θράσος
736 4160 793 4223 pro
809 4135 919 4218 θάρσος
933 4136 1081 4201 dixerunt
1097 4133 1265 4222 Sophocles

161 4235 244 4301 Phil.
265 4257 335 4318 104.
351 4236 405 4302 El.
420 4255 495 4323 479.
511 4239 683 4325 Euripides
697 4238 769 4304 Alc.
787 4243 859 4323 607.
878 4240 990 4328 Suppl.
1007 4243 1079 4325 609.
1103 4240 1219 4303 ELM.

201 4354 277 4426 473·
296 4342 355 4423 ἐγώ
370 4366 403 4404 Τ(
417 4344 475 4423 γὰρ
488 4340 614 4420 λέξασα,
632 4342 872 4423 κουφισθήσομαι
890 4343 895 4431 Ι
914 4344 1027 4428 ψυχήν,
1046 4348 1138 4409 κακῶς
1153 4367 1199 4415 σε,
1216 4342 1264 4405 καὶ

158 4442 196 4506 σὺ
209 4442 331 4528 λυπήσῃ
347 4440 458 4528 κλύον]
479 4441 544 4508 Hic
557 4442 636 4507 ordo
650 4444 818 4508 verborum
830 4446 943 4511 nostris
956 4445 1114 4532 inelegans
1125 4443 1262 4508 videtur.
