2864 4914
549 297 617 360 AD
642 297 866 362 MEDEAM.
1198 300 1262 364 846

202 466 278 547 976.
293 468 361 542 ζόας
377 467 545 531 Porsonus.
581 469 653 546 ζωᾶς
675 468 758 532 libri.
805 470 951 533 Formam
967 468 1127 557 vulgarem
1145 470 1261 536 Atticis

158 567 285 633 omnino
301 567 541 654 abjudicandam
566 569 715 656 auspicor.
760 569 896 656 Legitur
917 586 1069 658 praeterea
1089 569 1175 658 apud
1199 573 1260 635 AE-

158 668 299 754 acbylum
320 671 425 734 Theb.
442 691 515 755 945.
539 672 609 753 (ubi
633 672 850 736 Blomlieldius
871 676 938 757 (ab)
962 673 1048 761 apud
1071 673 1258 760 Euripidem

159 771 273 835 Phoen.
293 793 383 857 1531.
400 774 504 861 Hipp.
523 775 595 837 816.
614 774 682 856 (ubi
697 774 849 838 Monlrius
864 778 949 861 ζόαν)
962 776 1041 862 Iph.
1060 778 1102 841 T.
1118 797 1187 863 150.
1205 778 1260 860 (de

158 895 222 958 quo
237 874 308 939 vide
325 877 412 940 Mus,
429 876 507 940 Crit.
526 880 618 941 Cant.
635 880 676 942 T.
691 897 721 942 a.
739 901 771 964 p.
787 880 873 962 280.)
888 881 960 958 846.
979 882 1057 944 Tro.
1071 897 1143 966 254.
1160 882 1257 944 Herc.

158 977 232 1055 664.
248 976 299 1040 El.
316 998 386 1042 121.
406 978 542 1065 denique
564 980 648 1067 apud
672 981 823 1046 incertum
845 983 1010 1068 tragicum,
1026 1006 1121 1069 quem
1143 982 1258 1070 allegat

158 1080 317 1144 Porsonus
339 1081 378 1144 ad
403 1084 484 1146 Hec.
503 1103 594 1167 1090.
632 1086 685 1147 Ex
705 1099 751 1147 tot
766 1085 916 1172 exemplis
937 1085 1058 1149 nullum
1074 1101 1132 1165 est,
1146 1086 1177 1149 in
1193 1108 1258 1173 quo

157 1184 242 1269 prior
257 1184 376 1272 syllaba
392 1186 561 1249 necessario
577 1186 775 1272 producatur.
821 1188 979 1251 Revocavi
999 1187 1095 1274 igitur
1111 1190 1188 1268 ζόας,
1203 1213 1260 1254 cu·

153 1286 207 1371 jus
223 1287 289 1350 loco
304 1294 370 1363 ζοᾶς
384 1287 486 1375 legere
499 1312 556 1375 per
571 1312 620 1352 me
635 1288 714 1353 licet.
759 1290 860 1377 Apud
881 1290 1092 1368 Herodotum,
1108 1290 1139 1355 ni
1154 1291 1257 1369 fallor,

158 1387 254 1474 vulgo
275 1392 335 1469 ζόη.
382 1391 474 1468 Ζωὸς,
498 1394 602 1469 vluna,
627 1392 711 1477 apud
737 1391 863 1456 Atticos
886 1415 948 1456 non
975 1407 1097 1457 exstare
1122 1393 1258 1459 videtur.

159 1495 255 1567 Ζῶον,
271 1497 404 1573 animal,
420 1495 599 1581 frequenter
611 1495 652 1558 ab
669 1494 729 1558 illis
743 1510 925 1581 usurpatur,
941 1494 994 1558 sed
1017 1494 1131 1558 rectius
1153 1496 1260 1560 scribi-

158 1608 211 1657 tur
225 1600 310 1681 ζῷον,
327 1613 361 1661 111
372 1599 437 1683 jam
455 1597 561 1661 monui
577 1597 617 1661 ad
633 1597 798 1684 Euripidis
814 1597 926 1684 Suppl.
943 1600 1016 1681 969.
1040 1597 1139 1661 Diarii
1156 1598 1257 1663 Class.

160 1697 204 1760 Τ.
225 1702 273 1763 16.
288 1723 322 1786 p.
338 1720 391 1784 34.
427 1702 520 1765 Hanc
536 1700 721 1787 scripturam
738 1701 850 1787 passim
867 1700 995 1765 exbibet
1011 1700 1150 1766 Platonis
1164 1700 1260 1766 editio

92 1877 97 1889 ι
158 1799 289 1865 Aldina.
329 1805 423 1866 Ζόειν
437 1826 496 1889 pro
509 1807 563 1882 (ἣν
577 1803 656 1867 dixit
674 1802 843 1891 Sophocles
857 1803 938 1867 OEd.
954 1805 991 1868 C.
1011 1823 1103 1889 1213.
1119 1804 1171 1868 El.
1187 1803 1257 1889 158.

157 1905 272 1970 ELM.

201 2024 273 2092 977.
291 2011 322 2076 ἐς
336 2009 465 2073 codices.
490 2013 532 2077 εἰς
547 2010 623 2073 Ald.

201 2111 275 2194 978.
296 2113 473 2192 ἂνοδεσμῶν
489 2114 657 2175 Porsonus.
692 2111 868 2191 ἆναδόσμων
883 2111 965 2189 libri,
982 2111 1037 2175 nisi
1053 2112 1140 2198 quod
1164 2113 1258 2176 Lase.

158 2211 361 2293 ἇναδεσμέων.
397 2223 418 2252 “
435 2214 575 2302 Hesycb.
590 2211 779 2294 Ἀναδέσμηε
803 2216 901 2296 μίτρα,
917 2214 1060 2295 ἆνόδημα·
1084 2217 1113 2278 ol
1134 2218 1166 2278 δὲ
1182 2214 1260 2282 εἶδος

160 2313 271 2396 κόσμου
294 2319 343 2380 ἐπὶ
363 2309 509 2399 repenle?
552 2316 757 2380 Scribendum
780 2316 878 2403 igitur
893 2319 1069 2396 ἀναδασμόν
1084 2315 1131 2380 vel
1155 2315 1260 2402 potius

158 2418 358 2499 ἁναδεσμᾶν.”
382 2420 497 2483 ELM.

202 2542 274 2606 979.
290 2521 451 2607 δύστανος]
469 2520 601 2607 Aliquot
617 2520 685 2584 libri
702 2524 722 2584 ὰ
736 2522 890 2589 δύστανος.

144 2680 145 2683 ,
201 2628 274 2709 980.
292 2626 368 2688 Duo
383 2648 490 2688 versus
503 2623 534 2687 in
552 2623 628 2687 Ald.
642 2646 776 2710 quorum
793 2624 871 2688 alter
884 2624 925 2688 ab
941 2623 1026 2702 θήσει
1040 2622 1159 2710 incipit.

202 2730 276 2812 982.
293 2732 327 2793 ἐν
341 2727 463 2792 addidit
479 2729 650 2792 Porsonus.

201 2837 304 2914 χεροῖν
318 2830 447 2895 codices.
471 2837 537 2895 ταῖν
551 2838 655 2913 χεροῖν
670 2830 749 2894 Ald.

202 2936 275 3019 983.
297 2934 415 2998 πέπλον
437 2934 594 2998 Reiskius.
625 2935 749 2998 πέπλων
767 2932 847 3008 libri,
864 2931 919 2995 nisi
935 2931 1019 3018 quod
1035 2931 1112 2995 Ald.
1127 2930 1257 3011 πέπλου,

158 3037 243 3125 quod
260 3060 354 3124 super
367 3041 492 3101 πέπλων
506 3037 656 3122 scriptum
673 3036 765 3100 estin
784 3037 826 3097 A.
1083 3103 1085 3108 s

202 3142 275 3224 984.
293 3142 511 3223 χρυσότευκτόν
525 3165 558 3204 τε
573 3139 726 3222 στέφανον
744 3135 899 3200 Reiskius,
937 3136 1121 3222 Legebatur
1134 3141 1260 3220 χρυσεό-

158 3268 278 3306 τευκτον
303 3242 465 3323 στέφανον.
498 3244 716 3326 χρυσότευκτον
740 3238 903 3303 scholiasta
928 3238 959 3301 in
983 3239 1056 3303 edd.
1086 3240 1256 3304 veteribus:

157 3349 391 3427 χρυσεότενκτον
405 3344 435 3407 in
452 3344 545 3408 codd.
562 3342 761 3407 Florentinis.

200 3447 433 3533 χρυσότευκτον]
458 3445 628 3534 AEscbylus
653 3445 758 3510 Theb.
783 3446 856 3508 666.
884 3448 912 3510 εἴ
935 3471 982 3509 νιν
1006 3444 1123 3524 κατάξει
1148 3447 1259 3528 χρυσό·

158 3576 263 3615 revera
277 3552 443 3631 γράμματα.
468 3549 558 3613 Idem
576 3551 777 3630 Περραιβίσνν
788 3547 873 3634 apud
890 3548 1082 3612 Athenaeum
1098 3570 1130 3634 p.
1140 3567 1204 3632 499
1214 3549 1258 3611 A.

159 3657 226 3716 Ποῦ
247 3678 297 3732 μοι
318 3655 355 3716 τὰ
376 3656 478 3716 πολλὰ
499 3657 578 3734 δῶρα
600 3652 786 3731 κᾶκροθίνιας
809 3651 890 3738 {nori
910 3651 1112 3734 χρυσότευκτα
1130 3650 1261 3731 κᾶργνρῖι

159 3757 360 3837 σκυφώματας
386 3754 486 3840 Apud
504 3753 691 3840 Euripidem
712 3755 824 3818 Phoeu.
843 3753 914 3819 228.
931 3751 1037 3839 scripti
1052 3751 1173 3816 codices
1186 3779 1258 3836 χρυ-

160 3860 353 3930 σεοτεόκτοις,
377 3857 430 3920 sed
457 3872 557 3920 metro
580 3855 815 3920 convenientius
839 3870 886 3920 est
912 3856 1150 3938 χρυσοτεόκτοις,
1172 3856 1260 3940 quod

159 3959 287 4023 exbibet
303 3960 432 4023 Aldina.
477 3959 577 4045 Apud
594 3958 779 4045 Euripidem
798 3957 889 4022 etiam
908 3956 1002 4044 vulgo
1017 3956 1167 4043 leguntur
1187 3983 1259 4040 χρυ-

160 4064 393 4144 σεοβόστρυχος,
409 4063 636 4144 χρυσεόκυκλος,
652 4061 892 4142 χρυσεόμαλλος,
904 4060 1119 4142 χρυσεόνωτας,
1135 4084 1261 4141 χρυσεο-

159 4164 296 4243 πήνητος,
312 4164 584 4246 χρυσεοσάνδαλον,
600 4162 874 4245 χρυσεοστέφανος,
887 4165 1118 4245 χρυσεόστολος,
1134 4163 1261 4243 χρυσεό·

159 4292 258 4340 runos,
289 4265 547 4349 χρνσεοφόλαρος,
572 4286 706 4351 quorum
739 4263 887 4328 nonnulla
916 4280 1016 4328 metro
1044 4262 1260 4329 adversantur.

160 4370 275 4432 ELM.

202 4474 275 4555 985.
299 4475 513 4554 Νυμφοκομεῖν
534 4469 566 4534 11.
582 4469 603 4533 l.
620 4489 682 4533 non
698 4479 743 4543 est
759 4469 887 4544 trudere,
903 4483 939 4534 ut
954 4467 1080 4533 videtur
1098 4465 1258 4545 Elmsleio,

685 4590 739 4655 1¹3
