2864 4914
528 304 595 366 ΑΙ)
618 301 905 367 PHOENISSAS.
1212 301 1275 368 163

214 468 330 553 τόφρον
344 472 453 560 πέλας]
470 471 594 555 τάφρος,
611 475 741 552 vallum,
757 473 809 538 teli
819 474 951 559 jactum,
968 471 1016 536 vel
1031 473 1122 536 etiam
1139 473 1273 562 longius,

170 594 189 636 a
205 573 302 636 muris
316 574 470 648 distabat;
496 575 580 639 unde
592 575 750 641 Adrastus
766 599 850 651 mox,
867 574 1026 662 repulsum
1041 597 1061 637 a
1075 574 1173 638 muris
1187 599 1275 640 erer-v

170 673 267 739 citum
284 677 339 756 ἔξω
354 674 468 759 τάφρου
487 684 636 744 καθεῖσεν.
652 699 790 764 v.1232.
837 678 923 742 Hinc
938 676 995 741 loci
1012 676 1109 762 hujus
1123 677 1275 742 sententia

171 775 334 850 elucescitt
363 779 513 866 Argivos,
526 804 598 845 cum
614 783 654 845 ad
669 782 785 863 τάφρον
799 781 863 845 sive
877 781 958 844 intra
974 778 1025 843 teli
1037 780 1158 866 jactum
1173 780 1275 844 venis·

170 896 249 958 sent,
275 882 427 968 reliquum
454 885 588 970 spatium
613 907 706 948 cursu
731 884 910 962 confecisse,
934 906 998 969 quo
1021 881 1151 946 celerius
1176 885 1274 948 muris

171 984 381 1048 succederent.
428 986 565 1061 Phrasis‚
588 986 613 1050 si
639 986 678 1050 ad
702 986 831 1050 verbum
857 986 979 1064 reddas,
1002 985 1182 1072 hujusmodi
1205 1003 1270 1051 est:

170 1107 267 1149 οτι-τοο
281 1090 513 1173 conjunxerunt
527 1090 635 1153 arbem
656 1090 848 1166 Thebanam,
863 1099 899 1153 ut
914 1090 995 1153 nollo
1013 1090 1165 1175 contigua
1184 1099 1278 1154 esset:

172 1187 223 1250 Sic
252 1187 352 1253 solent
376 1190 479 1255 Graeci
506 1191 698 1255 velocitatem
729 1192 910 1278 significare.
958 1190 1126 1278 Sophocles
1152 1190 1273 1257 Eieetr.

170 1310 202 1352 v.
219 1290 294 1354 688.

385 1397 493 1476 δρόμον
508 1394 531 1459 δ’
549 1398 660 1463 induas
674 1401 709 1483 τῇ
723 1395 823 1479 ’φέσει
836 1401 874 1461 τὰ
887 1396 1025 1477 τέρματα.

170 1492 319 1582 τῇ’φέσει
333 1519 391 1582 pro
405 1523 440 1583 τῃ
457 1498 576 1579 ἀφέσει.
601 1500 690 1562 Male
705 1499 801 1586 vulgo
816 1501 851 1586 τῇ
866 1501 968 1581 φύσει.
980 1498 1043 1562 vid.
1059 1515 1090 1561 et
1102 1497 1273 1583 Antipater

170 1596 303 1661 Anthol.
319 1622 350 1685 ρ.
367 1620 395 1662 1.
413 1601 556 1664 MUSG.

217 1703 308 1763 1106.
326 1700 459 1786 ἔκγονος]
479 1702 605 1783 ἔγγονος
619 1700 696 1767 Ald.
712 1717 743 1766 et
758 1725 831 1790 pers
846 1703 998 1767 codicum.

216 1821 309 1866 1110.
325 1803 454 1884 όρμασιν
468 1803 561 1866 codd.
577 1803 677 1868 multi.
702 1805 808 1887 ἅρματι
823 1805 902 1869 Ald.

217 1923 307 1968 1112.
335 1908 497 1987 σωφρόνως
522 1905 610 1986 ἄσημ’
637 1908 731 1992 ὅπλα]
759 1907 945 1994 AEschylum
973 1906 1124 1982 imitatur,
1152 1905 1207 1993 qui
1232 1904 1272 1970 de

170 2005 366 2091 Amphiarao
389 2007 421 2070 in
450 2010 536 2094 Sept.
563 2009 604 2072 ad
631 2009 696 2073 Th.
721 2027 796 2095 597.
827 2011 909 2091 σῆμα
930 2009 955 2074 δ’
983 2010 1036 2072 οὐκ
1062 2008 1136 2087 ἐπῆν
1163 2010 1270 2092 κύκλιρ.

170 2108 341 2171 VALCK.

216 2229 309 2290 1114.
326 2211 436 2295 ἔστειχ’
451 2211 544 2276 codd.
559 2211 711 2300 plerique.
735 2211 832 2293 ἕστηκ’
849 2212 926 2276 Ald.

216 2332 307 2398 1115.
323 2316 492 2400 πανόπτην]
511 2318 649 2401 Argum,
665 2314 720 2400 qui
736 2314 802 2400 ipse
822 2316 938 2381 στικτός
960 2313 1020 2377 dici
1042 2313 1159 2400 potuit,
1175 2329 1211 2378 ut
1231 2315 1272 2380 ab

169 2414 357 2479 Nemesiano
373 2418 493 2503 Cyneg.
509 2438 561 2502 31.
607 2417 833 2503 Stellotumque
846 2418 945 2480 oculis
958 2417 1114 2480 οακῖοόατα
1129 2419 1273 2505 virginis

169 2519 236 2582 Ius.
283 2519 394 2584 Minus
419 2535 502 2584 recte
523 2520 639 2584 dicitur
660 2519 811 2607 Euripidi
833 2525 961 2586 στικτοῖς
983 2522 1095 2598 ὄμμασι
1117 2522 1270 2601 δεδορκώς.

169 2621 339 2685 VALCK.

215 2727 308 2788 1116.
324 2742 416 2806 1117.
428 2725 595 2810 τλ-μέτα]
612 2724 673 2802 Qui
685 2724 752 2788 haec
767 2723 908 2809 proxime
923 2722 1077 2809 sequitur,
1090 2725 1129 2790 ὡς
1143 2725 1272 2806 ὕστερον

168 2825 311 2892 θανόντος
323 2828 444 2906 εἰσορᾶν
454 2826 561 2906 παρῆν,
573 2825 652 2889 adeo
663 2848 771 2889 versus
781 2843 827 2890 est
842 2824 989 2902 insulsus,
1001 2841 1035 2888 ut
1051 2825 1127 2888 mihi
1142 2825 1271 2911 quidem

166 2924 209 2989 ab
221 2925 348 2991 alterius
363 2950 457 2990 manu
471 2927 615 2992 videatur
630 2928 789 3015 profectus
800 2926 964 3014 Euripidis
974 2927 1144 2991 excusandi
1159 2928 1271 3015 gratia,

167 3026 192 3090 si
214 3027 280 3092 duo
302 3052 410 3092 versus
434 3029 552 3115 priores
576 3047 650 3095 sunt
673 3030 848 3116 Euripidis,
872 3053 952 3116 quos
974 3030 1034 3094 sub
1055 3031 1125 3117 ejus
1147 3028 1272 3093 nomine

166 3128 242 3216 legit
256 3148 287 3195 et
301 3131 377 3195 citat
392 3132 580 3196 Eustathius
595 3156 626 3220 p.
644 3135 715 3212 182,
732 3153 781 3216 29.
799 3134 968 3197 VALCK.
1014 3134 1113 3196 Recte
1133 3132 1190 3195 hos
1209 3145 1273 3194 tres

167 3253 274 3297 versus
288 3237 325 3297 τῖι
339 3235 536 3316 μὲν-παρῆν
550 3234 695 3320 indignos
714 3258 779 3298 esse
794 3234 949 3321 Euripide
962 3234 1086 3320 judicat
1104 3232 1273 3297 Valckena-

166 3335 243 3399 rius.

212 3441 305 3503 1116.
320 3441 392 3524 σὺν]
410 3442 462 3519 ξὺν
478 3439 619 3526 quinque
633 3439 753 3503 codices
767 3454 799 3503 et
814 3439 1012 3503 Eustathius.

209 3540 257 3604 Hi
278 3542 457 3619 accusativi,
478 3547 514 3606 τὰ
535 3545 592 3622 μὲν
608 3545 725 3622 ὄμματα
739 3543 904 3621 βλέποντα,
921 3545 958 3606 τὰ
972 3545 1005 3605 δὲ
1021 3543 1186 3622 κρύπτοντα
1200 3556 1271 3626 post

165 3645 296 3723 ὄμμασιν
310 3647 477 3727 δεδορκότα,
495 3643 618 3722 dubito,
631 3667 670 3708 an
687 3645 729 3708 sic
744 3643 931 3729 explicandi,
946 3660 980 3707 ut
993 3644 1103 3726 ἔχοντα
1113 3641 1269 3729 suppleam,

166 3769 197 3808 v.
213 3769 239 3810 c.
262 3747 411 3831 Xenoph.
431 3747 539 3811 Anab.
553 3767 586 3827 4,
602 3766 634 3830 5,
659 3766 711 3830 25.
737 3750 768 3811 οἱ
790 3745 814 3810 δ’
837 3747 926 3809 οἰκίαι
948 3745 1027 3824 ἦσαν
1050 3744 1210 3825 κατάγειοι,
1234 3743 1269 3808 τό

163 3850 220 3928 μὲν
242 3850 339 3929 στόμα
360 3851 461 3931 ὥσπερ
483 3849 612 3932 φρέατος
635 3851 689 3931 (sc.
708 3849 856 3931 ἔχουσαι),
874 3848 949 3911 κάτω
972 3850 1005 3910 δὲ
1028 3847 1146 3927 εὐρεῖαι.
1195 3846 1267 3912 Vid.

165 3951 308 4015 Graium.
326 3952 383 4015 Gr.
402 3953 430 4034 ξ
445 3971 507 4033 427
525 3951 556 4015 b.
594 3952 675 4014 Haec
690 3949 879 4014 oonstructio
893 3949 924 4012 in
941 3947 1105 4013 Herodoto
1121 3970 1265 4012 nonnun-

163 4075 258 4139 quam
280 4053 444 4141 reperitur,
459 4054 490 4116 in
506 4053 623 4117 Atticis
645 4053 809 4129 rarissime,
829 4052 853 4116 si
877 4073 1027 4138 unquam,
1049 4074 1068 4113 a
1090 4050 1267 4137 posteriori·

162 4154 224 4219 bus
245 4156 391 4243 sophistis
412 4156 610 4243 frequentata
632 4155 704 4219 fuit.
725 4154 787 4218 vid.
806 4154 847 4218 nd
868 4154 1001 4218 Lucian.
1016 4153 1075 4215 vol.
1095 4173 1124 4217 2.
1140 4177 1174 4238 p.
1190 4157 1263 4233 446.

161 4256 211 4322 ed.
228 4258 299 4344 Bip.
317 4274 353 4323 ut
367 4259 447 4322 hano
461 4281 588 4346 quoque
602 4258 644 4322 ob
659 4281 783 4321 cansam
800 4280 861 4321 non
876 4255 1090 4345 improbabilis
1105 4255 1143 4319 sit
1155 4255 1262 4320 Valck.

162 4360 307 4449 suspicio,
320 4376 383 4426 tres
394 4362 450 4426 hos
463 4381 569 4431 versus
582 4386 601 4425 a
616 4361 729 4424 seriore
744 4384 837 4425 manu
854 4361 977 4426 additos
985 4383 1058 4424 esse.
1072 4359 1262 4423 MATTH.

679 4486 704 4527 11
724 4482 742 4528 2
