2864 4914
581 301 848 366 LIBRORUM.
1182 297 1267 362 xxvii

164 485 274 546 stans.
318 474 628 544 Commemoratur
655 493 911 563 nonnunquam
935 493 956 540 a
985 471 1180 553 Brunckio‚
1206 471 1269 563 qui

164 586 322 662 atteram
338 585 495 659 codicem
512 585 657 681 regium
673 593 785 658 cocat.

215 707 273 800 56.
297 715 318 746 “
333 701 374 777 S.
392 705 610 784 chartaceus,
637 704 722 773 olim
749 702 977 797 Bigotianus,
1003 726 1037 771 n.
1058 702 1165 771 1816.
1192 701 1271 770 Me·

163 825 265 893 deam
291 821 477 892 continens
503 842 616 910 usque
642 821 687 889 ad
711 842 743 887 v.
764 819 846 912 763.
871 819 925 887 ed.
951 818 1059 887 Barn.
1086 841 1166 886 cum
1193 839 1270 886 ver-

163 938 262 1009 sione
292 937 437 1019 Latina,
467 936 601 1006 notulis
631 947 738 1027 atque
768 935 1075 1005 emendationibus
1105 934 1150 1005 V.
1173 933 1219 1003 D.
1250 956 1270 1002 e

164 1054 264 1124 codd.
305 1052 394 1122 Fuit
419 1051 509 1122 liber
536 1052 724 1122 Maludani
750 1052 948 1144 cujusdam,
966 1050 1040 1141 qui,
1058 1060 1099 1120 nt
1117 1049 1269 1131 videtur,

164 1167 413 1238 annotationes
431 1191 450 1237 e
468 1167 645 1262 magistri,
662 1191 767 1258 quem
787 1166 832 1236 Τ.
850 1165 972 1235 littera
988 1165 1152 1261 designat
1170 1165 1270 1256 (Tri-

166 1286 320 1356 narchus
338 1285 545 1354 nominatur
562 1286 607 1353 ad
625 1309 657 1352 v.
675 1306 711 1373 4.
729 1308 749 1354 e
765 1282 921 1364 scholiis
939 1282 1001 1352 ubi
1019 1292 1073 1352 est
1089 1279 1264 1376 Τίμαρχος)

165 1424 226 1471 011
244 1409 408 1490 exceptas
426 1398 641 1468 nitidissime
658 1398 834 1490 appinxit,
850 1400 1060 1489 plerumque
1072 1399 1269 1469 levissimas

166 1515 256 1585 etin
276 1516 463 1584 verborum
481 1515 717 1604 explicatione
734 1524 933 1605 occupatas,
951 1537 1081 1604 paucas
1098 1513 1270 1584 criticas.”

167 1629 370 1700 MATTH.
409 1629 482 1711 Qui
501 1628 696 1719 specimina
712 1629 856 1699 illarum
874 1632 1143 1701 annotationum
1163 1654 1270 1722 appo-

168 1745 242 1815 suit
257 1745 408 1839 indigna
425 1768 508 1835 quae
524 1754 743 1835 repetantur.

219 1879 277 1955 57.
303 1857 354 1930 R.
381 1862 472 1930 alter
498 1861 606 1953 regiae
632 1861 811 1931 societatis
839 1861 1078 1933 Londinensis
1102 1864 1211 1933 codex
1233 1887 1269 1934 n.

170 1997 228 2065 ²4
245 1984 317 2045 tres
337 1975 473 2066 priores
499 1975 638 2045 fabulas
661 1975 857 2060 continens,
875 1978 970 2067 apud
998 1978 1110 2072 King.
1128 1988 1165 2048 et
1184 1979 1271 2048 Por-

167 2115 243 2162 son.

219 2208 377 2300 58-60.
404 2204 509 2277 Bone.
527 2203 581 2277 D.
600 2218 636 2277 et
654 2204 710 2276 Ε.
734 2208 807 2278 sive
824 2207 993 2279 Vaticani
1012 2233 1095 2304 910.
1118 2209 1271 2302 (charta-

169 2326 266 2414 ceus)
285 2334 321 2393 et
344 2345 447 2412 1421.
466 2323 730 2416 (bombycinus)
751 2324 944 2417 Hippolyti
959 2335 1006 2407 et,
1023 2348 1132 2416 quam
1149 2323 1271 2395 Elms-

168 2440 258 2510 leius
275 2439 437 2521 contulit,
456 2440 605 2510 Medeae.
658 2439 819 2531 Uterque
844 2440 1014 2509 mutilus:
1040 2463 1122 2510 nam
1147 2440 1193 2508 D.
1211 2441 1271 2509 de-

168 2555 255 2625 sinit
272 2555 311 2624 in
330 2556 468 2624 Medeae
488 2575 653 2649 v.1017.,
672 2554 716 2623 Ε.
735 2555 773 2624 in
792 2579 823 2623 v.
839 2555 921 2647 748.
948 2553 1073 2624 Alium
1092 2557 1270 2646 quendam

168 2670 385 2742 Vaticanum
414 2672 585 2757 Hecubae,
603 2671 742 2742 Orestis
763 2682 799 2742 et
824 2673 1103 2755 Phoenissarum‚
1123 2672 1270 2743 Parisiis

168 2786 334 2856 tractavit
358 2787 544 2868 Faehsius,
571 2789 673 2880 cujus
702 2789 781 2858 vide
809 2789 978 2882 Syllogen
1005 2811 1039 2879 p.
1068 2808 1150 2883 273.
1202 2788 1271 2859 Est

167 2903 277 2972 codex
294 2902 486 2993 rescriptus
504 2904 793 2974 membranaceus
810 2905 920 2974 seculi
936 2904 1147 2974 duodecimi.

217 3019 278 3088 61.
298 3019 357 3088 61.
391 3015 507 3089 Teuc.
534 3021 617 3102 duo,
645 3019 868 3090 bibliothecae
900 3019 1007 3114 regiae
1036 3019 1271 3090 Taurinensis

168 3135 215 3206 ab
231 3137 392 3206 Amedeo
410 3136 571 3228 Peyrone
588 3135 707 3205 collati
726 3137 763 3204 in
783 3158 886 3204 usum
907 3134 1087 3205 Matthiae.
1132 3134 1271 3205 Eorum

167 3252 259 3321 alter
278 3251 337 3342 (Β.
356 3251 422 3321 VI.
443 3269 475 3344 7.
503 3253 597 3341 apud
626 3251 747 3322 Pasin.
766 3253 833 3321 vol.
856 3274 885 3318 1.
911 3274 945 3340 p.
965 3251 1063 3344 315.)
1090 3250 1270 3342 bombyci-

166 3389 234 3436 nus
262 3367 371 3437 seculi
403 3384 456 3459 15.
480 3377 545 3450 est,
574 3366 737 3437 Orestem
764 3377 799 3437 et
828 3366 1033 3436 Phoenissae
1063 3364 1270 3436 continens:

166 3484 256 3552 alter
279 3483 335 3570 (C.
353 3482 399 3553 V.
418 3506 450 3576 3.
478 3484 573 3573 apud
601 3483 720 3552 Pasin.
738 3483 785 3552 ib.
811 3506 845 3574 p.
866 3482 963 3575 116.)
980 3482 1270 3551 Andromacham

166 3599 286 3668 habet.

217 3715 275 3808 63.
301 3709 575 3806 Vitebergenaia
596 3715 801 3786 chartaceus
827 3716 937 3786 seculi
969 3738 1022 3807 13·
1042 3714 1089 3806 (Ρ)
1110 3714 1270 3786 Hecubae

164 3831 292 3922 (usque
316 3831 414 3899 adv.
440 3831 552 3925 274),
570 3831 720 3912 Orestis,
747 3831 1030 3901 Phoenissarum.
1083 3829 1271 3900 Lectiones

165 3945 212 4015 ab
228 3967 265 4015 se
282 3953 466 4034 excerptas
484 3968 564 4015 cum
585 3944 776 4015 Matthiaeo
793 3945 1069 4015 communicavit
1093 3944 1272 4015 Herman-

167 4083 247 4131 nus.

216 4176 275 4264 64.
303 4185 324 4216 “
338 4173 451 4269 Mag.
473 4176 542 4247 His
559 4175 689 4246 litteris
709 4175 837 4245 Elmsl.
855 4176 1056 4271 designavit
1069 4179 1271 4266 exemplum

169 4294 225 4362 ed.
244 4291 485 4386 Hervagianae
501 4316 569 4362 sec.
590 4292 628 4362 in
645 4292 729 4363 bibl.
749 4291 886 4362 Bodlei.
903 4292 941 4361 in
960 4315 1032 4383 quo
1052 4293 1097 4361 ad
1114 4314 1155 4360 ea
1173 4290 1269 4360 tituli
