2864 4914
296 297 364 361 AD
389 298 692 362 IPHIGENIAM
718 295 1046 361 AULIDENSEM.
1160 298 1222 363 475

166 480 237 550 791.
257 466 474 554 εδπλοκάμονς]
493 467 700 532 scribendum
716 466 904 547 εὐπλοκάμου
918 489 990 531 cum
1006 466 1156 531 Dobraeo.

167 584 241 651 792.
265 571 407 650 δακρυόεν
422 570 534 637 άνύσας
556 567 733 632 Barnesius.
770 566 936 650 δακρυόεντ’
952 569 1066 635 ἆνύσας
1088 569 1160 631 Par.
1175 572 1220 632 A.

124 672 206 734 ΒΩ.
240 675 382 753 δακρυόεν
410 674 541 739 τανύσας
566 671 653 736 Flor.
680 693 708 735 1.
733 690 761 737 2.
795 670 962 754 δακρυόεντ’
990 673 1120 740 άκούσας
1143 671 1221 736 Ald.

125 772 240 836 Sensus
254 773 421 838 verborum
437 773 487 838 hic
502 788 559 852 est,
575 777 646 862 quis
661 795 719 851 me,
735 775 810 839 bene
827 782 938 838 comtoe
952 796 1049 839 comoe
1065 774 1220 838 velamen-

123 883 189 938 tum
211 875 412 940 lacrimosum
433 889 607 955 assecutum,
621 898 662 941 en
677 879 792 964 ραύτύα
812 885 938 941 vastata
952 876 1108 941 abducet?
1131 879 1223 957 κόμας

124 976 216 1057 ἔρυμα
237 979 350 1044 ἀνύσας
369 976 452 1041 idem
475 992 521 1041 est
544 979 632 1059 κάμῃς
657 977 803 1060 ἁρπάσας,
829 992 865 1041 ut
886 977 1058 1065 Euripides
1081 978 1222 1066 loquitur

122 1100 153 1141 v.
169 1079 261 1162 1365.
279 1078 566 1160 ἁρπάσας-ξανθῆς
582 1082 704 1162 ε’θείρης.

167 1197 239 1265 793.
255 1181 425 1260 ὀλλυμένας
439 1182 626 1246 Erfurdtius
640 1182 680 1246 ad
697 1182 796 1270 Soph.
815 1185 892 1247 Ant.
909 1183 981 1267 833.
997 1205 1070 1269 quoe
1092 1182 1222 1249 fortusse

123 1303 184 1344 non
200 1282 369 1347 necessaria
388 1283 420 1347 in
442 1284 501 1348 hoc
523 1301 616 1371 poeta
630 1284 779 1350 correctio
793 1300 850 1349 est.
897 1285 937 1349 In
954 1283 1042 1348 libris
1063 1300 1109 1349 est
1129 1287 1221 1350 οὐλο-

122 1381 225 1462 μένας.

165 1499 238 1570 794
262 1489 311 1551 διδ
332 1485 386 1571 σὲ]
411 1487 623 1553 Continuatur
645 1487 694 1552 his
712 1487 812 1552 verbis
825 1487 925 1553 oratio
939 1487 1025 1553 chori
1046 1487 1222 1577 interrupta

123 1587 262 1653 versibus
278 1602 460 1674 791—793.

161 1707 234 1776 795.
252 1693 279 1755 ei
289 1692 337 1776 δὴ]
359 1690 563 1755 Scribendum
581 1692 633 1758 εἶά
649 1694 667 1773 ἡ
681 1714 753 1757 cum
769 1691 908 1756 Reislrio.

167 1794 239 1878 796.
255 1794 295 1861 ὣς
308 1794 415 1878 ἔτυχεν
430 1795 504 1858 Par.
521 1795 560 1859 B.
577 1793 664 1860 Flor.
684 1815 713 1859 1.
730 1813 761 1860 2.
796 1795 834 1863 ὡς
849 1795 937 1878 ἔτυχε
952 1792 1031 1858 ΑΙά.
1064 1795 1103 1861 ὣς
1118 1794 1223 1878 ἔτυχες

123 1897 197 1960 Pur.
212 1897 257 1960 A.
297 1894 502 1961 Scribendum
518 1897 557 1964 ὥς
571 1895 599 1960 σ’
616 1897 718 1963 ἔτεκεν
731 1920 803 1962 cum
820 1895 1018 1985 Musgrnvio.
1054 1897 1223 1961 Contrario

121 2020 225 2062 errore
247 2000 346 2082 ιυχδν
368 1997 401 2061 in
424 1999 517 2064 τεκδν
541 2013 725 2088 corruptum
752 1999 813 2064 fuit
838 1998 926 2087 apud
952 1997 1051 2084 Soph.
1075 1998 1155 2063 OEd.
1178 2001 1221 2064 Τ.

125 2115 217 2186 1025.

164 2203 249 2283 Λήδα
263 2202 421 2269 Matthiae.
443 2202 515 2283 Λήδ
531 2203 612 2268 libri.

165 2321 238 2390 797.
253 2308 348 2388 ὄρνιθι
358 2306 497 2391 πταμένῳ
513 2305 735 2372 Marklandus.
773 2303 863 2369 Libri
879 2303 970 2386 ὄρνιθ’
987 2302 1144 2390 ἱσταμένῳ.

165 2408 238 2492 798.
262 2411 401 2490 Πιερίσιν
423 2407 509 2473 Flor.
533 2429 559 2472 1.
599 2407 703 2495 Vulgo
730 2408 860 2489 Πιερίσι·
884 2413 906 2446 “
920 2409 953 2471 έν
978 2407 1094 2475 δέλτοις
1117 2409 1219 2489 Πιερί-

123 2535 183 2584 σιν,
205 2512 242 2573 iu
257 2511 480 2599 pugillaribus
507 2511 638 2590 Pieriis,
660 2509 680 2573 i.
695 2532 722 2573 c.
748 2510 929 2586 Musarum,
950 2508 981 2573 in
1004 2506 1222 2573 carminibus.”

123 2614 265 2678 BOTH.

166 2716 238 2797 804
253 2716 348 2783 πέλας
363 2714 542 2781 Burnesius
579 2715 670 2780 Libri
684 2717 789 2782 πύλας.

166 2819 239 2900 807.
257 2817 361 2899 ἀκτὰς]
378 2817 584 2882 Scribendum
600 2819 701 2886 άκταῖς
715 2839 787 2881 cum
803 2817 997 2880 Hermanno.

166 2919 239 2983 808.
255 2916 391 3003 άπαιδες]
409 2919 616 2984 Scribcndum
633 2921 680 2984 καὶ
694 2923 801 2987 παῖδας
815 2941 887 2983 cum
904 2916 1102 3005 Musgruvio.

166 3022 239 3105 809.
261 3018 384 3085 Ἑλλάδ’
403 3021 563 3086 Porsonus
577 3021 608 3086 iu
623 3021 747 3108 praefat.
762 3022 803 3085 ad
826 3019 951 3085 Hecub.
967 3042 999 3107 p.
1016 3018 1092 3084 xxii.
1129 3018 1221 3082 Libri

120 3122 247 3187 Ἑλλάδι
267 3123 305 3206 γ’.
342 3124 403 3186 Est
416 3137 521 3186 autem
535 3121 659 3188 Ἑλλάδ’
676 3145 737 3187 non
760 3122 897 3199 dativus,
914 3136 950 3186 ut
964 3121 1129 3186 videbatur
1144 3122 1222 3184 Por-

121 3247 209 3304 sono‚
224 3224 277 3290 sed
293 3223 504 3288 accusativus:
527 3225 619 3312 cujus
629 3224 866 3290 constructionis
878 3224 1055 3312 exemplum
1068 3224 1109 3288 sd
1123 3222 1221 3308 Soph.

122 3327 201 3393 OEd.
227 3328 265 3392 C.
289 3345 364 3411 942.
391 3327 487 3394 ούδεάς
510 3328 576 3391 ποτ’
597 3327 701 3395 αὐτοὺς
729 3331 790 3392 τῶν
817 3329 896 3407 έμῶν
921 3326 959 3391 δν
984 3326 1110 3407 ἐμπέσοι
1133 3329 1223 3406 &rios

121 3431 278 3512 ξυναίμυν,
294 3427 401 3493 attulit
415 3426 584 3493 Elmsleius
597 3429 639 3494 ad
662 3429 788 3495 Heracl.
806 3431 881 3515 693.
919 3430 992 3493 Non
1014 3428 1094 3493 nude
1118 3443 1221 3493 tamen

121 3531 291 3597 Elmsleius
304 3531 344 3596 sd
362 3530 490 3595 Medeae
505 3553 535 3594 v.
551 3550 603 3616 93.
618 3530 750 3619 conjecit
764 3531 817 3596 οὔκ
835 3532 907 3597 άνευ
922 3535 1000 3596 θεῶν
1013 3557 1103 3605 τινος,
1118 3529 1222 3595 deleto

120 3632 251 3700 Ἐλλάδι
264 3633 304 3717 γ’.

165 3738 237 3800 811.
254 3739 344 3801 αὑτοῦ
357 3734 522 3801 Victorius.
562 3734 667 3823 Vulgo
682 3735 781 3800 αὐτοῦ.

166 3840 240 3904 812.
254 3836 421 3920 Φάρσαλον
435 3836 513 3901 Ald.
536 3834 715 3918 Φαρσάλιον
729 3836 862 3902 codices.

165 3941 238 4026 813.
262 3940 367 4004 ταῖσδέ
388 3938 432 4025 γ’]
462 3941 612 4026 Ineptum
636 3950 682 4003 est
708 3963 753 4021 γε.
791 3938 999 4004 Scribendum
1022 3936 1125 4004 ταισίδ’
1149 3960 1221 4003 cum

122 4040 318 4109 Blomfieldo.

162 4143 461 4225 λεπταῖς-Εὐρίπου
485 4143 604 4227 πνοαῖς]
635 4140 733 4207 Plura
758 4141 819 4206 dici
845 4157 972 4230 possent
995 4166 1052 4229 pro
1075 4146 1169 4226 ῥοαῖς,
1197 4142 1222 4206 si

121 4268 194 4311 cum
209 4243 387 4311 codicibus:
411 4266 484 4308 nam
507 4242 640 4308 tentoria
655 4243 895 4330 Myrmidonum
911 4245 975 4308 fixa
989 4259 1078 4309 erant
1093 4245 1223 4325 Εὐρίπου

120 4349 225 4418 πέλας.
271 4349 336 4412 Hae
349 4346 458 4412 λεπταὶ
477 4346 608 4428 Εύρίπον
625 4346 693 4428 ῥοαὶ
707 4361 860 4411 vocantur
873 4347 984 4415 λεπτὸς
1006 4346 1136 4428 Εὐρίπου
1152 4347 1223 4409 κλύ-

121 4457 181 4518 δον
194 4451 280 4540 apud
297 4448 443 4517 Strabon.
462 4469 490 4514 1.
505 4471 537 4537 p.
556 4467 626 4529 104.
641 4471 679 4512 ex
698 4448 777 4513 lone
792 4447 883 4515 Chio.
918 4449 1023 4537 Credo
1036 4447 1223 4535 Euripidem
