2864 4914
549 296 617 360 AD
640 296 892 362 HECUBAM.
1226 298 1269 361 53

254 568 385 633 άκάλλοι·
408 566 483 652 κᾷτα
496 569 662 650 μάλλονπος
676 576 787 650 λαβεῖν
802 571 891 634 αὐτοῦ
906 571 990 634 κάων.

166 670 317 733 Ceterum
333 672 367 734 ἐν
380 688 453 735 unte
468 671 655 736 δαιδαλέοισι
669 695 732 735 om.
750 671 834 735 Flor.
855 695 946 737 unus.

210 775 284 853 478.
307 774 482 855 δορίληπτος
504 773 569 838 duo
583 774 675 838 codd.
693 789 840 840 recentes.
876 778 1058 858 δορθληπτος
1080 777 1125 840 Η.
1164 777 1268 841 Ceteri

165 897 238 939 cum
255 874 332 938 Ald.
350 879 525 958 δορίκτητος.

209 994 283 1061 479.
300 978 372 1060 πρὸς
386 978 509 1042 addidit
526 981 693 1043 Porsouus.
725 979 908 1066 Legebstur
921 1003 992 1044 cum
1009 979 1088 1044 Ald.
1103 998 1134 1044 et
1149 979 1269 1067 aliquot

156 1077 326 1144 codicibus
340 1080 399 1156 ὑπ’,
410 1081 495 1168 quod
509 1081 650 1170 plerique
661 1081 819 1147 omittunt.
844 1083 1044 1165 Δοριθήρατος
1056 1082 1127 1164 πρὸς
1137 1081 1270 1166 Ἀχαιῶν

87 1246 101 1263 ν
166 1197 213 1245 est
228 1207 258 1246 v.
275 1203 345 1248 102.

207 1285 283 1364 482.
301 1285 464 1372 θεράπναν]
492 1287 675 1374 Legebstur
693 1286 884 1369 θεράπαιναν.
925 1289 1109 1350 Correctum
1124 1309 1163 1350 ex
1179 1289 1219 1366 B,
1235 1288 1267 1352 in

166 1407 231 1470 quo
246 1413 292 1469 γρ.
309 1387 469 1470 θεράπναν.

210 1491 284 1575 483.
304 1492 327 1554 J
330 1491 477 1578 ungenda
486 1490 577 1556 Ἀιδα
592 1490 742 1572 θαλάμους
763 1515 800 1554 eo
823 1513 914 1553 sensu
930 1512 995 1575 quo
1010 1489 1107 1577 vulgo
1121 1489 1270 1555 dicuntur

161 1591 267 1658 Ἀιδου
281 1598 375 1675 δόμοι,
393 1610 558 1683 totumque
573 1594 651 1659 illud
667 1593 814 1674 άλλάξασ’
825 1591 916 1658 Ἀιδα
930 1592 1092 1672 θαλάμους,
1108 1608 1269 1681 assumpto

166 1717 205 1758 ex
229 1694 384 1781 prioribus
405 1696 465 1761 hoc
486 1696 715 1783 supplemento,
731 1702 784 1760 τοῦ
799 1698 890 1776 δούλη
908 1700 1079 1775 κεκλῆσθαι,
1096 1696 1266 1783 significat:

165 1819 262 1883 quum
284 1809 412 1864 πιοτιευι
433 1803 564 1864 servitio
586 1802 786 1864 mutaverim.
832 1798 924 1862 Coni.
950 1798 1047 1885 Soph.
1066 1799 1176 1886 Antig.
1194 1822 1269 1884 944.

167 1901 241 1964 ἔτλα
255 1902 304 1966 καὶ
317 1903 440 1971 Δανάας
461 1903 600 1985 οὐράνιον
613 1911 677 1986 φῶς
696 1902 825 1982 ἀλλάξαι
847 1902 937 1982 δέμας
959 1905 992 1966 ἐν
1006 1903 1201 1985 χαλκοδέτοις
1216 1905 1266 1968 αθ·

166 2011 244 2072 λαῖς.
267 2005 288 2068 i.
303 2029 330 2070 e.
353 2007 488 2071 mebris
509 2017 633 2071 mutare
653 2008 751 2071 lucem
773 2008 930 2072 coelcstem.
956 2008 1159 2071 PFLUGK.
1200 2007 1268 2092 &tto

167 2106 246 2170 Ald.

210 2212 285 2294 487.
302 2214 521 2295 ξυγκεκλῃμένη
538 2214 644 2295 (scrib.
660 2211 917 2298 ουχκεκλῃμένη)]
943 2210 1145 2274 scribebatur
1164 2238 1269 2295 συγκε-

167 2314 341 2394 κλεισμένη,
357 2315 397 2379 ab
412 2316 634 2380 recentioribus
650 2313 822 2379 editoribus
844 2313 875 2376 in
898 2312 1146 2393 ξυγκεκλεισμένη
1169 2330 1269 2380 muta-

168 2427 245 2477 tum.
269 2417 486 2498 αυγκεκλιμένη
502 2417 589 2481 Flor.
607 2440 698 2481 unus

209 2517 284 2597 488.
301 2520 472 2600 ἀνθρώπους
493 2522 579 2605 ὁρᾶν]
602 2520 775 2584 Verborum
793 2519 920 2582 videndi
935 2518 975 2582 de
993 2517 1053 2581 diis
1075 2519 1157 2582 facta
1172 2519 1270 2584 borni-

166 2641 243 2682 num
272 2620 510 2686 observantibus
538 2637 569 2687 et
599 2621 647 2685 vel
685 2621 887 2709 punientibus
917 2619 964 2684 vel
999 2621 1269 2686 remunerantibus

51 2806 54 2812 .
169 2744 258 2785 usum
276 2721 427 2787 illustravi
443 2724 473 2787 in
491 2725 584 2790 Misc.
602 2724 679 2812 phil.
699 2743 726 2789 2.
744 2748 776 2812 p.
793 2745 812 2808 9
827 2748 872 2810 sq.
897 2724 1087 2788 MATTH.

210 2824 283 2907 489.
308 2829 476 2912 κεκτῆσθαι]
504 2827 544 2892 Id
568 2842 615 2892 est
641 2832 798 2908 κεκτήσθω
824 2829 890 2895 τοὺς
916 2829 1098 2909 ἀνθρώπους,
1121 2828 1206 2916 quod
1230 2851 1269 2892 ex

166 2929 363 3014 praeoedente
378 2932 548 3013 ἀνθρώπως
569 2930 699 3018 intelligi
716 2930 791 2994 nihil
815 2930 885 2994 duri
909 2930 1015 3010 babet,
1031 2954 1131 3018 quum
1146 2931 1200 3017 qui
1224 2955 1269 2995 se-

166 3033 276 3118 quitur
290 3033 420 3119 pluralis
434 3040 603 3114 doteriores,
619 3059 743 3099 omnem
758 3035 799 3098 de
817 3034 957 3120 subjecto
971 3033 1197 3097 dubitationem
1214 3057 1267 3099 ex·

166 3133 284 3199 cludat.

210 3259 284 3323 495.
302 3241 373 3318 αὐτὴ
389 3242 494 3326 Mosq.
513 3264 602 3306 unus.
643 3242 844 3306 Scribebutur
858 3242 940 3319 αθιη,
956 3238 1042 3326 quod
1065 3238 1268 3302 necessarium

168 3341 260 3418 foret,
277 3341 333 3405 nisi
348 3343 400 3421 ἥδε
414 3343 629 3430 praecessisset.

211 3460 287 3528 497.
304 3444 372 3509 ἀλλ’
389 3447 468 3526 ὅμως
483 3452 587 3513 θανεῖν
602 3449 726 3535 ἔχρῃζον
740 3447 816 3512 citat
832 3443 979 3509 Hermias
996 3443 1119 3508 scholiis
1139 3443 1171 3507 in
1195 3445 1269 3508 Pla-

167 3563 271 3611 tonem
300 3548 442 3632 [Phaedr.
466 3573 496 3636 p.
516 3564 567 3633 71.
590 3549 641 3613 ed.
664 3551 752 3634 Ast]
777 3547 863 3635 apud
888 3544 1116 3611 Ruhnkenium
1141 3546 1181 3611 sd
1207 3547 1268 3612 Ti·

166 3672 283 3714 rnaeum
299 3675 327 3713 v.
344 3652 396 3716 οὐκ
419 3653 494 3726 ἐτὸς,
512 3666 548 3717 ut
568 3652 678 3739 legisse
699 3651 796 3716 videri
819 3648 926 3738 possit,
940 3649 1018 3728 ὅμως
1040 3646 1064 3711 δ’
1088 3649 1213 3736 ἔχρῃζον
1231 3648 1269 3714 άν

168 3756 293 3816 Θανεῖν.
332 3755 379 3816 Η.
396 3753 574 3838 Stephanus
589 3776 717 3840 quoque
733 3755 859 3841 Frsgm.
876 3768 936 3815 vet.
954 3752 1042 3814 Poet.
1059 3751 1132 3815 Lat.
1148 3774 1180 3838 p.
1196 3751 1268 3816 118.

167 3851 236 3916 ἀλλ’
252 3855 329 3934 ὅμως
343 3860 445 3919 θανεῖν
460 3855 545 3919 citat.
579 3856 663 3920 Vitio
679 3857 835 3921 memoriae
852 3869 992 3941 uterque.
1030 3853 1128 3917 Vertit
1143 3854 1269 3919 Ennius

165 3955 250 4042 spud
269 3956 407 4021 Nonium
423 3981 451 4021 v.
467 3959 617 4023 Euenor:
640 3960 746 4024 Senes
767 3982 857 4031 ιυνις
881 3959 1005 4022 stiriam
1027 3966 1155 4021 mortem
1174 3979 1266 4045 oppe-

166 4069 243 4137 tom,
254 4062 445 4148 priusquam
461 4071 583 4139 everrat,
602 4063 693 4136 Quod
706 4064 742 4126 in
752 4064 908 4150 ραυρςτὶε
923 4047 991 4124 mco
1005 4081 1100 4125 scires
1115 4063 1268 4149 graviter

162 4170 313 4250 gemam!
339 4166 439 4230 POR.

208 4287 282 4351 501.
308 4270 358 4351 ἐᾷς
378 4267 443 4332 duo
457 4268 549 4332 codd.
565 4270 759 4332 recentiores.
783 4271 818 4352 ἑᾷ
833 4266 909 4332 Ald.
945 4268 1076 4330 Homer.
1090 4289 1112 4329 a
1126 4267 1267 4329 Porsono

164 4388 361 4456 comparatus
386 4371 423 4435 Il.
442 4377 479 4448 K,
496 4374 549 4436 82.
565 4373 609 4439 τίς
622 4370 647 4436 δ’
664 4373 747 4438 οὗτος
770 4375 844 4436 κατὰ
858 4374 930 4450 νῆας
946 4372 1004 4434 ove
1019 4369 1148 4450 στρατὸν
1165 4370 1266 4451 ἔρχεαι

166 4470 245 4545 olon

689 4594 745 4658 Εδ
