2864 4914
160 287 226 349 448
269 332 272 338 -
521 278 900 348 ΑΝΝΟΤΑΤῙΟΝΕ8

199 476 253 542 39.
269 455 395 541 πεύκην]
412 453 485 518 Vid.
501 454 541 518 ad
559 452 691 541 Hippol.
707 470 801 536 ¹253·

135 616 140 624 .
199 576 252 638 42.
268 557 416 620 Alterum
433 557 464 620 τύ
476 562 578 623 πονεῖς
592 577 653 618 om.
671 552 755 619 Flor.
776 573 805 616 1.

199 679 252 744 43.
270 660 340 739 περ(
352 683 402 721 σοι
417 658 454 720 P.
473 657 661 744 Stephanus.
688 656 757 737 περὶ
771 655 820 718 σοὶ
835 651 911 717 Alai.

200 780 254 846 45.
271 758 295 824 δ’
311 782 373 822 om.
390 758 475 823 Flor.
495 781 522 823 1.
540 778 569 824 2.

201 879 256 945 47.
282 859 415 945 πέμπεν]
440 862 646 928 Scribendum
667 859 777 940 πέμπει
790 880 861 922 cum
878 857 1028 920 Porsono.
1076 853 1280 916 Hermanno

159 963 378 1050 corrigendum
395 963 561 1029 videbatur
574 964 862 1044 πέμπειν-δικαιοῖ.
1154 967 1162 977 ”

204 1064 334 1151 φερνὴν]
352 1066 445 1130 Cous.
460 1089 492 1129 v.
509 1066 582 1150 869.
617 1066 671 1129 Ex
685 1062 794 1128 eodem
811 1063 878 1126 loco
891 1056 980 1123 facile
994 1055 1153 1144 explicari
1170 1071 1279 1143 potest

161 1188 218 1230 cur
233 1166 365 1254 dignum
380 1167 523 1232 comitem
540 1190 661 1254 sponsae
676 1165 804 1230 missum
820 1187 853 1227 se
866 1185 932 1227 esse
946 1160 1032 1224 dicat
1047 1181 1162 1223 senex.

204 1304 364 1369 49-114.
389 1285 545 1371 Prologus
566 1308 585 1349 a
606 1298 700 1372 poeta
714 1281 883 1347 recentiore
904 1279 974 1343 loco
987 1276 1163 1364 perinepto
1178 1276 1279 1341 inser-

163 1399 231 1451 tus:
255 1385 295 1450 de
310 1409 374 1473 quo
389 1386 461 1451 vide
475 1410 548 1473 quae
562 1386 593 1450 in
609 1384 761 1473 prooemio
774 1383 922 1448 diximus.

205 1573 259 1637 54.
273 1553 329 1638 μὴ]
347 1554 385 1618 ἂν
398 1554 438 1634 μὴ
454 1556 482 1618 F
484 1553 539 1618 lor.
559 1574 586 1618 1.
608 1489 751 1634 7lipFlor.
769 1570 801 1618 2.

205 1673 260 1757 56.
276 1676 327 1750 nis
342 1694 404 1736 om.
422 1670 509 1737 Flor.
527 1693 550 1736 1.

207 1783 298 1864 τύχηι
319 1781 361 1865 θ’]
388 1780 541 1846 Deleatur
555 1780 593 1859 θ’,
608 1780 694 1867 quod
714 1803 753 1843 ex
775 1779 910 1844 editione
933 1775 1084 1840 Matthiae
1106 1775 1278 1852 remansit,

164 1881 220 1966 qui
235 1903 254 1944 a
269 1881 462 1947 Marklando
476 1883 605 1969 accepit.

206 1999 260 2067 57.
276 1985 397 2069 ἄριστα]
415 1987 447 2049 N
449 2008 489 2048 ou
502 1985 575 2049 satis
589 1984 759 2073 probabilis
768 1984 948 2070 conjectura
960 1981 1204 2046 Hematerbusii
1216 1993 1278 2059 est,

164 2084 274 2147 culex
298 2085 357 2149 hoc
379 2086 447 2150 loco
465 2102 590 2174 sumpta
605 2086 770 2152 videbatur
789 2085 891 2172 glossa
911 2082 1075 2170 Hesychii,
1090 2085 1276 2165 ἄθραυστοι

165 2186 350 2267 ἀπρόσκαπα.
388 2191 547 2271 Εὐριπίδης
574 2189 737 2274 Ἰφιγενείᾳ
767 2192 803 2276 τῇ
833 2191 867 2252 ἐν
896 2188 1011 2251 Αὐλίδι.
1058 2186 1148 2248 Nam
1180 2184 1279 2272 longe

165 2289 271 2374 aptius
284 2288 356 2354 huic
371 2288 439 2354 loco
453 2292 561 2372 ἄριστα
575 2306 622 2355 est
637 2313 731 2378 quam
748 2292 910 2371 ἄθραυστα.
956 2289 1071 2373 Itaque
1087 2286 1124 2351 in
1144 2288 1279 2352 nomine

165 2389 283 2454 fabuloe
297 2405 458 2478 peccatum
475 2393 609 2458 videtur.

209 2494 261 2558 62.
277 2502 458 2574 σνναμννεῖν
474 2496 641 2560 Heathius.
681 2494 771 2559 Libri
787 2495 977 2573 σνναμύνειν.

211 2597 263 2680 63.
278 2598 409 2677 ἀπωθοίη
423 2597 552 2662 codices.
576 2600 754 2662 &calcuulus
769 2596 847 2661 Ald.

211 2699 262 2777 64.
278 2700 544 2780 κάπιστρατεύσειν
559 2699 779 2763 ΜατΙιΙαιιάιιε.
818 2698 909 2763 Libri
923 2699 1183 2777 κᾶπιστρατεύειν.

212 2799 419 2881 κατασκάψειν
434 2804 507 2864 Par.
523 2803 604 2867 B.C.
621 2801 706 2866 Flor.
727 2824 753 2866 1.
772 2822 801 2868 2.
840 2801 944 2888 Vulgo
958 2801 1195 2866 κατασκάπτειν.

212 2901 264 2962 68.
280 2900 377 2963 δίδωσ’
395 2902 615 2968 Marklandus.
640 2903 731 2967 Libri
755 2907 884 2968 δίδωσιν.
930 2905 1047 2967 Parum
1063 2903 1279 2987 probabiliter

169 2999 337 3064 Elmsleius
362 3002 393 3065 in
417 3004 614 3092 Edinbnrgla
639 3007 767 3069 Reuiew
792 3006 854 3069 vol.
873 3022 923 3088 17.
948 3029 982 3091 p.
998 3025 1073 3088 494.
1100 3007 1213 3081 διδοὺς,
1243 3021 1277 3070 ut

167 3101 313 3187 apodosis
327 3104 367 3167 ab
382 3103 441 3169 illis
457 3106 558 3170 verbis
572 3106 698 3194 incipiat
713 3110 731 3186 ἡ
747 3111 770 3170 δ’
787 3106 930 3171 εἵλεθ’-.

212 3207 263 3287 69.
281 3207 350 3270 ὅταν
364 3207 674 3290 πνοαὶ-Ἀφροδίτης
693 3207 769 3271 nihil
785 3207 869 3272 aliud
885 3223 932 3272 est
946 3229 1040 3294 quam
1055 3209 1152 3292 αμίιι
1166 3232 1276 3275 ανιοτ.

170 3307 324 3370 ΗΕΒΜ.

78 3473 82 3481 ,
212 3424 262 3489 72.
287 3410 608 3497 κρίναι-ἀνθρώπων]
633 3411 925 3494 κρίνων-Ἀργείων
941 3411 1040 3476 Clem.
1058 3412 1114 3475 Al.
1138 3414 1279 3503 Paedag.

167 3528 201 3593 3,
220 3527 249 3573 2.
264 3511 319 3596 qui
335 3511 402 3575 haec
417 3512 572 3598 usquead
590 3513 753 3578 Μενέλαον
766 3537 795 3574 v.
813 3530 864 3597 77.
879 3514 979 3581 affert.
1012 3515 1050 3576 In
1067 3514 1169 3579 Hom.
1189 3517 1235 3581 Il.
1252 3525 1279 3595 1,

172 3629 242 3690 124.
264 3634 322 3697 pro
335 3612 518 3695 Ἀργείοισιν
539 3614 632 3678 habet
647 3616 846 3696 ἀνθρώποισιν
862 3613 1072 3703 Etymologus
1092 3638 1127 3701 p.
1145 3637 1203 3695 21,
1221 3636 1279 3705 53.

169 3713 272 3775 POR.

212 3832 263 3898 73.
280 3817 390 3901 στολῇ]
408 3817 521 3896 στολὴν
535 3816 656 3880 codices
671 3816 851 3883 Clementis.

213 3932 264 3999 77.
280 3916 442 3981 Μενέλαον
457 3918 577 3982 codices
591 3931 623 3981 et
638 3917 793 3982 Clemens.
817 3919 977 3987 Μενέλαος
991 3919 1069 3983 Ald.

212 4019 228 4079 ὁ
253 4020 285 4080 δὲ
306 4016 435 4083 codices.
459 4021 511 4084 οὖν
535 4019 614 4083 Ald.
636 4018 666 4082 iu
690 4043 755 4107 qua
778 4019 869 4107 plena
893 4021 1103 4109 interpunctio
1128 4037 1179 4087 est
1205 4042 1282 4111 post

171 4126 302 4300 lapillis
323 4220 503 4285 correctoris
518 4220 628 4284 Aldini
651 4223 812 4288 inventum
830 4239 885 4289 est.
917 4227 997 4309 μύρῳ
1012 4224 1146 4290 codices.
1190 4231 1281 4295 Scri-

169 4321 305 4386 beudum
322 4321 448 4386 videtur
464 4324 571 4409 δρόμῳ,
587 4323 673 4410 quod
690 4327 852 4415 proposuit
868 4327 1088 4393 Marklandus.
