2864 4914
489 297 556 361 ΑΙ)
579 293 915 363 HIPPOLYTUM.
1192 291 1258 363 9293

158 469 271 534 Phoen.
298 471 389 556 1489.
428 473 510 536 Cum
532 468 654 554 βάκχον
672 470 775 557 jungo
797 466 937 550 δρομάδα,
962 481 998 532 ut
1024 465 1135 554 Suppl.
1162 483 1256 545 1002,

155 570 223 636 loco
237 596 256 636 a
271 573 406 638 Monkio
416 571 522 651 allato,
533 573 716 661 junguntur
730 571 888 653 προσέβαν
902 573 1011 653 δρομδς
1027 572 1058 648 ἐξ
1077 571 1155 650 ἐμῶν
1170 572 1258 634 οῖκων

157 676 434 758 ἐκβακχευσαμένα.
480 675 548 739 lole
562 689 667 740 autem
682 674 768 739 exitii
782 696 877 739 eausa
890 672 951 738 fuit
969 670 1101 737 Herculi
1116 685 1148 735 et
1163 670 1259 735 Deia-

157 776 243 841 nirae.
287 780 434 843 Ceterum
472 776 559 841 Flor.
590 779 635 841 A.
664 773 779 859 βάκχαι
815 797 873 861 pro
900 773 1031 858 βάκχον.
1065 774 1257 837 ΜΑΤΤΗ.

158 879 276 965 Recepi
299 880 545 946 emendationem
570 877 767 966 Musgravii:
793 877 847 942 sed
870 900 992 942 servare
1014 876 1164 941 debebam
1191 880 1258 954 τὰν,

157 979 197 1042 de
212 1004 277 1066 quo
292 998 374 1046 recte
385 982 507 1070 judicat
526 982 682 1047 Matthiae.

200 1099 275 1168 552.
292 1087 424 1173 φονίοις]
441 1089 569 1167 φοινίοις
586 1087 630 1149 Η.

202 1185 242 1273 δ’]
261 1188 325 1249 Ριο
340 1185 365 1250 θ’
382 1186 496 1273 legitur
510 1188 540 1252 in
557 1187 692 1252 editione
704 1188 874 1253 Oxoniensi
890 1186 1065 1276 typothetae
1079 1186 1182 1274 eulpa.

200 1290 385 1368 ὑμεναίοισιν
402 1290 592 1369 Brunckius,
608 1291 786 1378 conjectura
800 1290 928 1370 ineerta,
939 1312 1037 1377 quum
1050 1290 1090 1355 de
1105 1290 1259 1378 scriptura

160 1415 267 1456 versus
281 1393 496 1481 antistmphici
512 1419 573 1460 non
588 1394 714 1482 liqueat.
738 1397 888 1476 ὑμεναίοις
901 1393 982 1459 libri.

200 1513 275 1581 553.
291 1496 445 1582 ἐξέδωκεν]
466 1498 575 1563 ἔδωκεν
591 1501 664 1564 Par.
682 1500 726 1563 A.
743 1497 828 1562 Flor.
848 1516 895 1561 10.
914 1498 960 1561 Η.

200 1617 274 1683 554.
290 1597 411 1679 τλάμων
427 1598 596 1664 Ηειιῑίιὶιιι.
624 1605 739 1682 τλᾶμον
753 1593 833 1665 libn'.

200 1715 276 1785 557.
293 1701 467 1787 συνείποιτ]
485 1701 632 1769 σννείπετ’
649 1705 676 1768 F
680 1703 736 1769 lor.
752 1706 796 1767 A.
818 1724 866 1767 10.

201 1806 221 1866 ὑ
237 1805 349 1886 Κύπρις
364 1806 428 1869 οῖον
444 1803 607 1870 Monkius.
649 1805 737 1871 Libri
754 1807 819 1870 οῖον
833 1808 853 1869 δ
869 1807 989 1887 Κύπρις.

201 1908 275 1990 562.
291 1909 401 1993 φονίῳ]
420 1911 527 1994 φοινίῳ
543 1909 587 1970 Η.
690 1952 692 1956 -

206 2012 401 2090 κατεκοίμησε
417 2010 605 2075 Bruuckius,
636 2012 798 2075 κατεύνασε
814 2009 860 2074 vel
878 2010 1060 2073 κατεὺνασεν
1074 2007 1154 2072 libri.
1193 2008 1259 2074 Mi·

160 2135 219 2175 nus
242 2111 445 2199 probabiliter
467 2113 631 2177 κατέλυσεν
648 2110 792 2189 Botbius,
808 2128 930 2176 servato
947 2110 978 2174 in
996 2132 1085 2175 versu
1101 2109 1262 2198 strophioo
1314 2104 1318 2112 ⁴

159 2216 316 2294 ὑμεναίοις.

203 2319 276 2403 563.
301 2321 384 2381 δεινδι
406 2321 463 2400 γὰρ
485 2322 522 2381 τὰ
546 2316 630 2382 πάντ’
654 2319 787 2401 ἐπιπνεῖ]
813 2316 889 2380 Ald.
915 2316 1014 2380 δεινὸν
1035 2319 1093 2397 γὰρ
1115 2318 1153 2379 τὰ
1173 2314 1259 2380 πάντ’

162 2422 289 2484 ἐπιπνεῖ.
321 2425 404 2485 δεινδι
420 2422 494 2485 Par.
512 2422 553 2483 A.
572 2435 633 2484 tres
656 2419 758 2484 Flore.
775 2421 881 2483 Havn.
922 2417 983 2482 Sed
1003 2417 1090 2481 Flor.
1107 2421 1149 2481 A.
1165 2418 1261 2487 δεινδς

161 2527 218 2604 γὰρ
241 2523 337 2588 πάντα
359 2550 395 2606 γε
417 2529 523 2597 πιπνεῖ,
540 2521 628 2587 etsie
648 2521 733 2585 Flor.
756 2540 802 2584 ιο.
820 2523 928 2586 Havn.
944 2519 1001 2583 nisi
1016 2518 1102 2607 quod
1118 2520 1150 2583 hi
1166 2519 1260 2585 δεινά.

163 2624 264 2689 Paris.
279 2627 323 2689 A.
342 2631 425 2691 δεινὰ
445 2630 503 2710 γὰρ
524 2626 621 2690 πάντα
643 2651 679 2708 γε
702 2627 856 2699 ἐτιτιτνεῖ,
872 2624 926 2689 sed
949 2646 1116 2713 suprascr.
1133 2627 1259 2699 ἐπιπνεῖ,

162 2751 223 2792 non
247 2737 353 2803 πιτνεῖ,
370 2742 406 2793 ut
425 2744 491 2793 erat
512 2728 543 2791 in
564 2725 736 2805 collatione,
752 2750 815 2812 qua
831 2749 906 2791 usus
921 2742 967 2791 est
981 2725 1090 2791 Valolr.
1105 2730 1188 2792 δεινὰ
1202 2730 1260 2809 γδρ

161 2831 258 2895 πάντα
273 2834 392 2896 ἐπιπνεῖ
405 2830 490 2896 Flor.
510 2850 560 2914 15.
597 2828 748 2894 Aldinam
764 2829 925 2894 lectionem
941 2829 1035 2895 habet
1052 2830 1137 2895 Flor.
1157 2848 1184 2895 2.
1202 2827 1261 2892 nisi

160 2933 246 3020 quod
263 2932 313 2998 bic
328 2933 420 2999 δεινά.
443 2933 635 2997 ΜΑΤΤΗ.

204 3039 279 3121 564.
295 3037 357 3121 οία]
376 3034 581 3100 Scribendum
598 3036 647 3099 οῖα
660 3057 731 3099 cum
749 3034 891 3099 Monkio.

204 3141 280 3225 566.
298 3141 415 3220 δόμοισι
430 3140 509 3223 σοῖς]
529 3137 734 3202 scribendum
750 3139 869 3217 δόμοισί
881 3163 931 3202 σοι
945 3160 1017 3202 cum
1033 3136 1194 3203 Elmslei0.

204 3244 278 3326 567.
296 3241 426 3326 ἐκμάθω]
445 3242 483 3308 ὡς
496 3240 580 3322 μάθω
596 3241 669 3304 Par.
686 3241 727 3306 E.
746 3239 832 3304 Flor.
850 3260 877 3304 2.
892 3262 931 3303 ex
946 3239 1139 3326 glossemate.

203 3346 280 3429 568.
305 3343 338 3407 τὸ
352 3344 455 3423 μέντοι
469 3346 609 3425 φροίμιον
625 3342 715 3408 κακδν
729 3342 812 3430 τόδε]
837 3342 876 3405 In
892 3340 941 3405 his
956 3342 1079 3428 respicit
1093 3342 1207 3407 chorus
1221 3341 1263 3406 ad

163 3448 308 3513 Phaedrae
324 3469 429 3510 vocem
448 3444 672 3527 ἐξειργάσμεθα.
711 3444 830 3508 Confer
852 3442 966 3507 Pboen.
987 3447 1078 3529 1356.
1095 3449 1155 3509 ΑΓ.
1171 3445 1263 3527 Οίχό-

158 3550 256 3630 μεσθ’·
282 3556 342 3615 KP.
358 3549 411 3612 οὑκ
427 3549 631 3629 εὐπροσώποις
653 3549 802 3629 φροιμίοις
824 3548 910 3630 ἄρχει
925 3548 1029 3630 λόγου.
1053 3548 1171 3612 Troad.
1188 3565 1261 3634 713.

159 3656 200 3716 Τι’
222 3653 246 3717 δ’
271 3655 363 3727 ἐστιν,
390 3654 429 3720 ὥς
453 3677 504 3732 μοι
528 3652 675 3732 φροιμίων
695 3651 782 3734 ἄρχει
808 3656 923 3723 κακῶν;
961 3652 1040 3715 Hec.
1072 3651 1141 3737 183.
1165 3651 1207 3716 Τί
1224 3676 1262 3731 με

160 3762 342 3838 δυσφημεῖς;
368 3756 491 3838 φροίμιά
505 3780 556 3835 μοι
571 3753 656 3818 κακά.
678 3754 827 3818 ΜΟΝΚ.

205 3862 278 3942 569.
295 3861 328 3922 ld
343 3861 405 3944 μοι]
426 3856 632 3922 scribendum
649 3858 682 3920 ῖῶ
697 3857 750 3935 μοί
761 3882 821 3936 μοι,
834 3874 870 3921 ut
885 3859 919 3921 ῖιί
933 3860 986 3938 μοί
997 3885 1057 3939 μοι,
1071 3862 1136 3924 αῖαῖ
1146 3857 1262 3945 legitur

163 3959 193 4021 in
212 3959 282 4023 Alc.
300 3961 371 4044 863.

205 4062 284 4144 αίαῖ]
303 4061 460 4146 αἶεμιαιετ
473 4076 520 4125 est
534 4061 564 4124 in
581 4059 658 4125 Ald.
677 4073 725 4124 ter
739 4059 769 4123 in
786 4061 858 4124 Par.
871 4063 914 4125 A.
931 4060 1024 4126 bisin
1040 4063 1127 4128 Flor.
1143 4064 1251 4151 A.10.

161 4213 163 4217 .
204 4178 389 4248 571-595.
414 4165 485 4226 Hos
507 4162 668 4227 dochmios
689 4162 721 4224 in
745 4179 954 4229 monometros
975 4164 1087 4231 dividit
1110 4165 1188 4229 Ald.
1202 4165 1261 4228 nisi

160 4266 247 4352 quod
263 4283 337 4351 574.
353 4265 642 4348 φήμα-ἐπίσσντος
656 4280 687 4330 et
702 4285 777 4351 593.
795 4272 1080 4350 κρυπτὰ-ὄλλυσαι
1096 4292 1158 4333 uno
1171 4291 1260 4332 versu

56 4405 63 4418 ·
159 4367 406 4456 comprehendit.

201 4490 279 4562 572.
293 4472 395 4555 ἔνεπε]
414 4471 520 4537 ἔννεπε
537 4471 562 4534 F
566 4469 622 4535 lor.
638 4483 700 4534 tres
716 4469 764 4534 bic
781 4485 811 4535 et
827 4473 901 4557 580.

681 4595 701 4636 Ὀ
717 4593 737 4657 3
