2864 4914
515 303 582 368 AD
606 301 873 369 SUPPLICES.
1183 299 1249 367 417

145 471 343 556 παραιβάτας,
369 494 485 562 paucos
512 473 683 539 admodum
711 493 854 551 numero,
877 473 1096 553 στρατεύματος
1122 469 1248 535 nomine

145 574 302 661 designari
317 575 369 640 vix
389 575 528 663 potuisse
548 575 635 654 dicit,
649 575 685 640 id
705 576 824 641 nullam
839 574 902 639 vim
927 573 1054 639 habebit
1075 572 1161 660 apud
1182 593 1246 649 eos,

144 675 256 761 quiex
273 678 414 742 Homero
433 676 641 756 meminerint,
656 678 754 743 robur
776 677 872 743 totius
893 674 1047 739 exereitus
1067 673 1163 738 fuisse
1183 695 1247 754 eos,

145 776 201 861 qui
216 799 234 840 e
247 777 391 842 curribus
405 779 600 865 pugnabant,
615 795 646 844 et
661 778 720 844 hoc
735 779 804 844 loco
823 777 990 866 praecipuae
1012 797 1120 840 eorum
1143 787 1248 862 partes

145 893 220 941 sunt
244 901 275 943 v.
302 881 482 964 676-695.
530 881 602 944 Hoc
632 902 731 945 unum
760 879 974 945 difficultatem
1003 879 1106 943 facere
1133 890 1247 966 potest,

144 979 232 1066 quod
253 985 353 1060 μνῆμα
373 980 539 1063 Ἀμφίονος
560 996 607 1046 est
628 981 669 1047 ad
692 981 849 1047 Proetidas
870 994 976 1068 portas
991 981 1086 1044 Paua.
1103 1000 1134 1064 9,
1150 996 1199 1060 17,
1214 999 1245 1064 3.

146 1081 196 1146 hae
213 1104 299 1161 vero,
318 1105 417 1169 quum
440 1106 502 1147 non
523 1084 623 1149 solum
644 1084 825 1149 Chalcidem
848 1084 967 1149 ducant
986 1082 1030 1149 ib.
1044 1082 1134 1160 c.18,
1148 1102 1176 1147 1.
1191 1081 1247 1147 sed

144 1184 238 1248 etiam
263 1184 295 1249 in
321 1200 457 1251 montem
484 1187 600 1251 Ptoum
626 1200 656 1250 et
680 1186 721 1251 ad
744 1185 971 1274 Acraephnium
998 1199 1031 1249 et
1053 1185 1247 1271 Larymnam

146 1287 250 1363 urbes,
267 1286 308 1350 ib.
323 1311 349 1351 c.
367 1305 417 1372 23.
434 1286 526 1350 nimis
547 1287 787 1374 septentrionem
804 1309 910 1351 versus
931 1300 1060 1352 remoue
1078 1283 1245 1360 videntur3

145 1386 204 1450 nisi
218 1387 313 1465 dicas,
328 1400 434 1474 portas
448 1387 516 1453 illas
529 1387 569 1452 ad
585 1389 734 1453 orientem
750 1404 912 1476 spectasse,
928 1387 984 1453 sed
998 1409 1098 1474 quum
1117 1385 1160 1449 ad
1179 1383 1248 1450 illas

146 1489 240 1552 urbes
263 1504 297 1553 et
321 1489 362 1554 ad
386 1491 502 1554 Ptoum
526 1504 662 1555 montem
686 1513 747 1555 non
770 1489 828 1555 nisi
851 1512 907 1578 per
927 1491 1074 1576 ambages
1095 1486 1247 1575 quasdam

144 1589 227 1653 circa
255 1592 350 1667 lacus,
381 1605 418 1654 ut
448 1590 596 1677 Hylicen,
627 1590 811 1679 Copaidem,
837 1589 1066 1656 circumductas
1094 1587 1247 1676 perveniri

147 1705 261 1777 posset,
283 1691 343 1756 iter
364 1691 396 1756 in
419 1692 670 1780 septentrionalia
689 1692 743 1757 illa
764 1693 832 1757 loca
851 1693 917 1758 h'eri
940 1715 1001 1756 nou
1026 1692 1165 1781 potuisse
1189 1689 1247 1754 nisi
1316 1730 1320 1737 ·

146 1807 238 1880 porta
252 1793 401 1857 orientem
416 1816 524 1858 versus
538 1809 665 1881 patente
678 1794 819 1882 egressis.
837 1795 1031 1859 MATTH.

189 1900 266 1980 654.
287 1894 457 1979 ἐκτείνοντ’]
478 1896 551 1960 scil.
568 1898 683 1961 ἑαυτόν.
728 1896 781 1960 Ad
800 1896 905 1961 collem
925 1897 1098 1960 Ismeniam
1120 1894 1248 1960 ordinet

145 1998 363 2085 replicantem.
383 1997 575 2061 MATTH.

191 2101 265 2184 655.
291 2097 395 2162 Verba
416 2098 457 2164 ὣς
477 2099 534 2177 μὲν
554 2097 593 2177 ἦν
614 2099 706 2181 λάγος
727 2098 768 2163 ad
790 2100 882 2163 αίντάν
902 2100 927 2163 τ’
951 2099 1063 2163 άνακτα
1088 2110 1246 2185 spectant:

148 2199 261 2264 milites
280 2198 385 2285 gravis
406 2213 573 2263 armaturae
593 2199 635 2263 ad
655 2200 765 2264 collem
783 2200 952 2265 Ismeniam
968 2199 1169 2265 consistentes
1181 2197 1248 2288 ipse

147 2300 268 2365 viderat
281 2299 422 2378 nuntius,
437 2298 492 2363 sed
507 2300 665 2364 Theseum
687 2301 724 2365 iis
745 2324 877 2389 praeesse
894 2299 992 2366 fando
1012 2314 1135 2366 tantum
1155 2299 1248 2365 audi·

148 2414 246 2480 verat,
263 2424 327 2536 nup
339 2401 406 2488 ipse
420 2400 527 2465 videre
540 2416 672 2488 poterat.
688 2403 877 2468 MATTH.

192 2553 267 2637 657.
283 2550 341 2616 σὺν
355 2551 429 2615 Ρατ.
445 2553 487 2616 A.

192 2672 213 2734 6
211 2684 266 2756 59.
280 2670 371 2735 λαιὸν
385 2668 604 2736 Marklandus.
640 2670 823 2759 Legebatur
837 2671 935 2736 αὐτόν.

191 2779 339 2860 Πάραλον
353 2801 412 2866 pro
426 2780 588 2863 Παράλους
603 2781 650 2845 vel
666 2785 847 2865 Παραλίονς,
863 2778 1027 2867 singularis
1047 2799 1105 2866 pro
1119 2776 1248 2866 plurali,

150 2894 187 2943 ut
200 2880 343 2944 observat
358 2880 469 2946 Cicero
485 2884 536 2946 De
556 2885 682 2948 Orator.
698 2904 730 2969 3.
746 2902 799 2964 42.
816 2896 849 2947 et
863 2878 1092 2961 Quinctilianus
1107 2899 1136 2964 9.
1151 2898 1182 2964 3.
1206 2876 1248 2943 ad

149 2980 235 3044 istud
250 2980 372 3067 Virgilii
388 2983 506 3070 Georg.
525 3004 558 3068 3.
573 2987 648 3069 346.
665 2986 770 3048 Haud
789 3005 877 3049 senat
896 3005 936 3047 uc
951 2983 1074 3070 patriis
1095 3002 1168 3045 acer
1183 2981 1249 3044 Ro-

151 3103 263 3145 manus
282 3085 318 3145 in
340 3085 462 3147 armis:
485 3106 544 3170 pro
557 3087 707 3148 Romani.
731 3084 921 3167 ἐναυμάχησε
939 3087 979 3169 τῷ
993 3086 1099 3168 Τυρίῳ,
1117 3104 1174 3168 pro
1187 3087 1249 3148 τοῖς

149 3186 280 3265 Τυρίοις,
304 3183 459 3249 Herodot.
475 3203 504 3248 ν.
523 3186 594 3248 161.
620 3183 722 3270 Apud
747 3207 854 3248 omnes
870 3183 1014 3270 exempla
1035 3182 1246 3246 inveniuntur.

151 3285 203 3348 De
223 3283 362 3366 Πάραλοι
383 3283 432 3347 vel
453 3283 602 3365 Παράλους
621 3285 692 3348 vide
716 3283 823 3371 Steph.
846 3285 979 3370 Byzant.
1002 3283 1034 3346 iu
1056 3304 1141 3359 voce,
1161 3295 1193 3346 et
1214 3280 1247 3343 in

148 3383 248 3464 Ἀκτή.
274 3384 355 3448 infra
369 3383 554 3449 habebimus
568 3388 741 3468 Παραλίων.
765 3386 918 3449 MARK.
1257 3451 1260 3457 ,

193 3487 265 3550 660.
282 3484 305 3548 r’
320 3484 443 3550 addidit
458 3486 672 3572 Musgravius.
719 3486 830 3550 Minus
843 3484 923 3549 bene
939 3483 1076 3570 Scaliger
1091 3482 1125 3546 δ’.

191 3607 288 3688 ὄχλον
303 3603 451 3689 Scaliger.
496 3603 587 3667 Libri
602 3606 686 3686 ὄχον.

192 3723 265 3805 663.
290 3721 379 3785 Male
395 3719 600 3807 Musgravius
617 3718 761 3807 intelligit
782 3719 959 3807 sepulcrum
983 3717 1149 3782 liberorum
1167 3717 1248 3782 Am·

150 3822 284 3908 phionia,
299 3822 385 3909 quod
402 3838 468 3886 erat
482 3821 521 3885 ad
537 3836 644 3909 portas
659 3820 832 3886 Proetidas:
856 3843 888 3884 v.
906 3823 1042 3885 Pausan.
1057 3840 1088 3904 9.
1104 3821 1152 3882 16.
1168 3833 1248 3882 extr.

151 3924 296 3986 Fortasse
322 3946 384 3987 non
410 3922 503 4009 longe
527 3922 645 3999 aberat,
669 3920 725 4008 qui
755 3921 806 3986 hic
835 3935 1034 3999 memoratur,
1059 3919 1249 4008 Amphionis

150 4023 310 4087 tumulus:
334 4038 418 4089 certe
439 4023 546 4111 paullo
567 4040 712 4111 post,17,
726 4044 758 4108 3.
777 4023 847 4109 ejus
866 4023 1053 4088 mentionem
1072 4021 1147 4087 facit
1162 4023 1246 4086 Pau·

150 4125 267 4189 sanias:
292 4125 379 4210 Ζήθῳ
393 4128 425 4189 δὲ
439 4128 539 4205 μνῆμα
553 4126 602 4189 καὶ
614 4124 757 4205 Ἀμφίονι
771 4126 806 4187 ἐν
821 4128 907 4208 κοινῷ
921 4127 975 4206 γῆς
988 4124 1103 4207 χείματι
1113 4124 1148 4186 οὐ
1158 4122 1246 4204 μέγα.

149 4225 196 4290 Et
209 4246 242 4310 5.
264 4227 331 4294 τοὺς
352 4229 385 4290 δὲ
407 4230 488 4308 παρὰ
508 4225 672 4307 Ἀμφίονος
691 4230 792 4306 μνῆμα
812 4226 924 4302 λίθους,
941 4225 970 4288 ol
992 4223 1122 4289 κάτωθεν
1137 4221 1248 4303 ὑποβί·

149 4333 290 4405 βληνται,
304 4326 377 4407 μήτε
401 4327 503 4395 άλλως
525 4326 714 4409 εἰργασμένοι
735 4326 808 4407 πρὸς
830 4326 863 4388 τὸ
886 4325 1112 4408 ἀκριβέστατον,
1136 4327 1250 4392 ἐκείνας

150 4427 231 4495 εἶναί
251 4438 329 4512 φασι
349 4434 403 4497 τὰς
424 4429 542 4512 πάτρας,
570 4431 602 4496 αἱ
625 4434 660 4509 τῇ
683 4430 741 4516 ᾠδῇ
765 4433 819 4495 τοῦ
841 4425 1005 4510 Ἀμφίονος
1029 4427 1247 4506 ἠκολούθησαν.

371 4563 373 4566 ’
622 4552 645 4596 rt
659 4555 677 4596 e
