2864 4914
514 290 581 353 AD
605 288 874 354 SUPPLICES.
1178 288 1239 352 411

192 474 266 543 597.
296 457 431 545 ἣν-ἔχη
462 459 547 525 Flor.
574 478 601 525 2.
639 437 812 544 ἣο-ἔχέι
840 458 927 523 Flor.
954 480 981 523 1.
1027 458 1131 546 Vulgo
1160 463 1244 526 el·-

151 561 225 644 ἔχει.

191 661 339 750 χρῄζοντ’]
357 665 445 728 Idem
462 667 619 730 volentem.
643 665 834 731 MATTH.

192 768 267 851 598.
290 789 342 852 99.
366 771 440 834 601.
462 789 492 854 3.
515 790 547 850 4.
570 786 600 854 5.
625 771 655 834 8.
672 772 745 834 611.
761 770 942 854 613-617.
958 770 1031 832 620.
1046 769 1188 852 622-5.
1211 768 1244 833 in

150 867 235 933 libris
256 871 419 956 praefixum
443 872 560 937 habent
580 876 619 938 ol.
636 873 656 938 i.
671 896 697 936 e.
714 875 817 954 Αἴθρα.
856 870 948 950 Quod
971 870 1038 936 fieri
1059 893 1122 935 non
1144 893 1244 957 posse,

150 971 297 1056 quoniam
321 973 437 1039 AEthra
454 974 644 1061 jamdudum
666 975 802 1053 abiisset,
817 996 917 1062 quum
939 973 1139 1038 intellexisset
1157 975 1243 1061 Tyr.

151 1073 286 1153 whitrus,
302 1098 413 1141 nomen
429 1078 560 1143 Adrasti
583 1078 834 1143 substituendum
855 1077 988 1142 monuit.
1025 1080 1145 1141 Contra
1158 1076 1245 1163 quod

149 1192 232 1241 recte
254 1179 428 1244 Hermann.
452 1182 547 1246 Praef.
569 1205 601 1269 p.
619 1204 696 1246 xlx.
713 1205 760 1269 sq.
774 1179 907 1257 monuit,
923 1202 990 1256 nec,
1005 1177 1030 1243 si
1044 1177 1122 1265 quid
1137 1178 1243 1243 Adra-

149 1293 197 1342 sto
212 1279 262 1343 hic
284 1280 484 1363 tribueretur,
500 1284 708 1372 aequalitatem
724 1283 904 1371 quamdam,
920 1303 1014 1368 quam
1038 1280 1095 1346 hae
1117 1304 1245 1368 quoque

149 1381 180 1444 in
204 1405 237 1445 re
255 1382 419 1471 diligenter
440 1410 577 1451 servasse
598 1387 706 1474 tragici
721 1387 912 1463 viderentur,
928 1383 1006 1451 ellici
1027 1406 1128 1471 posse,
1143 1407 1245 1471 neque

150 1485 276 1550 omnino
289 1487 462 1574 quidquam
485 1490 626 1571 inveniri,
640 1490 727 1578 quod
743 1489 882 1554 Adrasto
897 1487 1012 1576 potius,
1027 1510 1121 1574 quam
1135 1487 1243 1566 choro,

149 1590 337 1656 conveniret.
381 1591 491 1671 Addo,
520 1616 594 1680 quae
621 1593 665 1659 ita
690 1592 830 1658 Adrasto
859 1590 1049 1668 tribuantur,
1079 1612 1241 1679 personam

150 1691 219 1771 viri,
233 1692 437 1780 ejusdemque
458 1695 532 1760 belli
547 1696 646 1775 ducis,
662 1696 765 1761 minus
779 1694 899 1771 decere,
914 1692 1109 1773 mulieribus,
1124 1717 1145 1759 a
1163 1692 1245 1757 bello

150 1792 399 1874 abhorrentibus,
414 1798 532 1886 optime
551 1822 588 1863 ea
605 1797 780 1864 convenire.
827 1799 941 1884 Itaque
962 1809 1045 1860 reete
1067 1797 1242 1860 Hermann.

151 1909 251 1960 totum
281 1921 405 1964 carmen
430 1900 612 1966 mulieribus
641 1900 727 1966 chori
757 1898 979 1986 assignandum
1002 1896 1136 1985 putavit.
1182 1896 1244 1961 Sed

147 2023 249 2085 quum
272 2003 434 2069 manifesta
457 2004 552 2070 insint
572 2005 605 2069 in
628 2005 764 2069 carmine
789 2002 935 2089 colloquii
960 2000 1099 2088 vestigia,
1120 2023 1184 2065 non
1203 2000 1245 2066 ab

150 2126 213 2168 una
228 2105 332 2169 omnia
345 2105 431 2170 ebori
445 2130 577 2193 persona
592 2107 640 2172 vel
654 2131 674 2171 a
688 2119 755 2171 toto
768 2105 864 2170 choro
878 2104 947 2169 cani
961 2117 1142 2191 potuerunt.
1181 2105 1245 2168 Ita-

150 2229 212 2292 que
236 2206 371 2271 Boeckb.
395 2208 435 2273 de
452 2209 617 2297 AEschylo,
641 2208 738 2295 Soph.
754 2224 786 2274 et
807 2207 922 2294 Eurip.
945 2229 979 2293 p.
996 2222 1045 2289 77.
1069 2205 1245 2292 suspicaba-

151 2322 214 2387 tur,
236 2308 378 2373 breviora
401 2325 518 2397 septem
543 2310 629 2375 chori
654 2310 737 2375 dicta
759 2334 777 2375 a
801 2307 931 2396 singulis
951 2306 1090 2393 personis
1111 2307 1244 2394 proferri

150 2410 283 2498 singula,
299 2411 342 2476 ita
357 2427 393 2476 ut
407 2412 517 2500 primae
532 2412 571 2478 sit
586 2437 614 2477 v.
628 2416 701 2477 600.
716 2411 844 2477 alterius
857 2434 888 2475 v.
904 2413 979 2476 602.
994 2426 1026 2475 et
1042 2409 1085 2475 sic
1099 2409 1245 2498 deinceps

150 2512 190 2576 ad
214 2513 377 2601 septimam
400 2538 508 2602 usque,
523 2539 596 2602 quae
611 2540 643 2580 v.
658 2519 731 2582 621.
748 2513 943 2602 pronuntiet,
958 2512 1044 2600 quod
1065 2525 1171 2578 autem
1193 2537 1244 2576 su-

151 2616 246 2701 persit
261 2639 385 2682 carmen
400 2640 461 2682 vas.
477 2620 602 2705 627-3
605 2634 637 2703 5.
653 2640 717 2683 uno
731 2631 837 2683 tenore
851 2616 1029 2693 decurrens,
1044 2615 1086 2681 ab
1101 2615 1245 2680 universo

150 2718 215 2784 sive
243 2735 454 2786 matronarum
483 2722 673 2798 hemicboro,
703 2721 768 2786 sive
798 2719 964 2785 mulierum
995 2718 1090 2784 choro
1116 2718 1245 2784 cantari.

151 2824 354 2888 Hermannus
375 2838 492 2904 autem,
512 2849 611 2913 quum
628 2825 716 2891 chori
737 2823 973 2912 quatuordecim
996 2822 1045 2886 vel
1066 2821 1244 2909 quindecim

150 2948 289 3010 personae
314 2927 442 3006 fuerint,
465 2951 484 2992 a
509 2929 640 3016 singulis
660 2927 753 2993 etiam
780 2926 919 3014 singulos
944 2947 1050 2989 versus
1074 2923 1123 2989 vel
1144 2924 1246 3008 ῥήσεις

150 3027 369 3113 pronunciatus
383 3052 519 3108 censens,
532 3054 640 3094 versus
653 3031 836 3113 598-607.
851 3028 932 3092 inter
945 3027 1076 3114 primam
1092 3043 1122 3092 et
1138 3050 1245 3092 secun

149 3129 221 3194 dam
244 3152 406 3217 personam
428 3130 513 3195 ebori
533 3132 577 3196 ita
593 3131 708 3210 divisit,
731 3146 767 3195 ut
785 3130 869 3194 illius
887 3142 989 3194 essent
1011 3152 1069 3194 vss.
1091 3131 1168 3214 598.
1189 3150 1243 3214 99.

150 3236 225 3298 601.
241 3235 421 3317 603—607.
444 3232 556 3320 reliqui
576 3233 682 3320 hujus,
706 3248 772 3297 tum
794 3230 933 3296 similiter
956 3254 1016 3295 vsa.
1033 3233 1108 3295 608.
1124 3252 1154 3316 9.
1171 3234 1244 3297 611.

151 3337 332 3420 613-617.
357 3336 467 3413 tertiae,
483 3359 545 3401 vas.
563 3339 637 3400 610.
656 3339 729 3401 612.
753 3348 874 3422 quartae
897 3333 1025 3407 tribuit;
1049 3333 1175 3398 nudem
1197 3357 1245 3399 se-

150 3439 259 3524 quitur
274 3442 373 3520 Χοροῦ
386 3440 404 3518 ἡ
419 3436 454 3503 ε’.
471 3462 501 3501 ν.
519 3440 592 3502 618.
615 3444 688 3520 Χορ.
703 3440 722 3519 ἡ
737 3436 773 3510 ς’.
789 3462 820 3501 v.
833 3439 906 3522 619.
931 3442 1004 3519 Χορ.
1018 3438 1037 3516 ἡ
1052 3434 1090 3514 ζ’.
1103 3437 1175 3501 620.
1192 3454 1245 3501 21.

150 3547 224 3623 Χορ.
246 3543 265 3621 ἡ
290 3540 326 3621 η’.
351 3545 471 3606 ν.622.
493 3562 544 3627 13.
578 3549 651 3624 Χορ.
677 3544 695 3622 ἡ
721 3541 758 3607 6.
782 3565 812 3609 v.
828 3545 900 3621 624.
918 3559 969 3624 25.
986 3541 1036 3602 26.
1070 3545 1144 3621 Χορ.
1170 3541 1188 3619 ἡ
1215 3538 1244 3604 ι’.

150 3669 180 3710 v.
197 3648 272 3728 627.
294 3651 369 3727 Χορ.
391 3646 409 3725 ἡ
432 3644 480 3709 ια’.
503 3670 533 3710 v.
549 3647 621 3711 628.
645 3647 753 3728 Χορ.ἡ
776 3643 828 3725 ιβ’.
852 3668 879 3708 v.
896 3646 970 3726 629.
986 3663 1041 3729 50.
1064 3645 1171 3725 Χορ.,ἡ
1193 3641 1244 3726 ιγ’.

149 3769 179 3811 v.
195 3749 269 3831 631.
283 3767 338 3831 52.
362 3753 435 3829 Χορ.
450 3749 469 3827 ἡ
486 3747 532 3812 ιδ’.
547 3772 576 3812 v.
593 3752 664 3833 655.
683 3771 750 3834 sqq.
788 3749 868 3826 Quae
882 3744 1048 3833 descriptio
1062 3767 1161 3832 quum
1177 3768 1244 3810 sus.

151 3847 271 3934 picione
286 3865 407 3913 tantum
424 3850 529 3937 aliqua
543 3865 574 3915 et
589 3852 766 3937 conjectura
781 3850 910 3926 nitatur,
925 3871 965 3913 nc
985 3846 1048 3912 ulla
1062 3871 1080 3912 e
1094 3864 1245 3935 quatuor.

151 3950 250 4016 decim
273 3951 357 4016 chori
381 3953 519 4038 personis
541 3952 690 4018 sermonis
711 3975 824 4040 expers
844 3968 934 4031 esset,
950 3974 1053 4038 neque
1071 3950 1245 4038 quidquam

150 4052 190 4118 sit
205 4076 305 4140 neque
320 4053 350 4116 in
366 4053 424 4118 hoc
439 4054 524 4119 chori
539 4056 670 4134 cantico,
687 4079 788 4142 neque
808 4055 839 4119 in
859 4055 937 4134 aliis,
952 4053 1040 4141 quod
1062 4076 1120 4118 nos
1139 4073 1246 4141 perso-1

150 4179 205 4220 nas
226 4156 269 4220 ita
291 4155 477 4221 distribuere
496 4167 600 4242 cogat,
621 4157 751 4238 (accedit
773 4157 859 4244 quod
883 4172 950 4222 tota
973 4178 1020 4220 res
1043 4179 1062 4220 a
1085 4155 1246 4241 tragoediae

148 4258 301 4345 gravitate
317 4257 406 4322 nimis
420 4259 586 4323 abhorrere
604 4259 752 4342 videtur,)
771 4284 832 4325 non
847 4260 972 4347 longius
990 4256 1138 4345 progredi
1156 4256 1247 4327 licere

150 4361 260 4426 editori
276 4361 459 4439 existimavi,
475 4386 569 4449 quam
586 4376 740 4448 quantum
757 4362 804 4426 vel
819 4363 968 4427 librorum
987 4360 1155 4426 auctoritas
1170 4359 1249 4424 sine-

151 4480 208 4542 ret,
225 4467 273 4528 vel
296 4464 363 4552 ipsa
385 4465 428 4531 rei
452 4480 561 4531 natura
586 4467 756 4552 postularet
771 4466 952 4532 admittere:
979 4464 1037 4530 hoc
1061 4486 1158 4529 unum
1175 4485 1249 4533 vero
