2864 4914
492 307 559 369 AD
583 305 870 371 PHOENISSAS.
1168 309 1233 376 177

178 478 400 560 1506—1538.
423 481 474 544 τᾶι
497 479 653 558 άγρίας-
672 476 677 564 Ι
696 478 871 557 ξυνετδν-
890 479 896 565 Ι
915 479 1103 562 Σφιγγδς-
1120 480 1127 564 Ι
1144 504 1232 546 rte-

128 577 289 660 προπάρσι-
310 578 315 665 Ι
335 585 431 643 θεν-
449 579 455 665 Ι
474 578 510 643 δι’
522 616 566 628 -
584 578 590 664 Ι
609 579 725 644 τάλαιν’
737 615 780 628 -
799 580 805 665 Ι
824 581 910 662 δρυὸς
923 617 967 629 -
985 580 991 664 Ι
1010 581 1189 661 έζομένα-
1207 580 1212 668 Ι

128 681 315 761 ὀδυρμοΐς-
333 681 340 766 Ι
358 685 523 746 αἶλινον-
542 681 547 768 Ι
566 684 690 761 μάνα-
708 681 714 768 Ι
734 684 815 746 έν-
833 682 839 769 Ι
858 681 957 747 τίν’-
974 683 980 771 Ι
999 685 1188 767 άπαρχδι-
1206 682 1212 770 Ι

126 781 326 864 γάλακτος-
344 783 349 870 Ι
367 783 428 862 ἢ-
448 783 453 871 Ι
473 785 631 847 άττοτοί-
650 782 655 870 Ι
675 783 815 848 άλαδν-
833 783 838 871 Ι
858 783 1000 864 δεῖξον-
1018 783 1024 872 Ι
1043 785 1188 867 άέριον-
1205 785 1212 867 Ι

127 884 267 952 έλιιεις-
285 885 290 972 Ι
311 888 452 952 κλύειν-
471 885 478 973 Ι
496 886 752 968 γεραιὸν-ἰαύων
766 885 845 950 Ald.

173 1002 264 1071 1507.
287 991 464 1067 δυσξύνετον
490 988 576 1052 Flor.
601 1010 682 1052 unus
705 1003 736 1052 et
759 987 854 1052 schol.
877 992 1018 1075 August.
1052 989 1230 1068 δυσξυνέτου

170 1196 290 1272 ξυνετὸς
304 1193 436 1259 codices.
473 1195 595 1273 ξυνετὸν
610 1195 699 1261 Ald.=

172 1297 263 1380 έγνω]
290 1297 383 1379 έγνως
404 1296 523 1383 aliquot
540 1297 671 1361 codices.
717 1298 822 1362 Male:
849 1299 988 1363 nondum
1003 1299 1085 1362 enim
1110 1313 1229 1387 patrem

126 1396 306 1484 alloquitur.
332 1401 434 1463 POR.

174 1501 264 1584 1508.
282 1504 315 1565 ίά
329 1503 393 1586 μοι]
413 1504 446 1566 id
460 1502 514 1582 μοί
524 1528 576 1583 μοι
590 1525 701 1567 novem
717 1504 846 1568 codices.

174 1619 265 1688 1509.
281 1602 313 1690 ἢ]
331 1607 376 1672 τίς
392 1607 437 1669 B:
464 1605 549 1669 unde
571 1606 752 1696 Brunckiup
771 1605 790 1687 ἢ
804 1609 859 1687 τίς,
873 1629 939 1695 quo
952 1621 1045 1695 pacto
1058 1607 1229 1672 choriambi

125 1729 147 1770 a
161 1706 404 1793 penthemimere
417 1708 550 1774 iambico
564 1709 721 1798 incipient.

173 1828 264 1897 1510.
287 1811 461 1893 προπάροιθ’
479 1813 691 1878 Hermannus.
730 1813 822 1878 Libri
842 1813 1054 1896 προπάροιθεν,
1070 1813 1128 1877 nisi
1142 1813 1229 1901 quod

125 1914 269 1995 πάροιθεν
283 1929 330 1978 est
345 1913 377 1977 in
394 1913 480 1979 Flor.
496 1915 644 1980 secundo.

173 2035 265 2101 1511.
281 2015 403 2080 τοσῶνδ’
419 2017 549 2082 codices
587 2020 686 2082 rdoou
699 2017 734 2081 δι’
752 2016 830 2082 Ald.

172 2134 263 2203 1511.
287 2121 409 2198 αίμοτος
423 2123 544 2201 ἁμερίου
559 2120 695 2185 cohaeret
708 2143 780 2185 cum
796 2119 898 2184 verbis
919 2125 979 2183 τῶν
991 2118 1165 2201 προπάροιθ’
1180 2119 1227 2183 εὖ·

125 2245 259 2303 γενεταν.

172 2338 264 2409 1513.
289 2324 404 2387 Versus
428 2324 471 2388 sic
494 2324 656 2411 digerendi
680 2323 772 2389 τοιάδ’
799 2325 877 2409 άχεα
900 2328 1027 2407 φανερδ,
1050 2323 1164 2389 τάλαιν’
1190 2326 1229 2393 ὥς

125 2427 260 2504 έλελίζω.
280 2425 285 2512 Ι
305 2427 348 2493 τίς
363 2423 408 2507 ἄρ’
425 2427 505 2507 ὄρνις
520 2424 637 2506 δρυδςῆ
653 2425 763 2492 ἐλάτας
781 2424 786 2512 Ι
809 2473 816 2488 .

173 2544 265 2614 1514.
290 2531 413 2604 έλελίζω
435 2529 535 2615 major
557 2551 629 2615 pars
651 2527 805 2592 codicum.
844 2529 971 2604 ἐλελίζει
997 2529 1086 2593 Β.Η.
1112 2527 1227 2615 aliique

124 2653 198 2696 cum
215 2630 293 2695 Ald.

169 2717 226 2804 τίς]
243 2720 287 2784 τίς
301 2715 325 2780 τ’
341 2716 462 2803 aliquot
475 2715 569 2779 codd.

172 2835 266 2904 1515.
282 2817 382 2904 δρυὸς]
398 2817 416 2897 ἢ
431 2817 517 2898 δροδς
531 2817 653 2881 codices
667 2831 790 2882 tantum
805 2840 867 2881 non
881 2839 998 2882 omnes.

172 2939 264 3006 1517.
286 2921 489 3001 μονομάτορος
506 2934 577 2984 octo
593 2920 724 2985 codices.
761 2920 962 3001 μονομάτεροι
983 2918 1061 2983 Ald.
1096 2920 1226 3001 μονομή.

126 3049 210 3105 τερος
226 3023 316 3087 Ι.εἰά.
332 3022 461 3109 primus.
488 3025 672 3104 μονόματροι
686 3022 770 3087 Flor.
787 3024 831 3087 A.
876 3022 970 3101 Quod
985 3021 1127 3108 sequitur
1141 3025 1226 3105 θδυρ-

125 3132 201 3208 μοῖς,
217 3125 370 3212 glossema
388 3125 429 3189 ad
451 3126 541 3209 άχεσι
562 3125 767 3212 adscriptum,
783 3124 951 3188 delendum
966 3147 1032 3188 esse
1047 3123 1125 3188 vidit
1141 3126 1226 3188 Her-

126 3252 267 3294 mannus.
312 3231 363 3291 Eo
377 3228 475 3314 ejecto
490 3228 610 3292 lacunae
625 3227 749 3314 signum
765 3226 945 3315 ponendum
960 3240 1051 3313 puto.
1096 3225 1226 3290 Excidit

126 3333 208 3397 enim
224 3331 355 3396 verbum
377 3329 518 3417 aliquod,
534 3329 620 3393 velut
634 3331 720 3394 ἔσται
734 3328 784 3393 vel
800 3330 876 3409 ἥξει,
891 3328 1010 3416 quoad
1033 3327 1226 3415 probabilem

127 3435 215 3499 metri
231 3435 363 3499 sormam
378 3456 459 3520 opus
474 3447 530 3497 est.

172 3555 394 3622 1519-1522.
411 3537 526 3599 Versus
541 3533 642 3598 lonici
657 3533 701 3598 sic
714 3533 876 3621 digerendi

299 3642 416 3703 αίλινον
431 3637 594 3720 αἰάγμασιν
609 3638 629 3702 δ
642 3641 744 3700 τοῖσδε
757 3638 909 3718 προκλαίω

297 3739 400 3820 μονάδ’
415 3742 508 3803 alono
523 3739 665 3818 διάξουσα
678 3738 732 3802 τὸν
747 3739 795 3802 ἀεὶ

297 3845 410 3925 χρόνον
425 3844 459 3906 έν
472 3840 698 3921 λειβομένοισιν
712 3840 863 3922 δάκρυσιν.

126 3946 248 4008 Eorum
270 3944 390 4030 primus
412 3943 453 4006 ab
469 3943 528 4006 arsi
549 3942 633 4006 nude
655 3940 781 4028 incipit:
806 3940 929 4026 dequo
946 3962 1059 4026 genere
1077 3963 1224 4005 versuum

125 4045 192 4110 dixi
206 4045 246 4110 ad
264 4046 361 4133 Soph.
378 4045 456 4110 OEd.
475 4046 517 4108 T.
533 4046 607 4129 483.
1044 4053 1047 4059 '

173 4168 265 4233 1520.
281 4146 448 4233 προκλαίω]
465 4147 637 4228 προσκλαίω
651 4144 742 4209 codd.
759 4143 859 4209 multi.

167 4249 285 4337 μονάδ’]
308 4254 387 4332 μόνα
408 4247 431 4314 δ’
455 4249 532 4313 Ald.
551 4262 594 4327 et,
617 4263 654 4312 ut
674 4247 809 4325 videtur,
834 4269 906 4333 pars
927 4245 1082 4328 codicum,
1104 4259 1224 4333 puncto

125 4370 197 4442 post
210 4356 361 4436 προκλαίω
376 4353 488 4441 posit0.

172 4474 266 4541 1522.
280 4453 521 4541 λειβομένοισιν]
539 4453 628 4518 Libri
642 4451 860 4533 λειβομένοισι.

704 4573 726 4616 u
