2864 4914
227 285 292 351 428
588 285 966 353 ANNOTATIONES

226 469 259 522 et
284 454 451 522 molestum
480 471 546 532 eet3
578 457 672 544 quale
699 470 794 546 putas
820 458 965 523 futurum
995 455 1159 534 matribus,
1190 455 1219 520 si
1255 453 1343 520 filios

226 581 300 623 suos
323 558 390 645 jam
413 580 466 622 sex
489 557 556 623 dies
581 571 733 637 mortuos,
755 573 892 625 mutatos
913 572 945 624 et
966 558 1158 624 deformatos
1177 554 1342 621 videant?

271 762 397 846 νεκρῶν]
415 767 508 844 νεκρῶ
523 762 598 827 Par.
614 763 658 825 A.
673 760 761 827 Flor.
781 781 810 824 1.
827 779 857 827 2.
880 766 973 846 νεκρθι
987 765 1099 844 νεκρῶν
1113 760 1190 825 Par.
1206 760 1255 825 C.

272 882 348 948 949.
362 869 481 946 βροτῶν
493 864 566 928 Pur.
584 863 622 928 C.
638 861 724 928 Flor.
743 883 770 927 1.
787 880 817 929 α.
840 863 946 952 Vulgo
958 865 1075 946 βροτοί.

270 966 346 1050 961.
362 969 500 1048 πλαγκτδ
513 964 644 1031 ωοὰὶαθε.
666 968 785 1031 πλακτδ
799 964 877 1030 Ald.

269 1068 346 1153 962.
362 1069 515 1151 δυσχίμων
529 1070 741 1134 Hermannus.
766 1069 935 1153 δυσχεάμων
948 1067 1030 1133 libri.

239 1218 242 1223 .
270 1171 343 1252 967.
359 1168 580 1248 δυστηνοτάτως
595 1169 751 1234 ΒςὶεΙιίαα
785 1170 968 1257 Legebatur
983 1167 1208 1251 δυστηνότατος.
1249 1168 1341 1234 Scri-

226 1271 366 1336 bendum
387 1271 620 1341 δυστανοτάτως.
664 1274 716 1338 De
737 1271 929 1361 superlativo
949 1272 1088 1338 adverbii
1109 1272 1195 1338 conf.
1215 1272 1338 1338 Elmsl.

225 1373 267 1439 ad
284 1373 411 1438 Heracl.
425 1393 502 1458 544.

270 1477 346 1560 968.
361 1476 517 1558 φθιμένοις
531 1476 608 1541 Ald.
631 1477 822 1560 φθιμένοισιν
835 1476 966 1542 codices.

270 1572 345 1656 969.
361 1573 450 1650 ζῶσιν
464 1572 542 1638 Ald.
564 1581 682 1650 ζωοῖσιν
695 1573 775 1639 libri.

271 1673 426 1755 κρινομένη
454 1674 669 1762 Musgravius.
708 1675 891 1761 Legebotur
919 1673 1115 1758 ἀριθμουμένη
1137 1697 1180 1738 ex
1209 1674 1339 1762 glosse-

227 1789 321 1841 mate.
368 1777 575 1842 Scribeudum
598 1789 704 1842 autem
729 1777 845 1842 Dorice
870 1778 1037 1860 κρινομένα,
1062 1790 1099 1841 ut
1124 1778 1341 1859 ὀρθρευομένα

228 1880 349 1963 v.978.

270 1996 346 2065 970.
362 1981 475 2066 έχουσα
489 1983 562 2048 Par.
578 1998 650 2049 tren.
671 1986 803 2069 ἴσχουσα
817 1983 897 2048 Ald.

271 2098 310 2166 97
313 2101 344 2168 5.
359 2085 467 2164 λοιβαί
478 2110 512 2149 τε
527 2086 638 2150 νεκύων
652 2085 817 2171 φθιμένων]
841 2084 905 2148 Ηὶα
919 2107 1026 2149 versuo
1039 2082 1167 2149 accessit
1181 2105 1224 2147 ex
1243 2082 1337 2149 Plut.

228 2184 313 2248 Mor.
330 2207 362 2270 p.
376 2204 442 2270 394
457 2186 497 2250 Β.
519 2211 552 2250 τε
566 2186 688 2251 addidit
704 2189 918 2251 Hermannus.

270 2302 345 2372 977.
360 2291 478 2370 γόοισιν
493 2292 706 2356 Hermannus.
728 2289 834 2376 Vulgo
848 2290 956 2372 γόοισι.

271 2391 471 2473 ὀρθρευομένα
485 2390 615 2457 codices.
638 2391 821 2474 όρθενομένα
836 2390 913 2454 Ald.

270 2508 344 2577 979.
360 2494 454 2577 τέγξω
470 2495 549 2560 Ald.
571 2496 648 2575 τάξω
662 2495 791 2560 codices.

271 2595 346 2680 983.
359 2596 486 2676 Θησέως
500 2600 574 2662 Par.
590 2600 629 2661 C.
664 2597 768 2684 Vulgo
784 2597 914 2675 Θησέος.

271 2697 345 2781 984.
362 2698 566 2779 καπφθιμένου
581 2699 758 2763 Elmsleius.
784 2684 1004 2781 καταφθιμένου
1016 2694 1096 2761 libri.

273 2819 347 2883 990.
371 2801 423 2864 De
448 2800 590 2865 baccheis
612 2814 685 2866 ante
706 2823 853 2865 numeros
874 2800 1041 2888 glyconeos
1062 2798 1171 2886 positis
1193 2797 1265 2864 dixi
1289 2801 1336 2866 ad

228 2899 392 2985 Aristoph.
408 2902 503 2988 Vesp.
518 2917 594 2987 317.

273 3022 454 3088 991-994.
482 3005 564 3068 Haec
590 3004 622 3068 in
651 3004 732 3069 duos
759 3027 866 3069 versus
890 3002 1071 3091 digerenda,
1097 3003 1335 3084 ἐδίφρευε-αἱ·

230 3103 304 3185 θέρα
323 3103 328 3193 Ι
346 3104 649 3191 λαμπάδ’-ὄρφνας,
691 3107 869 3195 pariterque
905 3108 935 3171 in
968 3105 1165 3193 antistrophe
1199 3126 1336 3192 1013—

231 3209 324 3272 1016.

271 3329 346 3394 991.
370 3310 506 3392 ἐδίφρευε
527 3309 588 3376 τόθ’
609 3311 693 3377 άλιος
716 3310 874 3376 Matthiae.
913 3311 1003 3376 Libri
1027 3310 1198 3392 έδιφρεύετο
1221 3308 1333 3378 τάλας.

227 3409 321 3477 τάλας
335 3433 374 3474 ex
389 3409 475 3479 ἅλιος
488 3428 671 3499 corruptum
684 3435 750 3476 esse
763 3412 1025 3477 animadverterat
1039 3410 1217 3475 Barnesius.

271 3533 344 3598 993.
360 3515 488 3578 ὠκυθόαι
502 3515 628 3598 νύμφαι]
646 3517 762 3591 Quaero
776 3537 920 3601 quoeuam
943 3514 1005 3579 sint
1020 3513 1069 3577 hae
1083 3511 1232 3599 nymphae
1252 3513 1334 3576 cele-

226 3635 278 3678 res
300 3638 370 3702 quoe
397 3618 540 3701 equitant
565 3637 625 3702 per
647 3617 799 3680 tenebrae.
837 3615 992 3681 Brodaeus
1014 3615 1100 3694 dicit,
1128 3614 1335 3701 “Nymphae

227 3716 337 3781 Noctis
351 3717 506 3782 comites.”
551 3717 614 3782 Sed
627 3741 772 3805 quaenam
795 3733 869 3784 sunt
882 3718 974 3783 istae?
998 3718 1069 3783 Scio
1083 3716 1167 3780 istud
1191 3717 1336 3782 Hesiodi

227 3820 288 3904 0p.
311 3834 344 3883 et
367 3818 454 3883 Dier.
476 3835 549 3905 730.
573 3818 713 3901 μακάρων
737 3845 783 3885 τοι
812 3821 913 3888 νύκτες
942 3821 1059 3886 έοσσιν·
1082 3821 1225 3884 Deorum
1250 3830 1336 3885 euvei

225 3929 338 3985 noctes.
360 3920 411 3985 hic
426 3943 500 3985 vero
515 3936 607 3987 certae
621 3920 735 4009 aliquae
755 3925 835 3988 Deae
855 3947 910 3988 seu
925 3922 1085 4010 Nymphae
1099 3921 1249 3986 videntur
1271 3921 1336 3986 de-

226 4023 351 4112 signari.
397 4026 438 4090 In
454 4022 615 4089 Theocriti
637 4024 733 4112 Idyll.
752 4044 781 4093 2.
797 4047 828 4089 v.
845 4024 903 4089 ult.
927 4023 1079 4106 Ἀστέρες,
1103 4023 1241 4103 εύκήλοιο
1266 4024 1335 4088 κατ’

227 4127 340 4210 άντνγα
355 4127 470 4194 Νυκτός
485 4129 599 4192 ὀπαδοί.
614 4141 647 4191 et
662 4127 784 4191 Tibulli
799 4127 891 4214 Eleg.
910 4145 940 4193 2.
955 4147 985 4206 1,
1003 4128 1053 4208 87.

311 4231 386 4294 Jam
402 4232 476 4294 Nox
485 4228 593 4316 jungit
607 4253 713 4316 equos,
728 4254 920 4318 currumque
934 4245 1110 4317 sequuntur

356 4332 471 4396 Matris
485 4331 600 4396 lascivo
615 4331 716 4396 sidera
729 4333 818 4397 fulva
831 4333 936 4397 choro.

226 4431 286 4496 hoc
299 4446 357 4514 est,
371 4435 468 4516 άστρα
482 4432 506 4499 δ’
523 4434 649 4517 ὡμάρτει
664 4439 742 4520 Θεᾷ,
760 4436 832 4499 Ιοα.
851 4451 945 4520 1151.
975 4437 1032 4499 An
1046 4435 1095 4499 hae
1108 4447 1182 4498 suut
1197 4433 1337 4502 ὦκνθόαι

227 4534 352 4619 Νύμφαι
372 4535 468 4625 hujus
488 4534 572 4603 loci?
595 4535 749 4603 Videntur
763 4559 837 4604 esse.
883 4537 1006 4605 Eadem
1025 4538 1106 4604 sorte
1120 4535 1337 4625 designentur
