2864 4914
490 300 558 366 AD
580 299 850 370 SUPPLICES.
1153 298 1218 363 idi

122 472 165 537 D.
181 470 302 535 Paulus
323 469 364 536 ad
387 469 504 557 Ephee.
520 489 550 536 2.
565 489 598 551 4.
618 472 634 534 ὅ
657 472 691 535 ni
708 473 776 540 θεὸς
796 471 943 539 πλούσιος
964 467 1008 535 δν
1027 470 1062 535 ἕο
1087 466 1169 534 itin
1187 484 1219 533 et

120 579 264 641 πλουτεῖν
277 575 312 641 δν
327 572 435 655 ἔργοις,
454 592 467 636 1
487 571 572 639 Tim.
588 575 621 650 6,
641 573 691 639 18.
715 573 808 640 Vult:
832 592 918 641 mena
938 585 972 637 et
992 569 1131 637 inventio
1151 571 1220 658 Ty·

122 678 173 743 dei
180 677 341 763 foecunda
362 690 429 741 erat
449 677 614 763 infamia,
629 677 661 739 in
681 675 810 740 dicendo
824 674 935 762 impar.
973 673 1047 738 Sine
1067 674 1218 761 proepod·

122 779 206 844 tione
232 777 394 845 Plutarch.
415 779 485 843 Cat
509 777 590 864 Maj.
614 800 645 864 p.
661 791 723 862 347
741 778 786 841 A.
809 779 954 845 πλούσιος
976 782 1037 844 τοῖς
1060 775 1221 858 ἀχρήστοις

123 882 172 944 καὶ
192 886 346 962 περιττοῖς.
370 880 526 946 MARK.
570 881 670 947 Recte
685 878 866 948 discoctum
884 878 917 943 in
932 876 1063 944 Aldina.
1096 879 1220 943 ¹Verum

124 998 256 1068 uterque
271 1004 378 1045 versus
399 1004 462 1046 non
483 981 524 1047 ab
540 981 695 1070 Euripide
716 981 851 1069 scriptur
871 994 929 1059 ent,
949 980 1003 1047 sed
1025 1003 1045 1048 u
1065 1002 1222 1068 gramma-

123 1083 185 1149 tico
199 1084 305 1170 aliquo
320 1084 482 1164 confictus,
495 1085 552 1172 qui
574 1108 637 1150 non
659 1084 759 1151 nolum
781 1083 937 1171 adjectivo
957 1084 1113 1162 πλούσιος,
1132 1083 1221 1170 quod

123 1185 163 1251 de
186 1185 282 1251 animi
304 1185 434 1252 dotibus
458 1185 589 1274 intelligi
613 1186 727 1265 voluit,
751 1184 922 1252 sedetiam
947 1185 1056 1272 inepto
1078 1185 1222 1251 vocabuli

123 1286 261 1401 iiiluna
280 1310 341 1353 usu
363 1288 436 1354 satia
458 1312 491 1357 ae
512 1289 663 1378 prodidit,
678 1288 765 1377 quod
780 1310 821 1352 ex
835 1311 866 1354 v.
884 1287 956 1353 862.
973 1286 1100 1352 videtur
1113 1311 1221 1376 sump-

124 1412 209 1453 sisse.

167 1510 241 1575 911.
258 1492 345 1558 οἰδδς
366 1512 428 1554 non
443 1503 508 1554 tam
522 1514 589 1557 eene
609 1490 763 1578 pudorem
783 1490 825 1557 ob
844 1491 961 1578 turpia,
975 1511 1050 1577 quoe
1071 1489 1224 1556 commisi-

123 1613 205 1668 mus,
229 1614 325 1678 quarn
350 1592 503 1679 pudorem
529 1615 613 1673 eum,
637 1616 703 1681 quo
728 1593 932 1682 prohibemur
956 1607 1050 1680 turpe
1072 1592 1150 1680 quid
1174 1591 1223 1657 vel

124 1693 214 1759 nobis
238 1692 404 1780 indignum
429 1694 542 1775 facere,
566 1718 689 1762 aeneum
714 1695 846 1774 horrenti,
873 1708 984 1761 notum
1008 1710 1064 1761 eet.
1109 1696 1224 1782 Itaque

124 1795 184 1860 hoc
197 1795 301 1862 dicere
317 1795 386 1863 vult
400 1796 582 1884 Euripides,
598 1798 711 1864 bonam
726 1797 942 1864 educationem
956 1796 1077 1862 efficere
1099 1809 1135 1864 ut
1155 1811 1223 1863 tur·

123 1897 206 1985 piter
219 1912 250 1964 te
263 1921 373 1985 gerere
387 1898 516 1986 pudeat.
540 1901 733 1966 MATTH.

167 2018 241 2084 912.
255 2000 378 2089 τάγάθ’]
393 2026 441 2065 τοι
455 2002 555 2084 ἀγαθὰ
572 2001 719 2068 Stobaeoa
734 2021 764 2081 1,
779 2017 810 2087 5.

168 2121 242 2186 913.
258 2103 413 2189 γενέσθω]
433 2107 595 2183 κεκλῆσθαι
611 2102 767 2169 Stobaeua.

169 2222 244 2287 914.
259 2205 396 2269 διδακτὸν
412 2205 566 2271 Stobaeua.
604 2203 696 2269 Libri
711 2203 855 2271 διδακτός.

169 2324 245 2390 917.
262 2307 369 2384 Quum
393 2307 460 2371 haec
481 2305 525 2372 ita
543 2307 614 2384 sint,
630 2305 732 2392 etqui
754 2305 838 2372 bona
858 2304 1053 2372 institutione
1072 2326 1148 2369 uaua
1167 2321 1224 2386 eat,

126 2407 256 2472 virtutes
276 2423 359 2473 recte
381 2408 543 2497 percipiat,
558 2406 706 2474 monendi
728 2421 803 2475 tunt
821 2429 940 2487 omnes,
956 2421 993 2473 ut
1012 2406 1125 2472 liberor
1145 2406 1225 2472 bene

126 2509 333 2574 instituendos
358 2524 389 2575 et
414 2510 593 2575 educandos
617 2523 739 2576 curent.
762 2511 916 2575 παιδεύετε
939 2527 987 2574 ent
1011 2508 1225 2596 imperativus.

128 2611 320 2676 ΜΑΤΤΗ.
366 2612 571 2683 Scribendum
587 2611 693 2700 potius
706 2613 883 2679 ποιδεύοετε
896 2634 971 2678 oum
986 2614 1179 2681 Hermanno

169 2731 242 2795 924
259 2711 374 2778 rexoric’
391 2716 411 2779 d
425 2715 639 2783 Hermannua.
677 2711 769 2779 Libri
783 2717 924 2778 reunion.

170 2832 211 2896 92
211 2834 353 2900 5-939.
368 2814 486 2882 Thesei
501 2816 696 2902 Adrastique
709 2838 851 2903 peraonae
864 2814 898 2880 in
912 2814 999 2881 libris
1014 2831 1088 2882 aunt
1102 2839 1226 2904 permu-

128 2927 211 2978 tntae.
249 2914 345 2993 Quod
359 2915 469 2980 vitium
484 2917 619 2981 correxit
634 2916 848 3003 Musgravius.

171 3033 244 3100 925.
260 3014 550 3103 Οἰκλέους-πόκον]
568 3018 813 3106 Amphiaraum.

171 3117 317 3186 Οἰκλέους
345 3118 509 3185 Brodoeua.
550 3118 699 3191 ’δοκλέους
724 3119 812 3186 libri:
836 3119 924 3206 quod
950 3118 1086 3187 solemne
1110 3120 1143 3184 in
1167 3119 1225 3185 hoc

129 3218 252 3283 nomine
265 3219 407 3284 codicum
422 3219 533 3285 vitium
547 3235 605 3285 est.

172 3322 246 3406 928.
262 3324 296 3387 δὲ
311 3323 525 3389 Hermannus.
564 3323 747 3408 Legebatur
761 3348 803 3391 τε.

172 3423 375 3507 Πολυνείκην]
395 3422 600 3491 Scribendum
616 3426 788 3503 Πολυνείκη
801 3446 874 3494 eum
889 3423 1049 3493 rimaldo

172 3543 246 3610 932.
263 3529 336 3607 δρᾶν
350 3550 388 3589 σε
404 3524 625 3597 Marklandue.
662 3527 845 3614 Legebatur
859 3531 975 3609 δρᾶται.

172 3643 245 3713 935.
261 3627 338 3712 ph]
359 3625 450 3693 Libri
466 3625 555 3709 ἱερόν.

172 3730 246 3814 938.
262 3732 360 3801 οἴκους
374 3728 533 3798 Reiekiue.
573 3728 911 3816 Legebaturoitrpoin.

172 3851 245 3918 939·
267 3853 342 3915 9⁴0·
366 3834 550 3920 Utrumque
572 3855 698 3903 rurum
718 3832 848 3904 Theren
864 3831 1010 3905 tribuunt
1028 3832 1108 3899 iibri.
1147 3836 1226 3898 cor·

129 3934 209 4000 rexit
225 3935 441 4022 Muagraviue.

173 4054 247 4120 939.
262 4036 346 4104 utros
361 4035 518 4103 Reiokiua
557 4036 663 4125 Vulgo
677 4035 772 4109 οὗτός.

173 4156 247 4219 940.
262 4136 405 4221 στειχέτω
419 4136 444 4204 δ’
460 4140 538 4222 ἄχθη
554 4139 679 4223 νεκρῶν]
698 4138 740 4205 Id
754 4154 814 4218 eat,
827 4139 989 4228 procedite
1000 4161 1067 4219 rna,
1081 4138 1138 4226 qui
1155 4159 1227 4225 por·

131 4239 202 4304 tutis
216 4238 367 4304 cadavera
380 4239 509 4308 ducum.
534 4242 689 4306 MARK.

174 4362 249 4428 943.
264 4341 471 4410 τὸς-τέκνων
486 4342 612 4409 Theseo
627 4341 738 4409 tribuit
753 4343 825 4409 Par.
843 4343 883 4408 Β.

173 4464 248 4531 945.
269 4445 370 4527 πικροὶ
384 4448 443 4529 γὰρ
457 4446 547 4527 ὄψεις
567 4446 650 4529 χδμο
669 4448 710 4532 τῷ
724 4444 807 4513 τέλει
824 4446 947 4530 νεκρῶν]
966 4443 1053 4512 Dicit
1067 4443 1228 4511 Theseus:

133 4546 284 4635 Aspicere
302 4546 368 4617 rita
381 4547 508 4623 inantea
529 4547 623 4616 etiam
641 4547 749 4619 statim
769 4563 842 4636 poet
860 4568 969 4617 comm
987 4545 1122 4625 ebitum
1136 4568 1234 4634 grave
