2864 4914
562 276 629 339 AD
653 276 893 342 ORESTEM.
1211 276 1275 344 119

172 446 240 522 φῶν
254 444 388 511 παιδείας
402 459 435 530 5.
453 448 577 530 (4.11.)
595 448 643 512 καὶ
657 453 711 513 νῦν
725 448 759 511 τὸ
772 450 830 528 μὲν
845 446 890 512 ἐπ’
904 448 970 528 ἐμοὶ
983 450 1112 531 οἴχομαι·
1135 445 1169 509 τὸ
1185 443 1208 510 δ’
1226 447 1275 510 ἐπὶ

172 543 223 606 σοὶ
238 543 403 626 σέσωσμαι.
439 550 554 617 Λυσίας
567 550 607 615 ad
621 550 833 615 accusativum
857 549 917 616 κατ’
931 548 1096 633 Ἀγοράτου
1111 547 1273 628 ἐνδείξεως·

171 647 221 710 καὶ
234 648 270 710 τό
283 673 319 729 γε
335 647 381 712 ἐπ’
397 652 513 717 ἐκεῖνον
528 654 650 733 ἐσώθης.
674 654 780 717 POR.

219 768 309 834 1352.
327 751 426 817 Recte
441 752 518 818 Ald.
534 753 566 817 in
584 777 681 819 unum
698 778 820 820 versum
836 755 1000 842 conjungit
1015 755 1183 835 ἱιῖι-βοάν.

217 871 255 938 13
257 866 312 937 57.
327 854 412 942 πρὶν]
428 856 499 936 πρὶν
514 857 552 921 ἂν
566 857 643 922 Ald.
659 874 691 923 et
705 859 796 923 oodd.
813 857 954 945 quidam.

218 957 310 1040 1361.
326 958 425 1022 Recte
440 957 517 1022 Ald.
534 958 757 1027 διὰ-Ἑλέναν
773 984 837 1025 uno
851 983 954 1024 versu.
982 961 1070 1025 Inter
1085 960 1166 1025 duos
1178 958 1274 1024 doch-

169 1056 249 1122 mios
263 1058 386 1124 iambus
400 1061 522 1148 positus
536 1078 582 1127 est
598 1069 684 1129 θεῶν.

217 1164 309 1250 1362.
328 1166 357 1231 ἐς
373 1163 540 1230 Seidlerus.
566 1169 608 1233 εἰς
623 1166 704 1230 libri.

217 1267 310 1352 1363.
326 1264 451 1331 Ἑλλάδ’
467 1268 605 1354 ἅπασαν]
621 1267 759 1334 Ἑλλάδα
773 1274 874 1334 πᾶσαν
890 1271 938 1333 Η.
954 1284 986 1333 et
1000 1267 1066 1332 duo
1079 1268 1141 1332 alii.

216 1372 440 1456 1369-1502.
457 1371 512 1435 Ad
528 1373 760 1460 exprimendam
776 1373 870 1437 animi
886 1372 1152 1460 perturbationem
1168 1371 1275 1436 metris

168 1485 264 1557 poeta
279 1496 355 1536 usus
370 1488 417 1537 est
432 1474 546 1561 passim
562 1474 653 1539 valde
670 1474 828 1539 dissolutis
847 1498 1011 1562 prosaeque
1032 1473 1163 1538 orationi
1177 1497 1273 1562 quarn

169 1572 275 1662 ligatae
290 1576 499 1663 propioribus.
531 1579 678 1642 Ceterum
696 1578 855 1666 Phrygem
873 1577 956 1641 hunc
970 1575 1098 1640 moleste
1112 1576 1273 1663 loquacem

168 1676 260 1742 finxit
274 1678 461 1766 Euripides:
484 1703 549 1766 quo
560 1679 755 1744 verbositatis
769 1679 845 1743 vitio
859 1679 951 1744 etiam
964 1678 1033 1743 alise
1048 1678 1144 1766 hujus
1158 1679 1274 1745 sabulae

168 1796 273 1866 partes
287 1783 400 1845 mirum
420 1796 575 1870 quantum
599 1782 751 1846 laborant.
798 1781 887 1846 Idem
911 1781 976 1846 fere
998 1781 1093 1846 sensit
1114 1784 1274 1848 Porsonus

168 1882 208 1947 ad
234 1907 262 1948 v.
286 1903 377 1969 1502.
401 1893 423 1924 “
436 1887 563 1962 Vereor,
590 1908 629 1949 ne
652 1884 808 1973 plerisque
830 1884 998 1950 lectoribus
1023 1883 1181 1951 hodiernis
1205 1888 1274 1952 haec

138 2026 143 2033 ·
168 2009 259 2051 scena
272 1988 380 2052 multis
401 1988 544 2076 partibus
561 1989 649 2075 justo
664 1988 785 2076 longior
800 1986 955 2067 videatur,
972 2000 1004 2051 et
1024 1988 1151 2075 tragicae
1171 1991 1274 2077 gravi·

168 2088 225 2153 tati
241 2111 302 2153 non
319 2088 437 2178 ubique
452 2091 645 2156 conveniens.
687 2089 894 2177 Musgravius
908 2089 1077 2170 existimat,
1093 2091 1153 2155 sub
1169 2092 1273 2181 Phry-

166 2191 217 2278 gis
239 2216 371 2278 persona
385 2195 552 2258 Persarum
573 2193 732 2259 mollitiem
754 2209 850 2281 atque
874 2193 1068 2258 timiditatem
1092 2195 1273 2260 auditorum

167 2293 410 2360 Atheniensium
434 2297 509 2360 risui
532 2311 564 2361 et
585 2296 777 2385 contemptui
804 2320 960 2384 exponere
985 2296 1117 2362 voluisse
1141 2299 1272 2387 Euripi-

168 2397 269 2462 dem.”
314 2401 433 2464 Vanam
457 2400 538 2465 hanc
554 2399 733 2486 Musgravii
748 2398 923 2486 opinionem
943 2399 992 2462 vix
1009 2423 1114 2487 operae
1135 2402 1271 2489 pretium

167 2517 235 2565 erat
248 2525 500 2568 commemorare.

215 2624 306 2690 1370.
324 2609 357 2670 ἐν
371 2628 435 2669 om.
452 2608 498 2670 B:
522 2605 618 2669 habet
634 2607 743 2692 Etym.
760 2606 812 2668 M.
828 2627 859 2692 p.
873 2626 950 2691 393,
965 2607 1012 2670 18.

212 2708 367 2790 εὐμορίσιν
381 2708 472 2773 codd.
489 2707 590 2773 multi.
623 2708 759 2789 εὐμορίσι
773 2707 850 2772 Ald.
887 2711 1004 2773 Versus
1018 2724 1139 2775 constat
1154 2733 1215 2775 non
1232 2734 1271 2776 ex

167 2811 288 2879 cretico,
295 2828 328 2875 et
341 2810 496 2888 dochmio‚
514 2826 549 2875 ut
564 2809 733 2875 Matthiaeo
748 2811 924 2889 videbatur,
940 2835 1012 2898 quae
1027 2835 1089 2876 non
1105 2812 1179 2877 satis
1197 2829 1273 2902 apta

167 2913 241 2978 huic
255 2913 324 2977 loco
338 2913 427 2978 metri
443 2914 544 2977 forma
560 2912 694 2990 videtur,
711 2913 764 2978 sed
780 2914 823 2978 sic
838 2915 943 3002 potius
958 2932 1004 2980 est
1020 2915 1196 2981 metiendus

165 3216 190 3281 si
214 3229 296 3280 recte
317 3213 460 3279 additum
484 3214 600 3302 legitur
623 3218 666 3289 ἐν,
688 3215 728 3279 de
747 3238 812 3301 quo
829 3214 952 3278 dubito.
991 3215 1072 3277 Nam
1092 3214 1271 3300 aptissimus

165 3333 212 3382 est
227 3318 401 3383 trochaicus
416 3317 548 3382 dimeter
565 3317 761 3383 catalecticus
774 3315 942 3399 βαρβάροις
965 3316 1129 3397 (inopima,
1144 3332 1181 3381 ut
1195 3341 1267 3382 mox

166 3421 301 3501 Δωρικάς
315 3446 348 3485 τε
362 3421 553 3502 τριγλύφους.

208 3523 360 3606 εὔρορίσι]
386 3522 493 3600 Quaeri
516 3536 629 3608 potest,
652 3544 709 3585 cur
732 3537 823 3608 poeta
843 3522 874 3585 in
900 3522 978 3608 fuga
1001 3521 1140 3609 Phrygis
1160 3522 1269 3611 depin-

163 3625 267 3712 genda
283 3625 446 3707 εὔμορῶων
462 3626 648 3689 mentionem
666 3625 781 3690 fecerit.
820 3625 975 3689 Videntur
990 3625 1142 3706 εὐμορίδες
1154 3625 1269 3692 calcea-

164 3727 260 3790 menti
285 3750 386 3813 genus
411 3727 505 3791 fnisse
528 3726 759 3791 delicatioribus
784 3743 905 3793 tanturn
934 3727 1103 3803 usitatum
1131 3729 1269 3797 undeet

164 3829 264 3892 Dario
281 3829 464 3894 tribuuntur
488 3828 632 3918 AEschyl.
656 3832 744 3895 Pers.
762 3853 794 3894 v.
811 3831 883 3916 855.
923 3830 1040 3896 Confer
1062 3832 1268 3918 Epigramma

163 3930 327 4016 Antipatri
342 3931 373 3994 in
391 3931 524 3996 Anthol.
541 3935 587 3996 H.
605 3933 713 4020 Steph.
730 3956 762 4020 p.
775 3950 849 4017 234.
886 3934 983 3997 Forte
998 3948 1029 3997 et
1044 3931 1127 3996 domi
1144 3949 1265 3998 tantum

161 4034 379 4120 gestabantur,
402 4033 493 4121 plane
517 4049 552 4098 ut
574 4057 593 4098 a
612 4035 763 4099 Romame
786 4033 887 4099 soleae.
933 4036 1079 4098 Turneb.
1094 4035 1265 4102 Adversar.

163 4154 216 4216 24.
232 4158 260 4199 c.
282 4152 331 4217 17.
369 4136 627 4224 Trepidationem
650 4135 746 4223 igitur
766 4137 846 4200 servi
861 4135 1009 4215 ostendit,
1026 4159 1097 4201 eum
1122 4137 1197 4204 tales
1219 4163 1268 4204 so-

161 4237 226 4302 leas
238 4253 413 4324 gestantem
430 4238 460 4302 in
477 4239 639 4326 publicum
656 4237 814 4325 prodiisse.
839 4238 984 4303 MUSG.

209 4359 303 4426 1372·
319 4343 512 4426 τριγλύφους]
531 4342 696 4424 τριγλύφοις
711 4340 788 4405 Ald.
805 4354 837 4405 et
852 4340 945 4405 codd.
961 4341 1062 4406 multi.

691 4464 740 4523 Ι4
