2864 4914
525 275 593 339 AD
617 277 904 341 PHOENISSAS.
1205 278 1265 340 131

210 461 263 527 43.
277 444 396 529 τάκτὸς]
415 447 463 509 Πῑ
478 445 595 529 caedem
611 449 741 535 aurigae,
756 469 895 534 pugnam
911 468 983 511 cum
1000 446 1089 511 Laio.
1122 449 1269 534 Tangere

167 544 292 610 videtur
308 546 405 633 Soph.
421 547 501 613 OEd.
518 550 559 613 T.
577 550 651 614 806.
677 551 869 614 ΜΑΤΤΗ.

209 667 261 732 45.
278 648 489 714 Antimachus
505 651 598 738 Lyde
612 650 698 737 apud
715 650 809 714 schol.
826 651 902 715 Εἴτε
917 654 949 715 δὲ
961 652 1113 733 φωνήσας·
1130 655 1267 734 Πόλυβε,

167 749 326 831 θρεπτήρια
346 751 437 816 τάσδε
454 751 579 820 Ἵππους
599 780 645 817 τοι
667 755 753 817 δώσω
768 754 937 834 δυσμενέων
952 754 1074 822 ἐλάσας·
1099 755 1184 819 unde
1205 782 1270 837 τρο-

167 859 240 934 φεῖα
260 852 384 939 conjicit
399 853 642 932 Valckenarius,
657 870 766 919 contra
785 873 931 934 metrum,
955 857 979 920 si
1002 880 1075 921 vera
1096 874 1142 922 est
1164 872 1271 922 nostra

167 954 287 1041 regula,
301 957 445 1041 quamvis
459 958 519 1021 hoe
535 956 645 1021 vitium
663 955 728 1021 tolli
750 973 854 1044 posset
872 957 1004 1045 legendo
1018 959 1135 1041 τροφεῖ’
1151 961 1267 1025 ἔδωκεν.

169 1057 231 1121 Sed
255 1057 331 1122 nihil
352 1058 550 1123 mutandum.
598 1059 686 1122 Idem
710 1060 774 1123 fere
796 1074 854 1137 est,
868 1083 903 1124 ac
924 1060 948 1124 si
969 1060 1107 1138 dixisset,
1122 1065 1267 1147 Πολύβῳ,

166 1163 212 1224 ὅτι
234 1162 325 1225 αὐτὸν
348 1162 470 1244 ἔθρεψε.
516 1162 713 1248 Hesychius:
739 1167 985 1244 Πολυβοτραφεῖ.
1009 1167 1049 1248 τῷ
1065 1164 1270 1247 ἀναθρέψαντι

167 1264 315 1343 Πόλυβον
330 1263 444 1343 νάματα
484 1263 535 1327 Sic
549 1263 648 1327 edidit
662 1265 829 1328 Musurus.
870 1267 918 1328 At
932 1266 1008 1329 MS.
1026 1279 1103 1328 teste
1118 1265 1270 1343 Schowio,

167 1364 402 1443 Πόλυβαονάμα.
448 1366 537 1452 Lege
559 1365 666 1451 igitur,
691 1367 825 1450 Πολύβῳ
848 1372 963 1447 τροφεῖ.
991 1371 1031 1452 τῷ
1053 1367 1267 1450 ἀναθρέψαντι,

166 1469 302 1551 Πολύβῳ
317 1469 423 1546 ὄνομα.
449 1468 552 1531 POR.

210 1571 262 1648 46.
279 1570 392 1653 Σφὶγξ]
410 1570 482 1651 φὶγξ
499 1570 539 1647 Β,
555 1592 658 1634 errore
673 1570 800 1634 librarii.
836 1572 980 1657 Tragicis
994 1571 1195 1636 decantatum
1210 1572 1269 1636 hoe

165 1687 340 1736 monstrum
352 1670 450 1754 σφλγξ
463 1695 585 1760 semper
599 1673 701 1752 audit,
714 1695 779 1750 nec,
792 1673 868 1759 quia
881 1673 1031 1739 dramatis
1045 1696 1136 1738 scena
1148 1673 1270 1739 Thebis

165 1788 226 1852 est,
248 1774 320 1837 ideo
343 1797 455 1838 nomen
480 1773 624 1839 adhiberi
646 1775 757 1839 debuit
781 1776 900 1839 Boeotis
923 1775 1083 1840 usitatum.
1130 1776 1159 1839 Ii
1186 1776 1267 1839 euim

164 1878 220 1958 φὶξ
234 1875 388 1942 dicebant.
427 1876 507 1940 Vide
523 1876 686 1941 Graerium
701 1876 740 1940 ad
759 1876 890 1941 Hesiodi
907 1877 1031 1964 Theog.
1048 1881 1121 1962 326.
1138 1879 1156 1958 ἡ
1171 1877 1195 1942 δ’
1212 1881 1270 1960 ἄρα

167 1977 231 2060 φῖκ’
246 1980 340 2058 ὀλοὴν
353 1979 430 2044 τέκε.
454 1980 663 2044 BRUNCK.

212 2084 282 2162 ἔμύς
296 2081 336 2168 τ’]
355 2083 424 2163 ἐμὸς
438 2081 462 2146 δ’
479 2081 608 2168 quidam
624 2082 723 2145 MSS.
748 2083 851 2146 POR.

209 2200 262 2268 47.
279 2184 396 2268 Κρέον]
415 2182 439 2245 τ’
454 2184 577 2248 addunt
591 2183 712 2269 aliquot
726 2184 817 2248 codd.
834 2199 864 2249 et
880 2185 958 2248 Ald.

209 2306 263 2373 52.
288 2288 335 2351 καλ
353 2285 473 2368 σκῆπτρ’
494 2288 613 2350 ἔπαθλα
634 2291 724 2364 τῆσδε
745 2287 896 2366 λαμβάνει
919 2289 1039 2372 χθονός]
1066 2289 1180 2375 Inepta
1202 2288 1268 2352 haec

165 2406 213 2454 est
235 2407 306 2477 post
326 2388 534 2477 praecedentia
548 2389 644 2452 verba
658 2390 729 2452 ὅθεν
744 2392 886 2469 τύραννος
907 2392 998 2467 τῆσδε
1019 2394 1073 2470 γῆς
1095 2394 1268 2455 καθίσταται

165 2491 345 2579 tautologia.
389 2491 599 2570 Quamobrem
616 2490 782 2555 delendum
806 2490 891 2554 huuc
906 2514 1027 2555 versum
1044 2513 1161 2554 censeo.
1201 2490 1266 2555 Mi-

166 2615 226 2657 nus
247 2594 416 2681 probabilis
432 2593 626 2658 Valckenarii
649 2593 800 2657 sententia
822 2610 868 2656 est
890 2591 1022 2680 priorem
1046 2614 1169 2656 versum
1185 2593 1268 2680 ejici-

164 2695 255 2760 entis.
293 2698 441 2761 Ceterum
456 2695 655 2760 memorabile
669 2712 715 2759 est
731 2693 867 2758 scholion
884 2694 997 2758 codicis
1011 2694 1205 2781 Augustani,
1220 2695 1266 2760 ἔπ’

51 2853 53 2856 ,
166 2798 265 2861 οὐδενὶ
281 2803 372 2862 κεῖται
393 2798 428 2861 τὸ
448 2800 566 2863 ἔπαθλα
583 2796 601 2875 ἢ
620 2801 701 2882 μόνῳ
724 2802 764 2882 τῷ
787 2797 928 2883 Εύριπῶῃ
950 2798 1020 2860 ὅθεν
1041 2796 1272 2880 μεταγράφουσί

165 2923 253 2973 τινες,
270 2900 317 2963 καὶ
333 2905 467 2981 σκῆπτρα
484 2903 582 2983 χώρας
604 2899 684 2979 τῆσδ’
700 2901 740 2966 ὡς
754 2901 833 2963 ἆθλα
847 2899 1009 2980 λαμβάνει.
1055 2901 1127 2963 Hoc
1141 2899 1196 2985 qui
1212 2923 1266 2962 ex-

164 3002 314 3090 cogitavit
335 3004 566 3091 grammaticus,
581 3003 638 3068 nisi
661 3003 751 3067 metri
773 3002 866 3089 plane
888 3001 1015 3088 ignarus
1037 3002 1109 3081 fuir,
1125 3002 1170 3066 llo’
1186 3005 1268 3066 άθλα

165 3106 339 3193 scripserat.
377 3109 495 3171 ἔπαθλα
516 3107 618 3171 versui
641 3109 732 3171 1262.
747 3105 802 3190 qui
825 3107 892 3191 ipse
914 3127 1042 3190 quoque
1062 3104 1187 3191 spurius
1208 3119 1267 3184 est,

164 3209 301 3275 restituit
315 3212 482 3274 Porsonus.

207 3328 260 3396 55.
280 3310 379 3375 Pauci
393 3310 485 3374 codd.
502 3314 642 3391 ἄρσενας.
682 3308 829 3396 Plerique
844 3331 915 3372 cum
932 3307 1008 3371 Ald.
1025 3309 1159 3388 ἄρρενας.

206 3432 260 3500 57.
284 3417 330 3499 τε]
358 3413 562 3478 Scribendum
587 3417 619 3478 δὲ
634 3436 704 3478 cum
722 3409 921 3475 Wakefieldo
941 3410 972 3472 in
989 3411 1124 3474 Critlcal
1138 3411 1266 3474 Review

163 3519 247 3606 Apr.
267 3518 359 3581 1801.
377 3541 408 3604 p.
424 3519 498 3603 378.

207 3623 260 3685 60.
285 3623 302 3683 ὁ
324 3620 411 3684 πάντ’
427 3622 557 3687 ἀνατλὰς
575 3622 715 3685 Οἰδίπους
736 3618 905 3702 παθήματα]
932 3617 1030 3679 Hunc
1048 3635 1171 3677 versum
1194 3638 1267 3701 spu-

162 3723 244 3787 rium
271 3722 395 3810 judicat
421 3721 654 3798 Valckenarius,
679 3720 758 3784 bene
787 3718 928 3783 defendit
954 3715 1065 3802 Nagel.
1093 3718 1169 3780 Act.
1196 3719 1266 3783 Soc.

165 3827 255 3914 ij.
272 3848 304 3907 4.
328 3850 360 3914 p.
379 3840 452 3909 297.
491 3814 702 3899 calamitates,
725 3844 803 3907 quas
827 3836 975 3906 expertus
998 3834 1064 3883 erat
1087 3819 1178 3898 (Eu,
1203 3835 1266 3884 tam

162 3943 387 4016 gravaremur,
402 3942 438 3991 ut
453 3926 557 3990 omnia
579 3925 661 3988 mala
678 3923 744 4010 jam
761 3939 837 3987 tunc
851 3921 1029 3985 exhausisse
1045 3922 1142 3986 videri
1163 3939 1267 4009 posset

163 4033 309 4095 Jocastae.
334 4030 526 4093 MATTH.

207 4135 258 4196 61.
276 4134 320 4216 ἔς]
339 4136 381 4199 εἰς
395 4146 477 4195 recte
493 4130 570 4195 Ald.

208 4235 314 4314 ὄμμαθ’
331 4236 433 4317 αὑτοῦ]
451 4233 555 4314 ὄμματ’
573 4233 662 4296 αὐτοῦ
678 4232 724 4293 Η.
741 4228 855 4314 aliique
869 4244 901 4292 et
917 4226 993 4290 Ald.

207 4340 260 4419 67.
284 4338 335 4400 De
357 4337 565 4401 exsecratione
587 4333 722 4398 filiorum
738 4331 849 4416 OEdipi
875 4328 936 4392 vid.
959 4352 1031 4414 quae
1052 4325 1146 4390 schol.
1168 4329 1266 4414 Soph.

165 4437 243 4502 OEd.
262 4440 299 4504 C.
324 4455 415 4525 1375.
431 4437 538 4502 attulit
551 4452 583 4502 et
598 4432 780 4499 Antimach.
795 4432 880 4518 apud
898 4431 1016 4494 Athen.
1037 4450 1084 4492 11.
1101 4451 1132 4514 p.
1147 4433 1210 4512 466
1224 4433 1266 4496 A.

689 4559 707 4598 x
726 4555 744 4599 2
