2864 4914
180 299 246 364 824
318 298 696 365 ANNOTA'I'IONES
719 300 788 363 AD
810 298 1150 364 HIPPOLYTUM.

228 491 320 554 1444.
344 471 491 556 κιγχάνει]
510 470 674 536 Editiones
695 493 803 536 omnes
824 471 941 538 hebent
963 470 1089 556 κιχάνει,
1105 470 1159 535 sed
1180 484 1283 534 metro

180 572 274 662 plene
294 572 497 646 adversante;
524 596 584 637 vox
606 573 687 637 enim
714 572 767 638 illu
791 573 925 663 primam
948 572 1088 661 corripit,
1112 569 1281 637 secundam

181 675 336 765 producit.
374 675 504 741 Monuit
519 677 701 763 Egertonus
716 678 892 741 Porsonum
907 677 1010 765 legere
1024 677 1174 761 κιγχάνω;
1197 689 1283 740 recte

181 779 318 846 omnino.
354 778 499 843 Eandem
516 800 622 844 vocem
636 777 771 844 restituit
787 782 947 846 Porsonus
961 779 1124 868 AEschyio‚
1137 778 1281 865 Choeph.

180 901 256 969 520.
280 881 479 947 Gaisfordius
505 896 620 959 nostro,
644 881 716 946 Alc.
738 902 813 968 493.
835 883 988 964 Ἄδμητον
1010 888 1044 949 ἐν
1066 885 1202 963 δόμοισιν
1223 883 1283 964 opo

183 984 314 1069 κιγχάνω
326 1010 336 1060 ;
360 984 535 1049 exscribens
549 984 701 1072 insignem
716 983 819 1049 locum
835 985 997 1051 Eustuthii
1009 1009 1040 1074 p.
1054 1005 1211 1072 1525,10.
1225 983 1282 1071 qui

182 1086 274 1152 docet
293 1087 425 1152 formum
449 1086 579 1171 κιγχάνω
601 1086 752 1174 analogiae
775 1101 1012 1153 consentaneam
1032 1112 1108 1166 esse,
1132 1101 1241 1174 utpote
1263 1111 1283 1151 o

184 1192 257 1275 κάχω
280 1190 464 1269 derivatam,
488 1213 550 1255 non
576 1212 726 1256 secusne
751 1191 878 1267 ἅνδάνω,
902 1192 1053 1274 μανθάνω,
1080 1190 1225 1276 λογχάνω
1249 1203 1282 1254 et

183 1292 306 1374 similis,
320 1295 360 1358 ab
375 1294 445 1368 άάω,
460 1292 555 1374 μάθω,
570 1293 668 1378 λάχω.
686 1295 836 1359 MONK.

230 1399 323 1480 1446.
339 1397 424 1482 ὤμοι]
443 1399 522 1476 οἶμοι
538 1398 610 1461 Par.
627 1398 670 1462 A.
688 1396 774 1461 Flor.
787 1416 837 1462 10.

229 1500 323 1583 1448.
348 1498 461 1587 φρένα]
484 1498 561 1583 χέρα
584 1500 671 1564 Flor.
694 1499 738 1565 A.
759 1518 809 1587 15.
831 1513 864 1564 et
882 1498 992 1564 addito
1012 1525 1060 1582 γρ.
1082 1498 1181 1582 φρένα
1209 1499 1284 1564 Par.

231 1724 324 1789 1449.
338 1702 450 1791 φόνον]
466 1704 568 1787 φόβον
583 1703 669 1768 Flor.
685 1705 729 1768 A.
744 1724 792 1768 10.

231 1825 324 1892 1450.
339 1806 444 1894 άφίης]
460 1807 588 1889 ἀφήσεις
603 1808 674 1871 Par.
690 1807 820 1871 A.B.D.
838 1806 924 1871 Flor.
940 1810 985 1871 A.
999 1827 1047 1873 10.

231 1928 323 1995 1454.
340 1907 498 1996 εὐσεβοΰς]
515 1908 663 1988 εὐλοβοΰς
678 1909 752 1973 Par.
767 1911 811 1973 Α.
857 1909 920 1974 Sed
934 1910 1015 1974 ooof.
1031 1935 1061 1976 v.
1075 1930 1168 1994 1419.

231 2022 324 2092 1457.
348 2006 554 2089 κεκορτέρητοι
573 2009 652 2088 τάμὸ
666 2005 742 2071 nihil
757 2007 843 2073 uliud
858 2009 1022 2097 significat,
1038 2010 1096 2076 uisi
1112 2010 1188 2075 nihil
1204 2035 1286 2100 opus

185 2132 251 2175 esse
281 2133 313 2174 se
338 2108 509 2190 admoueri,
534 2126 571 2174 ut
596 2109 708 2174 fortem
737 2134 769 2176 se
794 2111 944 2178 adversus
967 2112 1107 2179 dolorem
1132 2114 1284 2201 praebeut,

186 2236 287 2302 quum
301 2213 333 2278 in
348 2214 410 2278 fine
424 2213 498 2278 vitae
513 2212 619 2278 nullus
633 2213 769 2302 amplius
782 2215 811 2280 ei
825 2215 1004 2281 fortitudini
1017 2215 1105 2282 locus
1122 2218 1182 2298 sit3
1204 2241 1286 2305 prse-

187 2316 271 2383 teriit
285 2333 420 2405 tempus,
435 2339 500 2404 quo
513 2316 637 2383 fortiter
649 2317 730 2384 ferre
744 2316 882 2384 dolorem
898 2333 1047 2406 poteram.
1063 2322 1254 2386 MATTH.
