2864 4914
176 272 255 349 192'
542 279 921 344 ANNOTATIONES

176 465 224 516 est
237 451 341 538 inepte
356 448 494 513 locutum
511 473 576 514 esse
591 449 777 538 Euripidem
794 450 819 513 si
834 448 1005 514 ἅνδθυουσα
1016 472 1087 514 cunr
1100 447 1283 513 secundario

178 553 301 619 nomine
322 550 418 636 χθόνα
440 575 535 639 quam
558 575 630 616 cum
653 551 801 639 primario
822 558 953 617 πολιτῶν
967 567 1147 616 oonstruere
1160 550 1281 615 maluit.

178 658 272 721 Hanc
295 653 525 742 perversitatem
549 653 628 718 hene
650 654 745 719 sensit
761 654 950 731 Bruncltius‚
969 655 1025 742 qui
1045 672 1128 720 reete
1146 653 1283 718 eorrexit

175 759 320 825 πολίταςι
354 755 395 820 de
409 779 474 843 qua
488 771 645 820 structura
660 755 747 822 verbi
761 755 902 821 ἁνδάνειν
915 757 999 821 conf.
1013 756 1054 822 ud
1071 756 1280 837 Orest.1607.

176 859 387 925 Aoeusativus
411 873 516 923 autem
542 856 650 923 dativo
678 860 824 933 πολίταις,
851 881 944 946 quem
972 858 1078 946 posuit
1102 857 1281 932 Rammius,

176 961 393 1049 praeferendus
416 961 540 1026 videtur
568 977 697 1048 propter
725 961 858 1026 alterurn
885 961 940 1049 qui
966 960 1116 1049 praeeedit
1139 959 1280 1025 dativum

176 1068 269 1152 ων

223 1187 272 1252 13.
291 1166 363 1245 αι’πή
378 1168 426 1251 τε]
451 1166 524 1245 αὐτη
539 1167 571 1230 δὲ
588 1166 732 1231 Stobaeus
749 1184 801 1249 74,
816 1187 871 1251 30.

221 1269 421 1358 συμφέρουσἸ
437 1268 618 1352 ξυμφέρουσ’
634 1271 678 1333 A.
716 1269 877 1356 Significat
892 1271 1115 1351 ὁμοφρονοΰσα,
1130 1268 1161 1331 1ιί
1180 1266 1280 1332 lullor.

177 1372 348 1460 Sophocles
364 1371 415 1436 El.
429 1374 523 1452 1464.
538 1375 578 1457 τῷ
593 1374 652 1453 γὰρ
666 1373 764 1457 χρόνῳ
784 1369 789 1458 Ι
809 1376 881 1435 νοῦν
895 1371 1000 1453 έσχον,
1019 1372 1098 1434 ὥστε
1118 1370 1283 1453 συμφέρειν

174 1483 239 1543 τοῖς
254 1478 439 1558 κρείσσοσιν.
464 1473 547 1538 Ibid.
560 1477 634 1555 946.
648 1471 739 1555 Ὀρῶ.
762 1476 889 1552 ξυνοίσω
904 1478 964 1537 πᾶν
979 1475 1110 1555 ὅσονπερ
1123 1473 1161 1538 dv
1173 1472 1281 1537 σθένω.

178 1578 269 1642 Idem
291 1577 468 1658 ξυνοίσομαι
485 1575 566 1639 OEd.
583 1579 622 1640 C.
638 1578 712 1656 641.
736 1576 792 1639 nisi
817 1575 984 1662 legendum
1008 1578 1194 1655 ξυνοίσομευ.
1240 1577 1280 1638 ln

175 1681 236 1745 hoc
251 1704 343 1744 versu
358 1691 390 1744 et
405 1678 608 1766 sequentibus
625 1678 760 1766 respexit
776 1678 947 1766 Euripides
966 1679 1007 1743 sd
1024 1681 1201 1743 Homerum
1217 1677 1281 1742 Od.

176 1789 213 1848 Z.
230 1785 300 1849 182.
323 1784 358 1848 οὗ
378 1785 435 1862 μὲν
453 1785 511 1863 γὰρ
526 1787 579 1844 τοῦ
593 1807 630 1863 γε
645 1789 785 1863 κρεῖσσον
801 1783 847 1846 καί
862 1784 973 1865 ἄρειον,
994 1782 1000 1865 Ι
1017 1780 1036 1862 ἣ
1052 1781 1095 1846 ὅθ’
1112 1780 1280 1863 θμοφρονέ·

176 1913 246 1953 οντε
260 1886 407 1967 νοήμασιν
421 1884 504 1948 οἶκον
519 1884 628 1966 ἔχητον
646 1883 652 1969 Ι
671 1885 745 1966 ἀνὴρ
759 1886 811 1964 ἠδὲ
826 1884 909 1966 γνντΙ.
927 1886 1042 1949 ELM.

223 2010 273 2074 19.
289 1989 323 2056 δς
338 1991 467 2071 αίσυμυζι
481 1987 604 2070 χθονός]
623 1987 814 2074 Hesychius,
831 1990 977 2072 Αίσυμνζι.
998 1988 1168 2068 βασιλεύει,
1184 1988 1281 2069 ἄρχει.

177 2093 336 2176 Εὐριπίδης
350 2091 477 2174 Μηδείᾳ.
521 2088 641 2152 Praeter
655 2087 841 2176 Euripidem
864 2090 1018 2154 neminem
1043 2087 1115 2152 novi
1137 2088 1191 2173 qui
1214 2110 1283 2150 ver-

176 2194 252 2259 bum
275 2197 423 2274 αίσυμνῖιν
439 2190 608 2277 usurparit.
634 2189 736 2254 Schol.
760 2194 908 2272 αίσυμνᾶν
930 2194 995 2256 έστι
1015 2192 1049 2256 τὸ
1072 2193 1212 2274 ἡγεῖσθαι
1234 2191 1283 2254 καὶ

177 2298 292 2380 όρχειν.
318 2295 396 2362 ίδίως
417 2296 450 2358 δέ
472 2294 566 2377 φησὶν
582 2291 793 2375 Ἀριστοτέλης
806 2295 863 2359 ὑπὸ
879 2298 1018 2376 Κυμαίων
1033 2293 1215 2375 αίσνμνήτην
1229 2293 1283 2356 τὸν

178 2401 312 2483 ἄρχοντα
326 2398 481 2480 λέγεσθαι.
506 2399 707 2460 Cumaeorum
724 2396 821 2483 igitur
835 2397 1026 2478 Αίσυμνότας
1040 2395 1281 2461 Atheniensium

172 2499 320 2584 Ἀρχοντι
347 2499 563 2587 respondebat.
609 2501 843 2584 Argumentum
877 2499 1039 2586 Sophoclis
1067 2498 1180 2585 OEdipi
1214 2500 1283 2585 Ty-

177 2603 287 2667 renni:
323 2605 340 2666 d
366 2601 390 2666 δ’
413 2600 626 2683 Ἀριστοτέλης
647 2604 682 2664 έν
704 2605 843 2682 Κυμαίων
866 2605 1013 2688 Πολιτεία
1034 2603 1102 2670 τοὺς
1122 2602 1283 2684 τυράννους

175 2705 254 2788 φησί
281 2705 459 2786 τοπρότεραν
486 2703 675 2784 Αίσυμνήτας
702 2707 987 2787 προσαγορεύεσθαι.
1027 2707 1229 2787 εὖφημότερόν
1253 2703 1281 2787 γ’

177 2811 276 2872 έκεῖνο
291 2808 428 2885 τοῦνομα.
469 2807 566 2869 Plura
581 2806 703 2870 dabunt
718 2806 901 2895 interpretes
915 2808 1068 2896 Hesychii
1084 2831 1114 2872 v.
1131 2810 1282 2887 Αἰσυμνῆ-

176 2935 236 2974 ται.
254 2909 370 2974 ELM.

223 3032 274 3078 21.
291 3016 387 3092 δεξιᾶς
401 3012 486 3075 Α.Β.
502 3009 617 3096 aliique
633 3033 704 3074 cum
721 3012 797 3075 Chr.
815 3014 886 3076 Pat.
901 3032 954 3098 50.
971 3013 1068 3093 δεξιὰς
1083 3013 1161 3077 Ald.
1187 3021 1209 3052 “
1223 3014 1283 3076 Ce-

176 3130 280 3181 terum
302 3137 452 3178 manuum
475 3113 654 3201 conjunctio
675 3117 775 3182 πίστις
796 3115 907 3179 eximie
930 3116 1103 3194 dicebatur,
1120 3117 1186 3202 jam
1209 3115 1283 3179 iude

176 3219 220 3284 ab
243 3217 424 3294 Homerico,
447 3218 548 3296 δεξιαί,
571 3214 607 3304 ᾗς
629 3216 799 3298 ἐπέπιθμεν.
843 3221 944 3298 Quem
972 3218 1074 3282 locum
1098 3218 1174 3282 citat
1195 3218 1283 3282 scho-

177 3322 282 3387 liastes
296 3320 334 3385 ad
352 3321 517 3407 Aristoph.
531 3320 671 3386 Acharn.
685 3341 760 3407 307.
776 3324 867 3388 Οίσιυ
882 3327 949 3388 οὔτε
963 3323 1075 3404 βωμὸς,
1092 3324 1160 3387 οὔτε
1174 3325 1281 3395 πίστις,

176 3425 239 3492 οὔθ’
256 3428 343 3508 ὅρκος
356 3425 449 3505 μένει.
472 3424 539 3489 Ubi
554 3425 656 3505 βωμὸς
670 3442 717 3489 est
725 3426 950 3512 jusjurandum
965 3449 1022 3513 per
1032 3424 1184 3502 victimas,
1196 3426 1283 3507 όρκος

178 3552 235 3617 per
248 3529 355 3606 verba,
370 3532 469 3596 πίστις
483 3551 539 3614 per
553 3528 705 3593 dextres.”
722 3517 827 3594 POR.

224 3651 274 3712 24.
302 3632 463 3715 ἀλγηδόσι]
493 3633 636 3713 ἀλγηδόνι
663 3633 755 3696 Laso.
779 3655 850 3696 cum
873 3632 992 3719 aliquot
1013 3631 1106 3695 codd.
1128 3647 1160 3695 et
1182 3630 1280 3697 schol.

178 3759 208 3801 v.
227 3737 280 3819 96.

225 3840 276 3903 26.
294 3838 358 3901 ἐπεὶ
372 3838 445 3918 πρὸς
459 3836 566 3918 ἀνδρὸς
579 3835 680 3916 ᾔσθετ’
695 3836 879 3922 ἠδικημένη]
895 3835 991 3909 Ἐπεὶ,
1005 3857 1044 3899 eor
1053 3859 1125 3922 quo,
1138 3852 1283 3901 monente

182 3944 322 4006 Persono
342 3941 382 4003 ad
403 3963 434 4002 v.
453 3944 523 4025 136.
548 3940 615 4003 έπεί
633 3965 684 4018 μοι
704 3941 793 4021 φιλία
815 3939 979 4020 κέκρανται.
1026 3939 1144 4002 Noster
1159 3942 1214 4002 Or.
1232 3953 1280 4021 77.

180 4047 275 4110 καίτοι
296 4043 392 4107 στένω
415 4043 523 4125 γετὸν
546 4042 809 4124 Κλυταιμνήστρας
829 4044 932 4123 μόρον,
953 4041 958 4127 Ι
978 4044 1047 4120 έμῆς
1069 4043 1210 4124 ἀδελφῆς,
1234 4042 1281 4120 ἣν,

179 4151 244 4214 έπεὶ
263 4150 338 4230 πρὸς
354 4146 450 4210 Ἴλιον
469 4145 475 4232 Ι
495 4144 627 4219 έπλευσ’,
648 4147 727 4213 ὅπως
744 4146 887 4218 ἔπλευσα,
909 4151 1051 4224 θεομανεῖ
1074 4143 1185 4230 πότμῳ,
1206 4144 1211 4231 Ι
1231 4146 1283 4208 οὐκ

178 4253 268 4318 εἶδον.
285 4251 399 4315 ELM.

221 4373 275 4440 30.
289 4352 330 4434 μή
344 4376 418 4416 ποτε
431 4348 551 4434 aliquot
565 4349 657 4415 codd.
704 4349 852 4435 Plerique
866 4352 979 4430 μήποτε
992 4373 1064 4414 cum
1080 4349 1158 4414 Ald.

221 4477 275 4542 31.
292 4455 439 4535 θποιμόζη
455 4451 633 4517 Elmsleius.
656 4454 814 4534 όποιμόζει
828 4454 872 4516 Α.
911 4453 1093 4539 Legebstur
1108 4452 1271 4539 ἀποιμόξη.
