2864 4914
199 278 242 344 68
561 281 940 345 ANNOTA'l'lONES

244 454 319 538 965.
336 454 463 537 αίροντι]
481 453 600 518 ἕλκοντι
614 453 661 517 Η.
676 466 706 516 et
722 454 795 517 Par.
813 474 906 517 unus.
930 450 1020 516 Idem
1035 467 1081 515 est
1092 451 1125 515 in
1137 452 1208 515 Vat.
1224 475 1298 529 uno,

200 554 357 641 adscripto
370 582 416 638 γρ.
433 559 554 637 αἵροντι.

244 659 317 744 966.
334 659 503 742 συμπίτνει]
523 659 724 723 scribebatur
737 664 904 740 συμπιτνεῖ.

243 779 317 845 971.
340 759 533 844 τυγχάνουσα
553 760 630 825 dicit
649 761 738 848 quasi
759 759 964 848 praecessisset
984 762 1131 840 αἰδοῦμαι,
1155 783 1213 847 pro
1234 783 1299 847 quo

198 862 277 928 dixit
293 864 381 930 αίδῶς
393 861 422 943 μ’
439 863 512 946 ἔχει.

242 981 317 1050 972.
332 967 435 1047 ὀρθαῖς
448 968 558 1052 κόραις]
578 965 722 1031 Eandem
738 966 924 1030 locutionem
940 964 1104 1052 usurpavit
1117 965 1210 1030 etiarn
1225 967 1297 1030 Eu·

197 1067 314 1155 ripides
337 1067 409 1155 Iph.
425 1070 472 1132 A.
489 1068 507 1131 8
508 1072 561 1154 56.
579 1068 676 1151 Χαῖρ’,
692 1072 727 1135 οὗ
741 1073 798 1152 γόρ
813 1071 912 1151 ὀρθοῖς
933 1071 1064 1149 ὄμμασίν
1078 1067 1106 1131 σ’
1123 1067 1163 1133 ἔτ’
1179 1073 1296 1152 εἰσορῶ.

198 1169 311 1235 Paullo
325 1169 467 1235 diversus
480 1187 527 1235 est
541 1170 599 1236 loci
615 1171 779 1259 Sophoclei
798 1171 877 1236 (Ed.
893 1173 936 1237 T.
952 1173 1027 1257 528.
1041 1195 1159 1251 sensus,
1174 1170 1228 1251 Ἐξ
1243 1175 1295 1253 ὀμ-

195 1273 297 1354 μότων
319 1273 343 1339 δ’
366 1276 463 1357 ὀρθῶν
488 1300 521 1339 τε
545 1277 598 1354 κάξ
623 1277 712 1358 ὀρθῆς
730 1277 849 1358 φρενός.
871 1274 1013 1338 diversus
1033 1275 1125 1339 etiam
1150 1274 1296 1340 Ovidiani

196 1376 279 1441 Met.
296 1395 326 1456 2,
342 1378 417 1459 776.
432 1378 603 1464 Ναοηυσιη
619 1387 703 1442 recto
716 1379 810 1442 αοίον.
834 1379 899 1442 Pro
913 1378 1072 1464 intrepido
1086 1379 1177 1442 vultu
1191 1401 1298 1442 occur-
1351 1382 1355 1390 '

193 1477 235 1542 rit
249 1477 334 1566 apud
356 1479 524 1544 Lucanum
540 1500 570 1565 9,
587 1500 662 1565 904.
680 1481 743 1555 Qut
754 1490 884 1567 potraere
898 1482 970 1566 pati
987 1481 1097 1545 radios
1113 1489 1144 1545 ct
1159 1503 1295 1544 numius.

197 1601 307 1645 uncro
323 1583 514 1647 Sustinuere
535 1584 629 1663 diem,
643 1606 737 1669 quem
761 1581 852 1646 nimis
874 1580 1026 1647 serviliter
1047 1581 1187 1647 imitatur
1201 1582 1297 1648 Clau-

195 1683 307 1748 dianus
322 1685 419 1749 Praef.
433 1685 474 1749 ad
489 1705 521 1771 3.
546 1685 707 1750 consulat.
720 1684 867 1750 Honorii.
887 1686 935 1750 Et
951 1689 1220 1772 nncrostommoa
1234 1687 1295 1748 im·

189 1796 286 1874 perat
308 1809 375 1852 our:
393 1790 476 1874 ρσίό.
521 1788 603 1853 Haec
626 1787 724 1852 addas
745 1787 793 1866 iis,
812 1811 885 1876 quae
908 1788 957 1852 vir
975 1811 1116 1853 summus
1135 1787 1296 1853 Bentleius

195 1889 349 1978 congessit
363 1889 404 1954 ad
421 1892 534 1956 Horat.
552 1894 657 1957 Carm.
676 1893 705 1955 1.
722 1911 754 1977 3.
773 1893 823 1956 18.
847 1892 953 1956 POR.

239 1995 314 2079 976.
330 1996 375 2061 τίς
388 1996 475 2077 χρεία
489 1993 518 2057 τ’
535 1996 621 2079 ἐμοῦ]
639 1993 719 2058 Vide
733 2017 813 2082 quos
828 1993 919 2060 citavi
936 1995 1079 2059 Gramm.
1097 1995 1155 2059 Gr.
1173 1997 1201 2078 ξ.
1217 2015 1294 2080 419,

193 2115 226 2177 4.
243 2113 308 2160 not.
323 2120 353 2160 ο.
378 2097 568 2160 ΜΑΤΤΗ.

238 2200 313 2285 982.
327 2201 385 2280 μὲν
398 2200 468 2280 ἡμῖν
483 2200 528 2263 Η.
544 2198 659 2287 aliique
673 2198 814 2264 nonnulli
829 2222 901 2264 cum
918 2199 996 2264 Ald.
1025 2203 1095 2283 ἡμῖν
1108 2223 1171 2266 0111.
1187 2201 1293 2267 decem

193 2301 257 2366 alii.

238 2405 313 2490 996.
337 2409 396 2467 τῶν
417 2405 561 2492 πλησίον]
586 2409 639 2469 τοῦ
663 2407 795 2484 πλησίον
817 2419 969 2493 quattuor
986 2405 1079 2470 codd.
1104 2420 1243 2470 recentes
1263 2424 1295 2470 et

194 2506 345 2573 Eustath.
368 2528 400 2593 p.
412 2524 466 2589 52,
484 2523 535 2590 23.
560 2523 635 2590 792,
654 2526 701 2590 ¹9·
730 2525 822 2591 1312,
839 2528 889 2577 20·
928 2509 969 2571 In
984 2507 1094 2572 Guelf.
1116 2507 1159 2595 gl.
1175 2520 1220 2572 est
1236 2515 1295 2572 τῶν
1370 2504 1375 2514 ’

192 2616 245 2675 τοῦ
268 2609 409 2689 πλησίον.
447 2608 512 2671 Pro
526 2614 584 2673 τῶν
605 2615 664 2673 τῶν
684 2611 816 2688 πλησίον
829 2610 949 2675 dictum
966 2633 1032 2675 esse
1053 2625 1160 2676 monet
1181 2610 1294 2675 Elmsl.

191 2713 232 2777 ad
249 2711 340 2776 Med.
356 2713 407 2796 85.
423 2726 489 2776 not.
503 2710 537 2775 d.
562 2713 755 2776 MATTH.

236 2816 310 2901 998.
327 2816 359 2899 θ]
378 2814 508 2879 doodex
525 2837 616 2879 unus.
656 2815 751 2894 Quod
773 2815 917 2881 librarius
940 2814 1044 2902 posuit
1063 2830 1193 2903 propter
1207 2823 1294 2882 τοῦτο

193 2918 281 3007 quod
295 2917 445 3005 sequitur.

240 3043 331 3088 1000.
356 3022 433 3086 ἔστω
452 3023 599 3105 φιληθεὶς,
616 3024 655 3090 ὣς
669 3023 708 3087 σὺ
723 3028 776 3087 νῦν
791 3025 856 3104 ἐμοὶ
870 3025 970 3109 φιλεῖ]
999 3021 1205 3087 Scribendum
1219 3047 1292 3088 cnm

193 3127 379 3190 Hermanno
394 3123 466 3200 ἔστ’,
483 3123 506 3190 ῶ
521 3128 658 3209 φιληθεὶς
680 3127 720 3193 ῶς
741 3127 781 3191 σὺ
798 3133 852 3190 νῦν
867 3128 933 3207 ἐμοὶ
948 3132 1042 3209 φιλεῖ,
1058 3125 1171 3190 omissa
1184 3125 1216 3189 in
1231 3127 1293 3192 fine

193 3252 301 3293 versus
323 3229 590 3316 interpunctione:
615 3252 686 3293 nam
710 3229 910 3294 continuatur
932 3229 1032 3294 oratio
1051 3229 1201 3316 proximis
1226 3231 1293 3295 He-

192 3332 283 3397 cubae
298 3332 400 3396 verbis
421 3339 536 3417 χρυσοῦ
550 3333 676 3396 παλαιαὶ
691 3337 863 3415 Πριαμιδῶν
877 3334 1054 3416 κατώρυχες,
1071 3333 1136 3396 ἔστι
1157 3331 1198 3395 ad
1220 3331 1290 3419 plu-

192 3434 287 3499 ralem
314 3457 480 3499 numerum
508 3436 675 3519 κατώρυχες
699 3434 806 3514 relato,
828 3434 915 3522 quod
940 3433 1063 3499 schema
1089 3433 1291 3498 Pindaricum

191 3553 303 3602 vocant
324 3535 529 3623 grammatici,
553 3537 678 3623 dequo
698 3561 729 3600 v.
747 3535 915 3601 Heindorf.
934 3536 973 3601 ad
998 3536 1121 3600 Platon.
1146 3539 1290 3626 Euthyd.

191 3664 223 3729 p.
240 3659 315 3725 403.
348 3638 438 3702 Ἔστι
460 3653 565 3703 autem
586 3661 680 3726 quam
704 3641 764 3703 elul
785 3638 887 3702 dicere
907 3638 966 3702 hoc
988 3638 1054 3703 loco
1071 3639 1182 3706 maluit
1199 3658 1293 3729 poeta

190 3761 319 3832 propter
334 3742 428 3806 verba
443 3741 666 3827 Polymestoris
679 3744 711 3805 τί
721 3745 830 3825 χρῆμα.

236 3861 329 3928 1007.
353 3845 540 3932 σοφώτερον]
566 3843 607 3907 111
629 3860 675 3907 est
693 3843 872 3926 σοφωτέρας
894 3845 975 3923 ἐμοῦ,
993 3857 1029 3907 ut
1043 3843 1180 3932 explicat
1194 3847 1288 3911 schol.

191 3947 394 4013 Boissonadio
409 3961 480 4033 post
495 3944 602 4023 ἔλεξας
616 3944 902 4032 interpungendum
918 3945 1051 4011 videtur.

237 4070 326 4115 1010.
343 4047 571 4133 ὑπερτέλλουσ]
589 4047 778 4131 θπερτεροΰσ’
792 4048 836 4111 Η.
852 4062 883 4112 et
897 4072 1049 4136 superscr.
1073 4051 1287 4132 ὀπερτέλλουσ’

191 4155 276 4220 Flor.
295 4176 385 4217 unus.

236 4275 326 4341 1013.
344 4255 363 4334 ι]
378 4253 602 4318 Valckenarius
616 4253 655 4318 ad
673 4254 785 4318 Pboen.
802 4270 875 4336 712.
911 4255 1094 4342 Legebatur
1107 4257 1135 4336 ἥ.

237 4361 326 4426 1016.
342 4362 413 4423 ίόιαι
428 4359 469 4421 Β.
484 4374 516 4421 et
533 4355 640 4422 Guelf.
668 4358 727 4443 ἰδίη
741 4356 820 4421 Α111.

235 4483 328 4549 1025.
353 4463 395 4547 ἐς]
416 4459 622 4526 Scribendum
638 4463 679 4528 είς
693 4483 765 4525 cum
781 4461 871 4524 Β.Η.
888 4459 1018 4547 aliisque
1032 4458 1184 4547 plurimis.
1217 4463 1249 4529 ἐς
1270 4485 1289 4526 a
