2864 4914
558 303 626 367 AD
650 303 875 367 MEDEAM.
1203 303 1269 373 209
1295 253 1296 256 ¹

165 471 276 555 ἔγημεν
290 473 360 538 ἀλλ’
376 474 515 556 ἐγήματο.
549 475 684 555 Deinde,
702 492 737 540 ut
752 489 834 540 recte
849 488 954 539 monet
971 476 1141 552 Porsonus,
1157 475 1269 540 Graece

164 596 226 638 uon
242 575 358 641 dicitur
379 580 543 660 χαριεῖσθαί
559 604 635 652 τινα,
653 577 707 642 sed
729 579 895 661 γαμεῖσθαί
913 601 982 642 τινι.
1021 574 1158 662 Vulgata
1173 576 1269 664 igitur

164 675 281 765 duplici
297 678 373 743 vitio
388 678 516 744 laborat.
551 681 691 767 Reposui
706 683 726 760 ἥ
740 679 765 744 τ’
783 681 922 763 ἐγήματο,
939 701 988 757 eo,
1005 680 1128 767 opinor,
1146 701 1207 743 non
1223 679 1269 743 in-

165 779 243 856 vito,
259 779 331 845 licet
346 781 504 868 vulgatam
521 783 551 844 in
569 797 657 847 textu
675 783 845 847 retinueu't.
881 783 1082 848 Construciio
1097 797 1131 847 ut
1148 807 1177 846 v.
1192 802 1266 868 502.

163 884 299 967 πτωχοὺς
314 885 445 949 ἀλᾶσθαι
460 890 576 959 παΐὸας,
589 888 609 965 ἥ
623 885 647 949 τ’
661 885 765 950 έσωσά
777 913 824 961 σε,
838 885 892 951 ubi
907 887 927 965 ἤ
940 912 974 950 τε
988 884 1140 971 significat
1153 888 1269 965 έκείνην

163 1011 197 1049 τε
209 987 238 1064 ἦ.
261 988 377 1050 ELM.
424 986 703 1067 Βετὶίνευάυωυῆτ’
720 988 850 1071 ἐγήματο
865 1011 936 1053 eum
953 990 1103 1052 Porsono.
1137 1030 1138 1033 =

208 1090 282 1155 268.
307 1091 456 1176 θαυμάζω]
484 1089 619 1176 Aliquot
642 1091 735 1156 codd.
760 1091 912 1172 θαυμάσω.
960 1090 1022 1155 Sed
1047 1090 1192 1155 futurum
1221 1108 1269 1157 est
1327 1154 1330 1158 .

57 1197 58 1200 ’
164 1191 362 1273 θαυμάσομαι.
472 1221 473 1224 ’

207 1296 280 1378 278.
305 1294 484 1360 Scholiastae
507 1296 601 1360 verba
624 1310 714 1361 sunt:
746 1295 870 1380 Ἐχθροὶ
891 1300 950 1380 γὰρ
974 1296 1087 1377 έξιιῖσιε
1116 1299 1144 1360 οῖ
1167 1298 1269 1380 ἐχθροὶ

163 1399 386 1481 οῦριοάρομοῦσι
409 1400 471 1463 καθ’
487 1399 579 1479 ἡμῶν,
599 1400 647 1463 καὶ
669 1400 817 1480 ὥρμηνται
838 1398 936 1463 πάντα
958 1402 1068 1482 τρόπον
1089 1400 1163 1482 πράς
1183 1400 1267 1480 ἡμᾶς.

163 1501 222 1565 ἀπὸ
237 1506 409 1584 μεταφοραῖς
423 1507 482 1565 τῶν
500 1502 768 1583 οὗριοάρομαύντων
784 1503 832 1566 καὶ
842 1503 1007 1585 χαλώντων
1017 1501 1091 1584 πρὸς
1104 1503 1138 1565 τὸ
1153 1507 1270 1582 πνεῦμα

162 1610 215 1668 τοῦ
238 1607 404 1687 ἀρτεμῶνος
429 1605 611 1686 (Barnesius
632 1607 699 1673 τοὺς
721 1608 910 1690 ἀρτεμάνας).
949 1605 1179 1694 Aristophanes
1202 1608 1268 1693 Eq.

165 1726 237 1792 753.
275 1713 340 1772 Νῦν
363 1713 410 1772 δεῖ
430 1734 466 1772 σε
489 1708 586 1772 πάντα
606 1708 642 1788 δὴ
665 1709 764 1773 κάλων
780 1711 890 1788 ἐξιέναι
904 1715 1041 1775 σεαυτοῦ.
1079 1711 1193 1774 Flebat
1213 1709 1270 1773 άοσ

163 1821 255 1875 vento
269 1812 427 1876 όυπίασαί
441 1812 584 1885 ισσυνιιίσ,
601 1811 645 1876 ait
661 1812 876 1898 Musgmvius.
904 1812 1104 1878 Contrarium
1121 1828 1168 1877 est
1183 1814 1269 1900 apud

164 1913 349 1998 Sophoclem
373 1913 426 1978 El.
442 1932 516 2000 335.
540 1918 593 1979 νῦν
615 1912 639 1977 δ’
657 1916 805 1982 ἐν’κακοῖς
826 1941 877 1994 μοι
898 1921 988 1979 πλεῖν
1008 1916 1154 1997 ὑφειμένῃ
1177 1920 1268 1980 δοκεῖ.

164 2014 256 2080 Dixit
270 2016 361 2080 etiam
379 2032 482 2082 noster
498 2019 595 2081 Herc.
612 2018 684 2102 837.
708 2018 827 2091 ἐλαυνε,
845 2019 928 2091 κίνει,
945 2020 1054 2099 φόνιον
1070 2020 1141 2098 ἐξίει
1157 2019 1267 2084 κάλων.

164 2118 243 2182 Tro.
261 2139 313 2206 94.
329 2121 373 2183 ὅτ’
390 2120 428 2184 ἀν
442 2105 596 2201 στράτευμ’
612 2118 752 2202 Ἀργεῖον
767 2122 828 2199 έξίῃ
844 2120 949 2187 κάλως.
977 2121 1092 2185 ELM.

208 2224 282 2287 280.
298 2222 462 2306 πάσχουσ’]
480 2220 603 2305 λέγουσ’
621 2223 658 2287 Β.
677 2221 771 2287 solus
894 2264 900 2273 ·

208 2324 279 2388 281.
297 2325 510 2413 ἀποστέλλεις]
529 2324 670 2412 Hesyeh.
686 2349 708 2389 s.
724 2325 755 2388 h.
773 2348 803 2386 v.

208 2427 282 2493 282.
298 2429 521 2511 παραμπίσχειν
537 2440 599 2491 tres
613 2426 704 2492 oodd.
723 2426 854 2492 Parisini
870 2442 901 2491 et
917 2429 1044 2492 Cotton.
1081 2427 1269 2510 παραμπέχει

163 2531 251 2594 AB.
262 2529 385 2616 aliique.
409 2530 638 2613 παραμπέσχειν
648 2530 741 2594 Lasc.
762 2530 994 2613 περιαμπίσχειν
1005 2528 1086 2593 Ald.
1107 2537 1128 2567 “
1140 2531 1269 2595 Utram-

161 2656 226 2720 que
240 2633 370 2696 formam
389 2631 535 2714 ἀμπίχειν
549 2646 580 2696 et
596 2634 769 2715 ἀμπίσχειν,
784 2647 937 2718 usurpant
952 2630 1072 2719 tragici.
1097 2630 1269 2719 AEsehylus

164 2735 250 2798 Pers.
268 2734 342 2816 849.
359 2735 477 2815 ἀτιμίαν
491 2760 527 2817 γε
541 2734 646 2802 παιδὸς
664 2736 741 2816 ἀμφὶ
756 2736 870 2815 σάματι
888 2732 895 2820 Ι
914 2733 1090 2813 ἐσθημάτων
1106 2734 1267 2807 κλύουσαν,

161 2839 182 2917 ᾗ
197 2863 244 2901 νιν
259 2836 396 2920 ἀμπέχει.
432 2838 540 2901 Prom.
556 2827 632 2922 520.
643 2831 747 2902 Ἧπού
764 2864 793 2901 τι
808 2838 921 2917 σεμνόν
933 2838 1015 2900 ἐστιν
1030 2834 1047 2898 θ
1062 2834 1267 2919 ξυναμπέχεις.

164 2939 265 3026 Apud
281 2938 467 3026 Euripidem
486 2962 569 3018 vero,
585 2940 617 3002 ni
633 2939 734 3016 fallor,
750 2939 817 3003 haec
832 2939 933 3002 forma
948 2961 1009 3002 non
1025 2952 1137 3002 exstat.
1176 2937 1267 3002 Alte-

163 3064 228 3106 ram
245 3042 358 3128 saepius
375 3041 549 3128 usurpavit.
596 3043 647 3106 Ita
664 3042 764 3129 Hipp.
785 3062 857 3125 191.
875 3042 1005 3104 ἀλλ’ὅτι
1026 3046 1079 3104 ταῦ
1092 3045 1146 3119 ζῆν
1160 3043 1267 3122 φίλτε-

162 3170 216 3227 ρον
231 3146 309 3208 ἀλλο
329 3143 334 3230 l
355 3147 461 3211 σκότος
472 3146 623 3228 ἀμπίσχον
636 3145 754 3228 κρύπτει
769 3143 922 3226 νεφέλαις.
947 3142 1060 3230 Suppl.
1074 3144 1144 3227 165.
1156 3146 1268 3207 πίτνων

162 3248 236 3328 πρὸς
258 3248 355 3319 οὖδας,
379 3248 453 3328 γόνυ
473 3247 531 3310 σὸν
551 3248 714 3330 ἀμπίσχειν
735 3247 813 3328 χερί.
851 3246 929 3308 Tro.
950 3265 999 3325 14.
1015 3247 1145 3326 δούρειος
1167 3247 1265 3318 ἵππος,
1290 3240 1293 3245 ’

164 3349 290 3432 κρυπτὸν
313 3351 473 3432 ἀμπίσχων
495 3351 572 3431 δόρυ.
612 3347 698 3411 Ibid.
724 3366 818 3429 1147.
840 3348 924 3427 ἡμεῖς
944 3349 1001 3427 μέν
1019 3347 1081 3419 οῦν,
1106 3344 1147 3408 ὅτ’
1171 3345 1209 3410 ἀν
1229 3346 1268 3409 σὺ

163 3454 314 3532 κοσμήσῃς
336 3452 443 3532 τάφον,
465 3451 470 3538 Ι
489 3455 547 3532 γῆν
568 3449 634 3536 τῷδ’
659 3453 908 3532 έπαμπίσχοντες,
933 3450 1061 3530 ἀροῦμεν
1081 3450 1160 3530 δόρυ.
1187 3449 1267 3532 (Hic

163 3569 265 3618 tamen
290 3568 436 3640 proestare
460 3553 584 3617 videtur
607 3554 856 3635 ἐπαμπισχόντες,
873 3551 914 3615 de
935 3574 998 3637 qua
1021 3551 1176 3637 scriptum
1195 3549 1266 3614 vide

162 3656 200 3720 ad
215 3657 375 3738 v.1128.).
397 3654 472 3720 Hel.
485 3674 560 3739 429.
569 3655 704 3736 παρέστι.
726 3654 796 3721 ναὸς
809 3655 947 3733 έκβόλοις
958 3655 1155 3735 ἀμπίσχομαι.
1181 3653 1263 3717 Ibid.

162 3761 236 3845 859.
253 3761 348 3844 κούφῃ
365 3758 621 3839 καταμπάτχουσιν
637 3758 670 3820 έν
684 3758 787 3840 τύμβῳ
801 3758 897 3838 χθονί.
924 3756 1021 3819 Herc.
1041 3775 1134 3818 1111.
1151 3753 1262 3835 Πάτερ,

162 3863 192 3925 τί
213 3862 322 3934 κλάεις,
347 3861 395 3923 καὶ
417 3859 616 3942 ξυναμτίσχει
635 3861 739 3940 κόρας;
766 3857 827 3921 His
846 3856 996 3945 exemplis
1018 3856 1186 3933 adductus,
1205 3881 1260 3920 πα-

160 3965 343 4045 ραμπίσχειν
359 3980 464 4026 nostro
479 3962 546 4026 loco
561 3961 696 4048 scripsi.”
719 3962 832 4025 ELM.

206 4065 279 4146 284.
306 4064 512 4146 ξυμβάλλεται
535 4067 568 4129 δὲ
597 4068 699 4127 πολλὰ
727 4069 812 4128 τοῦδε
842 4064 990 4147 δείματος]
1025 4065 1143 4126 Omnes
1168 4063 1263 4126 Rom.

163 4169 255 4231 Lasc.
283 4167 502 4247 συμβάλλεται.
537 4165 735 4252 Hesychius:
763 4166 983 4246 Συμβάλλεται.
1008 4163 1140 4246 λέγεται.
1180 4163 1264 4226 Scri-

161 4269 300 4335 bendum
318 4268 458 4332 videtur:
486 4268 706 4347 Συμβάλλεται.
724 4267 913 4350 συλλέγεται.
960 4269 1076 4330 Sensus
1096 4265 1264 4328 verborum

162 4371 367 4452 ξυμβάλλεται
388 4374 490 4434 πολλὰ
511 4374 596 4433 τοῦδε
620 4372 754 4450 δείματος
778 4369 877 4456 magis
895 4369 1078 4457 perspicuus
1100 4383 1146 4432 est
1167 4390 1264 4453 quam

159 4473 358 4561 constructio.
404 4471 609 4560 Musgravius
626 4477 711 4539 ταῖνδε
730 4475 865 4552 δείματος
887 4494 944 4559 pro
959 4475 1001 4540 εές
1014 4472 1083 4538 τάδε
1098 4474 1184 4551 δεῖμα
1199 4469 1262 4534 die-

702 4595 719 4635 1>
