2864 4914
125 276 197 345 ssu>
488 276 869 364 nuuornrlouss

126 459 241 534 protes.
287 447 370 511 Mihi
392 447 434 519 τὸ,
448 451 560 513 τούτου
582 451 695 529 λυπρόν
718 447 793 511 nihii
816 447 900 511 aliud
924 469 990 510 esse
1013 444 1150 524 videtur,
1173 465 1238 507 mss

127 552 244 629 ταύτας,
259 553 374 632 λυπρᾶς
389 574 414 614 s.
429 555 562 632 λυπηρὸς
575 553 645 630 ἡμῖν
660 553 760 618 οὔσας.
804 553 848 615 Ut
870 551 920 614 vel
940 549 1121 625 molestiam,
1135 569 1237 636 quum

126 651 179 714 lace
192 653 339 716 midieres
351 654 636 740 supplicationibus
651 655 720 717 suis
737 655 827 717 nobis
841 653 996 729 animent,
1011 672 1027 715 e
1041 661 1130 714 terra
1143 671 1234 714 nmo-

127 763 207 832 eeat,
222 754 272 817 uei
284 768 345 818 etc.
383 756 513 843 Duplex
529 755 609 818 enim
626 770 673 819 est
688 756 739 819 via
754 756 797 819 rei
813 753 1027 841 expediendae,
1046 754 1095 816 vel
1109 767 1146 815 nt
1160 773 1236 815 mu-

127 855 216 919 lieres
237 872 489 942 permoveantur,
514 874 549 922 ut
574 857 636 921 aiio
660 857 898 935 concedamus
922 856 963 921 ab
984 855 1052 920 aliis
1077 853 1233 918 auxilium

127 972 246 1044 petant,
270 960 319 1022 vei
347 975 381 1024 ut
412 960 557 1045 precibus
586 982 694 1023 earum
724 960 939 1046 obsequantur
964 957 1175 1022 Athenienses
1201 969 1235 1019 et

127 1076 266 1124 mortuos
280 1062 320 1125 ad
336 1062 528 1150 sepulturam
545 1063 724 1150 deposcant.
747 1064 942 1126 MATTH.

168 1184 221 1248 39.
239 1166 369 1229 Comma
385 1181 455 1251 post
470 1167 547 1244 λύσῃ
563 1165 689 1229 sustulit
701 1167 814 1229 Herm.
830 1165 1089 1251 utjungerentur
1101 1164 1234 1229 ἱκεσίους

127 1268 222 1332 θεούς.
262 1269 308 1330 At
323 1267 434 1354 quidni
450 1268 577 1350 ἀνάγκαι
593 1267 699 1331 ἱκέσιοι
715 1269 778 1330 vim
793 1266 967 1353 significare
989 1266 1119 1353 possint,
1133 1286 1233 1352 qnam

125 1370 370 1456 supplicationes
391 1373 555 1458 afferunt?
578 1385 609 1433 et
632 1393 730 1456 quare
754 1371 883 1436 ἱκεσίους
905 1372 1003 1448 θεούς,
1020 1392 1081 1433 uon
1101 1367 1233 1432 omnino

126 1470 211 1542 deos,
228 1474 314 1535 ὅσιόν
336 1498 363 1536 τι
385 1478 492 1554 δρᾶσαι
516 1471 587 1536 velit
610 1473 797 1536 Theseum?
822 1471 1008 1558 Sepeiiendo
1030 1471 1110 1536 enim
1132 1494 1233 1536 caesos

125 1594 187 1637 non
204 1590 325 1637 tantum
338 1574 397 1638 diis
411 1575 460 1653 iis,
476 1574 530 1660 qui
546 1574 701 1662 supplices
716 1590 855 1653 tuentur,
872 1575 926 1639 sed
941 1575 1088 1640 omnibus
1101 1575 1233 1638 omnino

126 1674 185 1739 diis
200 1677 273 1740 satis
288 1678 334 1740 iit.
358 1678 551 1740 MATTH.

168 1801 222 1859 41.
240 1783 337 1860 σοφοί
357 1780 478 1843 codices
500 1798 531 1844 et
555 1781 700 1844 Stobaeus
717 1782 769 1865 85,
784 1804 815 1861 4.
843 1785 939 1862 σοφοιΙ
954 1780 1031 1845 Ald.
1054 1780 1139 1867 quod
1164 1803 1230 1844 non

126 1895 228 1967 potest
239 1881 364 1945 defendi
376 1882 578 1946 Choerobosci
591 1883 767 1947 testimonio
782 1883 867 1969 apud
881 1884 1056 1970 Goettiing.
1068 1884 1108 1946 ad
1123 1882 1233 1947 Theo-·

126 1982 192 2047 dos.
215 2007 245 2069 p.
264 2001 337 2066 247.
352 1984 407 2070 qui
429 1983 583 2071 adjectiva
598 1988 614 2048 ὁ
631 1987 759 2067 σοφὸςὴ
780 1986 888 2066 σοφὸς,
904 1989 920 2048 ὁ
943 1985 1049 2050 κλυτὸς
1069 1986 1088 2064 ἡ
1111 1989 1229 2058 κλυτός,

126 2101 157 2150 et
171 2085 282 2150 similia
298 2102 458 2162 memorat,
475 2110 547 2172 quie
564 2087 654 2150 metri
668 2111 777 2151 caussa
791 2111 809 2150 a
825 2088 924 2173 poetis
939 2088 1099 2152 dicuntur.

168 2208 326 2272 42-54.
358 2192 534 2254 ἱκετεύω-
552 2191 557 2276 Ι
576 2190 703 2272 πρὸς-
721 2190 726 2276 Ι
746 2192 921 2270 ἄνομοι-
939 2189 944 2278 Ι
965 2194 1130 2256 υεκύιου-
1149 2189 1154 2278 Ι
1174 2196 1229 2255 θο-

127 2292 204 2378 υιίτῳ
215 2331 259 2340 -
278 2293 282 2380 Ι
302 2297 461 2374 θημσὶυ-
480 2293 484 2381 Ι
505 2291 683 2358 ἐσιδοῦσ-
702 2294 708 2378 Ι
727 2293 872 2375 δάκρυ’-
890 2293 895 2380 Ι
914 2296 1046 2374 ῥυσῖι-
1064 2292 1069 2380 Ι
1089 2295 1232 2375 καταδρύ-

125 2422 246 2476 ματα-
265 2395 270 2482 Ι
290 2396 495 2476 φθιμένους-
513 2397 519 2481 Ι
537 2397 732 2479 προθέμαυ-
751 2397 756 2483 Ι
775 2399 1037 2481 χώματα-ἐσορῶ
1054 2397 1130 2460 Aid.

167 2518 220 2579 42.
247 2501 311 2562 Pro
326 2508 460 2582 γεμορῶυ
476 2499 593 2563 Madd.
610 2499 733 2585 conjicit
748 2506 893 2580 μεμαιῶυε
919 2524 989 2564 raro
1003 2501 1085 2564 eninr
1101 2504 1229 2583 γεραρός

124 2601 276 2688 signifieat
291 2624 405 2678 senem,
424 2619 456 2665 ut
478 2602 562 2688 apud
584 2602 727 2688 AEsdryl.
746 2605 861 2687 Agam.
878 2621 951 2683 701.
969 2604 1023 2667 ubi
1038 2603 1099 2667 vid.
1119 2603 1230 2668 Blam-

124 2704 208 2768 iield.
224 2704 316 2788 gloss.
360 2703 466 2767 Solent
481 2704 572 2766 etiam
590 2704 697 2789 tragici
714 2703 821 2767 eadem
839 2705 933 2768 verba
941 2707 1036 2791 juxta
1052 2730 1083 2769 se
1099 2729 1227 2792 ponere.

125 2806 223 2869 Nolui
246 2822 349 2869 tanren
365 2806 537 2891 quidquam
561 2821 693 2883 mutare,
710 2821 777 2869 tum
793 2806 868 2892 quia
887 2807 917 2868 in
942 2805 1076 2889 γερορῶυ
1097 2832 1226 2872 consen-

125 2909 208 2972 tiunt
222 2909 313 2971 codd.
330 2925 358 2971 et
376 2909 446 2971 edd.
464 2923 529 2971 tum
552 2909 628 2994 quia
648 2932 710 2972 non
734 2925 855 2973 tantum
878 2935 912 2974 os
931 2913 1038 2988 senile,
1057 2911 1108 2975 sed
1133 2912 1227 2976 etiam

123 3034 158 3075 os
181 3012 408 3085 venerandum,
435 3025 543 3096 utpote
570 3012 759 3097 supplicum,
785 3012 920 3076 indicare
946 3013 1079 3077 voluisse
1101 3014 1230 3078 videtur

125 3113 305 3200 Euripides.
339 3116 530 3177 MATTH.
577 3116 782 3178 Scribeudum
816 3138 878 3178 uno
910 3139 998 3179 versu
1031 3119 1229 3182 ἱκετεύω-τὸ

125 3219 190 3280 σόν.
207 3218 284 3281 etin
301 3218 496 3303 antistropho
511 3238 565 3301 49.
582 3217 880 3281 ἐσιδοῦσ’-πολιῶυ.

166 3341 219 3400 44.
236 3322 309 3408 ἅυα]
326 3323 380 3384 dvo
398 3323 424 3383 F
429 3320 482 3383 ior.
504 3343 528 3383 ι.
549 3340 575 3383 2.
592 3319 672 3384 Ald.
697 3322 880 3382 Currentum
896 3320 927 3381 in
944 3319 991 3382 ed.
1010 3321 1191 3383 Brubaehii.

166 3424 272 3510 λῦσαι]
292 3424 501 3507 Imperatirns
517 3423 618 3487 medii.
642 3426 727 3487 λύειν
742 3423 856 3486 dieitur
870 3423 896 3486 is
911 3424 966 3509 qui
981 3424 1140 3510 captivum
1157 3425 1228 3488 red-

123 3524 181 3600 dit,
207 3528 360 3589 λύσοσθαι
383 3526 436 3610 qui
462 3526 585 3589 redimit
609 3526 656 3589 rei
683 3549 873 3612 quocunque
897 3527 991 3589 modo
1017 3545 1052 3590 ut
1076 3527 1228 3591 reddatur

124 3628 282 3713 impetrat.
306 3630 498 3691 MATTH.

168 3730 321 3810 φθιμένων
339 3734 461 3813 υεκύωυ]
483 3730 521 3793 Id
538 3747 584 3794 est
600 3732 632 3793 ἐκ
647 3737 700 3812 φθ.
717 3758 744 3795 υ.
761 3755 777 3794 e
791 3756 940 3795 arsurum
952 3743 1071 3819 strage.
1097 3735 1229 3797 Monuit

125 3834 287 3898 Brodmus.

166 3958 218 4018 51.
236 3936 476 4020 καταδρύμματα]
495 3941 699 4017 καταδρύμιιια
716 3936 793 3999 Aid.
828 3942 1012 4002 Correetum
1030 3939 1060 4001 in
1078 3940 1125 4002 ed.
1145 3941 1228 4003 Bru-

122 4040 214 4103 bach.

166 4160 217 4227 55.
248 4143 361 4204 Versus
389 4141 430 4203 sic
457 4141 629 4225 digerendi,
658 4142 872 4220 ἔτεκες-μέτα
897 4169 950 4205 ιυο
967 4142 974 4228 Ι
994 4145 1044 4210 δὸς
1068 4147 1228 4223 ἐμοὶ-οὒς

124 4247 236 4308 ἔτεκον.
259 4243 430 4328 eodemque
447 4243 539 4305 modo
555 4243 585 4304 iu
601 4244 797 4330 antistropho
811 4269 840 4308 r.
858 4248 908 4329 63.
924 4270 1010 4332 seqq.

166 4370 218 4429 59.
234 4345 403 4426 μετάδος-
423 4345 427 4429 Ι
448 4352 504 4408 τῶν
520 4348 790 4427 φθ.-παράπει-
810 4347 814 4433 Ι
835 4349 1040 4414 σὸν-ἐλθεῖν
1055 4350 1132 4412 Aid.

165 4455 216 4514 60.
233 4448 404 4532 λισσόμεθ’]
423 4449 544 4529 λίσσομ’
560 4449 681 4514 codices
696 4467 857 4536 quattuor.
