2864 4914
520 305 588 369 au
610 283 865 374 cucusum.
1181 313 1247 377 aas

146 470 291 559 AEschyli
314 475 436 556 Niobae,
453 480 558 546 Μόνος
580 483 657 544 θεῶν
678 482 736 562 γὰρ
759 478 899 548 Θάνατος
920 479 956 545 ού
973 481 1074 562 topos
1093 481 1159 566 ἐρᾷ,
1174 481 1245 548 otc’

145 574 184 636 liu
198 600 226 638 τι
242 578 319 641 θύων
333 578 393 643 οὐδ’
410 581 596 648 ἐπισπένδων
610 581 729 662 λάβοις,
746 580 817 647 Οὐδ’
834 582 900 647 ἐστί
913 581 1024 663 βωμὸς,
1041 583 1109 648 otte
1126 587 1247 649 παιωνί-

144 685 233 752 ζεται.
257 681 407 747 ΜΟΝΚ.

188 799 263 865 429.
286 786 416 869 πώλους]
442 785 647 851 Kirchmann.
662 787 702 851 de
718 789 803 852 Fun.
818 788 913 851 Rom.
931 805 959 854 2.
976 809 1008 874 ρ.
1028 807 1098 871 190.
1113 787 1246 854 advocat

147 884 257 948 Persas
275 887 360 973 apud
384 889 584 954 Herodotum
602 890 780 954 Masistium
799 891 959 975 lugentes:
981 892 1069 955 locus
1083 904 1131 955 est
1144 912 1176 976 9,
1193 910 1243 974 24.

145 987 323 1069 ἀπικομένης
345 994 377 1054 δέ
399 996 450 1071 τῆς
471 995 561 1058 ἵππου
583 997 614 1060 ἐς
638 994 673 1057 τὸ
695 996 907 1075 στρατόπεδον,
933 993 1042 1062 πένθος
1065 995 1245 1074 ἐποιήσαντο

146 1094 318 1156 Μασιστίου
339 1094 423 1157 πᾶσά
444 1120 477 1159 τε
496 1096 652 1178 ἡστρατίη
674 1097 722 1160 καί
737 1097 907 1177 Μαρδόνιος
924 1095 1078 1178 μέγιστον,
1094 1098 1191 1179 σφέας
1211 1122 1244 1160 τε

146 1194 250 1260 αὐτοὺς
266 1197 411 1277 κείροντες
425 1198 473 1261 καὶ
487 1199 554 1265 τοὺς
569 1200 675 1265 ἵππους
697 1198 744 1262 καὶ
763 1200 800 1262 τὰ
814 1199 966 1280 ὑποζύγια,
981 1202 1094 1286 οἰμωγῇ
1116 1199 1245 1282 χρεόμε-

146 1320 192 1359 νοι
221 1297 350 1383 ἀπλέτῳ.
396 1298 485 1362 Idem
524 1300 631 1364 fecisse
661 1299 831 1364 Thebanos
864 1316 989 1366 mortuo
1020 1300 1182 1387 Pelopida,
1212 1316 1244 1366 et

146 1397 366 1463 Alexandrum
389 1402 430 1465 ob
450 1401 568 1466 luctum
593 1402 839 1489 HephaestioniS,
855 1417 964 1467 auctor
986 1419 1032 1468 est
1056 1403 1245 1468 Plutarchus

145 1499 205 1562 vol.
227 1522 252 1564 1.
269 1525 299 1589 p.
314 1506 377 1587 296
393 1506 431 1568 C.
449 1522 512 1586 704
528 1508 569 1569 E.
594 1506 742 1570 MONK.

188 1623 228 1688 43
232 1625 262 1687 5.
280 1607 408 1690 Πελίου]
427 1609 528 1671 Πελία
544 1606 696 1671 Monkius
711 1620 793 1670 recte
806 1606 945 1671 fortasse.

188 1709 262 1791 436.
278 1709 390 1794 δόμοις]
416 1710 517 1775 Error
531 1709 702 1798 typothetae
726 1731 784 1796 pro
798 1711 923 1787 δόμοισι,
940 1722 976 1772 ut
990 1731 1030 1773 ex
1044 1710 1245 1777 annotatione

144 1830 162 1871 a
229 1832 243 1872 r
276 1860 283 1874 .

164 1824 273 1997 phul?
292 1915 349 1979 Ab
378 1916 445 1982 θεὸς
474 1937 589 1979 novum
619 1938 742 1980 versum
776 1915 885 2002 incipit
914 1914 992 1979 Ald.
1022 1932 1054 1980 et
1080 1917 1121 1982 ch
1152 1918 1245 2005 έλθτ4

145 2038 175 2078 v.
187 2036 262 2095 444.

188 2139 262 2198 444.
285 2117 494 2204 Ἀχεροντίαν]
518 2117 729 2202 Ἀχεροντείαν
747 2120 834 2184 Flor.
852 2137 879 2184 2.
896 2120 989 2184 Lusc.
1027 2121 1132 2186 Ceteri
1153 2120 1243 2207 ’λχε-

144 2222 275 2301 ροντίαν,
292 2237 405 2307 praeter
420 2220 613 2285 scholiastom
628 2220 684 2306 qui
697 2218 907 2305 Ἀχερουσίαν.
943 2222 982 2284 In
1000 2224 1097 2287 Herc.
1113 2225 1153 2289 F.
1171 2225 1243 2304 840.

147 2324 295 2408 vulgatur
309 2322 365 2390 Ὡς
386 2323 424 2387 ἂν
443 2325 590 2406 πορεύσας
612 2323 646 2388 δι’
661 2322 857 2407 Ἀχερούσιον
878 2325 972 2405 πύρον
985 2324 1050 2388 Τὸν
1064 2326 1245 2391 καλλίπαιδα

146 2423 300 2506 στέφανον
315 2426 440 2513 αὐθέντῃ
455 2424 668 2511 thorp-unde
687 2424 786 2511 liquet
800 2424 1052 2490 subaudiendum
1067 2449 1133 2490 esse
1149 2430 1197 2492 διὸ
1211 2428 1243 2492 in

147 2539 253 2590 nostro
267 2527 346 2605 lucc,
362 2543 393 2593 et
407 2527 439 2592 in
457 2528 554 2616 Soph.
569 2527 686 2592 Trach.
699 2531 774 2613 560.
783 2525 845 2596 Ὃς
858 2528 912 2592 τὸν
924 2531 1095 2610 βαθύρραυυ
1109 2530 1246 2611 ποταμὸν

148 2633 264 2711 Εύηνον
283 2632 409 2713 βροτοὺς
432 2636 552 2696 Μισθαῦ
570 2630 686 2714 ’πόρευε
711 2632 826 2716 χερσίν.
874 2631 1027 2696 Scribitur
1050 2631 1245 2717 Ἀχερούσιος

147 2733 239 2798 etiam
260 2733 290 2797 in
308 2733 416 2798 AEsch.
432 2737 498 2821 Ag.
516 2737 607 2820 1169.
647 2737 766 2800 Contra
786 2732 976 2818 Ἀχερόντιος
998 2737 1094 2800 Herc.
1112 2737 1151 2801 F.
1169 2752 1243 2819 772.

148 2837 249 2903 Arist.
267 2839 348 2901 Ran.
364 2855 439 2919 471.
455 2853 486 2902 et
502 2837 570 2914 hoc,
587 2853 622 2902 ut
636 2837 756 2924 opinor,
776 2837 875 2923 magis
895 2836 1052 2923 peneum
1074 2852 1130 2902 est.
1169 2837 1243 2905 Cal·

149 2940 212 3005 lim.
237 2941 348 3026 fragm.
367 2961 437 3004 110.
458 2939 516 3005 Ἐν
537 2939 720 3021 στομάτεσσι
742 2942 815 3008 νεὸς
834 2937 1043 3024 ’λχεροντείος
1067 2943 1243 3024 ἐπίβαθρον.

147 3043 295 3109 ΜΟΝΚ.

191 3166 265 3231 449.
282 3148 405 3231 ιυκλᾶς]
423 3150 530 3212 κυκλὰς
544 3147 606 3227 ὥρα
619 3160 664 3209 est
680 3158 805 3231 tempus
818 3143 1072 3208 anniversarium.
1097 3146 1245 3233 Orpheus

150 3249 269 3337 hymno
290 3269 345 3334 52,
369 3266 400 3331 7.
424 3254 511 3313 κινῶν
537 3273 568 3311 τε
589 3249 697 3330 χοροὺς
722 3248 767 3311 ε’νί
786 3245 929 3310 κυκλάσιν
949 3248 1045 3328 ὥραις.
1067 3247 1245 3335 iterumque

146 3371 201 3438 55,
216 3374 248 3437 5.
265 3353 450 3432 σβεννύμενε
465 3351 591 3430 λάμπων
604 3375 637 3414 τε
652 3356 757 3417 καλαῖς
772 3348 818 3414 ἐνί
832 3347 976 3412 κυκλάσιν
986 3351 1082 3431 ὥραις.
1099 3352 1241 3416 MUSG.

191 3453 353 3540 Καρνείου]
378 3458 509 3534 Κορνεῖα
525 3452 604 3516 festa
625 3452 657 3515 in
679 3451 828 3516 honorem
844 3450 1004 3537 Apollinis
1025 3455 1146 3538 Spertae
1166 3451 1243 3517 cele-

146 3559 245 3637 brata,
262 3557 393 3646 septimo
407 3556 458 3622 die
473 3556 585 3621 mensis
601 3559 715 3622 Carnei
729 3554 928 3642 incipiebant,
945 3568 1033 3619 sexto
1049 3554 1169 3619 decimo
1184 3569 1243 3620 ter·

146 3662 356 3727 minabantur.
402 3660 543 3725 Plurima
556 3675 696 3723 veterum
712 3657 778 3723 locs
796 3657 852 3722 has
874 3655 968 3721 ferias
981 3657 1150 3744 spectantia
1164 3658 1243 3722 indi-

145 3779 255 3829 carunt
278 3763 440 3829 Meuraius
462 3764 565 3827 Graec.
582 3763 655 3826 Fer.
678 3784 711 3849 p.
730 3766 800 3844 178.
824 3759 993 3847 Spanhem.
1008 3759 1049 3823 ad
1073 3758 1194 3824 Callim.
1209 3759 1243 3824 iu

146 3865 254 3953 Apoll.
276 3882 329 3949 72,
346 3868 399 3948 78.
423 3864 545 3928 Duker.
568 3865 608 3928 ad
633 3862 783 3951 Thucyd.
806 3881 840 3948 5,
860 3881 916 3948 54.
939 3861 1086 3926 MONK.
1124 3863 1243 3944 καρνίυυ

146 3969 231 4033 Flor.
252 3990 301 4033 ιο.
318 3971 363 4033 Η.

188 4074 393 4152 περινίσσεται
407 4070 481 4154 ὥρα]
508 4072 668 4154 Corruptc
683 4066 865 4155 Hesychius
877 4063 1064 4147 περιίσσεται
1077 4066 1171 4147 ὥραςε
1193 4090 1245 4131 πε-

144 4173 294 4258 ριέρχεται
308 4177 360 4239 τὰς
374 4175 460 4255 ὥρας.
1373 4251 1375 4255 y

188 4297 261 4361 452.
277 4278 447 4361 λιπαραῖσι]
467 4275 607 4356 Λιπαραὶ,
624 4273 822 4337 Athenarum
838 4271 998 4358 epitheton
1015 4290 1165 4357 perquam
1180 4268 1243 4334 fre·

145 4393 343 4466 quentatum,
358 4378 486 4443 sonabat
498 4386 700 4466 praestanter,
710 4375 758 4441 vel
769 4374 952 4463 splendidae,
964 4373 1132 4459 interprete
1144 4373 1245 4459 Spau-

145 4481 249 4546 hemio
264 4482 303 4547 ad
321 4480 442 4546 callim.
460 4481 507 4545 H.
523 4480 554 4544 in
571 4479 645 4544 Del.
663 4496 734 4565 155.
748 4493 780 4542 et
796 4479 866 4558 164.
890 4476 1006 4541 Noster
1018 4473 1147 4562 quidem
1164 4474 1368 4630 Th
