2864 4914
228 276 293 343 416
586 275 964 342 ANNOTATIONES

226 450 313 518 Hinc
336 448 488 537 sequitur,
511 450 568 514 nisi
590 448 761 538 Euripides
782 472 849 537 prae
872 446 1061 537 negligentia
1085 447 1332 536 topographism

225 553 379 634 confudit,
392 553 539 618 dextrum
553 576 663 633 cornu,
678 553 729 618 cui
743 567 875 639 praeerat
889 552 1044 630 Theseus,
1055 550 1214 615 disemum
1228 551 1333 616 fuine

225 658 267 723 ab
287 680 335 736 eo,
349 656 436 743 quod
458 655 567 721 collem
592 655 763 721 Ismenium
785 671 972 743 occupatum
994 655 1080 720 ibat:
1107 653 1237 719 Paralos
1251 677 1333 720 reru

225 783 289 826 non
310 761 343 824 in
364 758 446 825 loevo
465 781 574 838 cornu,
589 758 677 847 quod
698 758 831 846 putabat
846 757 1068 837 Marklandus,
1091 757 1199 822 sedin
1222 758 1333 824 media

224 862 290 929 acie
310 861 474 928 collocatos
495 860 598 927 fuisse.
644 860 706 926 His
727 861 846 948 positis,
868 882 926 948 pro
947 867 1032 944 φῦλα
1049 861 1116 942 τρία
1129 866 1218 943 τριῶν
1232 886 1331 944 στρα.

225 966 376 1047 τενμάτων
403 963 572 1053 legendum
600 964 745 1044 arbitror,
769 965 875 1047 φῦλον
900 964 967 1046 τρία
993 969 1081 1046 rpem
1106 964 1330 1045 στρατκῦματα,

224 1078 290 1135 tres
311 1070 452 1158 legiones
474 1066 539 1151 (vel
560 1068 712 1157 οοάοτιις)
732 1089 772 1132 ια
793 1068 896 1132 tribas
917 1067 1069 1155 gentldm
1093 1068 1226 1148 (φύλοις)
1253 1088 1331 1131 con·

223 1173 381 1260 scriptas:
403 1169 549 1235 dextrum
564 1192 661 1235 cornu
677 1193 717 1235 sc.
726 1193 766 1235 ex
779 1169 939 1257 Cecropiae
949 1168 1067 1246 incolis,
1079 1168 1214 1232 mediam
1225 1167 1331 1234 aciem

225 1298 265 1339 ex
291 1272 422 1353 Paralis,
444 1273 601 1338 sinistrum
630 1295 726 1338 cornu
756 1295 796 1337 ex
823 1273 886 1337 alio
913 1271 1050 1360 quodam
1079 1270 1208 1359 populo,
1232 1277 1332 1355 cujus

225 1399 349 1454 nomen,
365 1390 553 1463 temporum,
568 1375 602 1440 ni
615 1375 717 1453 fallor,
731 1375 846 1463 injuria
863 1375 987 1440 delevit.
1030 1374 1087 1439 Ad
1108 1396 1180 1439 eum
1203 1375 1331 1463 quippe

225 1481 380 1569 pertinere
398 1478 524 1544 videtur
544 1477 694 1556 clausula,
717 1479 755 1546 ὣς
775 1481 832 1558 μὲν
848 1479 886 1558 ην
907 1480 1010 1561 λόγος,
1025 1477 1163 1543 nondum
1188 1477 1266 1542 satis
1287 1478 1333 1543 ab

224 1582 448 1671 interpretibus
462 1581 628 1660 declarata,
642 1579 726 1645 clara
747 1579 917 1645 admodum
940 1581 1059 1660 futura,
1075 1581 1100 1645 si
1115 1603 1234 1661 versus,
1253 1589 1332 1647 Δια-

226 1687 314 1768 κρίων
328 1706 439 1749 nomen
462 1682 635 1760 continens,
655 1693 849 1768 sequeretur.
894 1680 1006 1746 Talem
1029 1697 1112 1746 certe
1132 1680 1333 1747 intercidisse

225 1788 375 1875 suspicor.
428 1787 480 1851 De
514 1785 664 1850 divisione
694 1784 875 1851 Atticorum
911 1786 943 1850 in
980 1786 1152 1869 Παράλους,
1183 1787 1331 1862 Πεδιέας,

226 1892 385 1972 Διακρίονς
414 1888 486 1953 vide
517 1887 719 1952 Herodotum
744 1888 772 1953 Ι.
801 1909 855 1974 59.
886 1887 1091 1954 Plutarchum
1128 1888 1159 1951 in
1200 1889 1332 1956 Solone.

226 1990 373 2056 Eundem
397 1992 460 2079 Op.
483 1993 571 2055 Mor.
590 2015 625 2079 p.
639 2005 731 2076 1359.
745 2002 778 2055 et
790 2010 882 2073 1441.
897 1991 946 2055 ed.
964 1993 1009 2056 H.
1024 1990 1134 2078 Steph.
1156 1990 1333 2081 Aristopb.

226 2095 319 2181 Veap.
338 2095 429 2162 1218.
453 2095 597 2159 MUSG.

269 2198 351 2262 Haec
368 2199 435 2279 τρία
455 2199 658 2280 στρατεύματα
673 2193 792 2260 Markl.
806 2195 999 2283 intelligebat
1013 2196 1143 2284 pedites,
1158 2198 1285 2286 equites
1299 2215 1334 2266 et

224 2299 422 2381 παραβάτας,
441 2321 468 2362 s.
489 2319 550 2376 eos,
572 2301 627 2386 qui
648 2319 665 2362 e
687 2298 834 2362 curribus
847 2300 1051 2386 purgandam.
1097 2302 1144 2364 At
1165 2300 1334 2388 equitatus

224 2423 337 2489 agmen
355 2402 413 2489 per
434 2424 466 2466 se
487 2401 674 2466 constituere
695 2422 758 2465 uon
777 2415 892 2487 potest,
912 2402 1033 2489 quippe
1054 2402 1128 2484 πρὸς
1147 2404 1334 2484 κρασπέδοις

226 2504 428 2587 στρατοπέδου
454 2505 642 2569 constitutus
666 2527 698 2568 v.
723 2506 798 2589 663.
822 2506 1037 2591 Musgravius,
1061 2528 1155 2592 quem
1182 2508 1334 2594 sequitur

225 2610 412 2685 Hermann,
428 2607 467 2671 de
482 2606 626 2684 Diacriis,
642 2607 775 2672 Pediaeis
796 2626 828 2671 et
845 2607 964 2672 Paralia
985 2608 1229 2697 interpretatur3
1254 2636 1333 2699 quoe

223 2709 437 2797 interpretatio
452 2709 516 2775 sola
531 2709 686 2775 mentione
699 2717 759 2774 τῶν
773 2711 925 2792 Παράλων
940 2734 970 2774 v.
987 2715 1061 2776 661.
1077 2712 1198 2791 nititur,
1215 2729 1249 2780 et
1268 2715 1332 2780 hoc

224 2811 412 2876 incommodi
427 2811 532 2890 habet,
548 2811 633 2899 quod
648 2812 692 2876 ita
706 2811 895 2877 intercidisse
910 2837 1017 2878 versus
1032 2814 1162 2901 aliquot,
1173 2820 1332 2899 Διακρίων

226 2937 338 2979 nomen
354 2913 556 2992 continentes,
572 2937 693 2978 necesse
707 2929 765 2979 est.
810 2917 889 2993 Quae
905 2916 963 2980 tria
983 2917 1108 3003 agmina
1125 2917 1332 3002 intellexerit,

225 3017 291 3106 ipse
308 3033 400 3105 poeta
421 3016 496 3081 locis
517 3017 553 3081 iis
575 3017 862 3098 commemorandis,
878 3018 932 3083 ubi
947 3019 1097 3107 quodque
1118 3021 1332 3088 constitutum

224 3135 302 3198 erat,
327 3120 400 3185 satis
422 3119 514 3208 plane
538 3119 674 3185 iudicare
697 3118 832 3184 videtur.
878 3124 960 3186 Sunt
981 3126 1125 3211 primum
1151 3128 1180 3187 ol
1204 3127 1334 3191 ὁπλῖται

226 3248 256 3289 v.
274 3227 294 3288 6
294 3227 348 3309 56.
362 3224 403 3288 ad
417 3223 527 3289 collem
544 3222 729 3303 Ismenium,
741 3222 796 3309 qui
811 3223 852 3287 ab
866 3223 1000 3289 Electria
1014 3227 1112 3313 portis
1126 3227 1334 3314 prospicienti

225 3351 245 3392 a
258 3327 370 3392 dextra
387 3342 462 3391 erat.
486 3325 549 3391 vid.
565 3327 660 3389 Paus.
677 3345 708 3408 9.
722 3348 749 3389 c.
764 3344 814 3402 10,
832 3343 863 3391 a.
880 3326 944 3390 ἔστι
959 3329 991 3390 δὲ
1006 3330 1101 3410 λόφος
1116 3331 1150 3393 ἓν
1164 3334 1247 3413 δεξιᾷ
1267 3337 1335 3396 τῶν

225 3438 328 3495 πνλῶν
343 3430 420 3512 ἱερὸς
432 3428 637 3496 Ἀπόλλωνος·
661 3434 794 3493 καλεῖται
813 3431 846 3492 δὲ
860 3430 877 3491 ὅ
891 3455 924 3494 τε
937 3429 1034 3513 λόφος
1049 3433 1128 3496 καὶὸ
1144 3433 1210 3500 θεὸς
1223 3433 1334 3516 Ἰσμή-

227 3560 300 3611 νιος,
315 3531 532 3615 παραρρέοντος
545 3536 597 3594 τοῦ
612 3535 745 3610 ποταμοῦ
759 3532 848 3618 ταύτῃ
870 3536 923 3595 τοῦ
943 3531 1091 3613 Ἰσμηνοῦ.
1137 3537 1334 3602 Pausaniam

226 3658 300 3699 vero
317 3635 410 3698 situm
431 3633 569 3698 locorum
592 3632 635 3696 ita
657 3632 839 3712 describere,
857 3649 892 3697 ut
914 3657 934 3698 a
955 3653 1045 3722 porta
1060 3635 1187 3701 Electra
1205 3641 1336 3727 prospi.

224 3737 317 3803 cienti
333 3759 398 3802 sese
413 3735 572 3814 offerebat,
588 3735 667 3800 bene
684 3735 820 3800 ostendit
840 3739 1014 3803 Hermann.
1037 3739 1208 3827 eodemque
1232 3744 1337 3809 modo

226 3840 356 3905 nuntius
369 3861 406 3903 ea
420 3837 576 3902 describit.
599 3838 690 3902 Alter
704 3837 799 3916 locus,
816 3840 871 3925 qui
886 3859 1156 3923 commemoratur,
1172 3857 1218 3908 est
1236 3846 1336 3928 κρήνη

221 3932 335 4025 'Apsos
346 3965 376 4006 v.
390 3942 465 4020 662,
477 3940 610 4027 ideoque
624 3939 755 4005 alterurn
773 3943 940 4023 στράτευμα
954 3946 1121 4012 conficiunt
1136 3951 1164 4011 ol
1174 3947 1336 4030 Πάραλοι,

224 4046 300 4112 levis
314 4061 481 4109 armatura.»
494 4043 616 4109 milites.
662 4045 713 4107 De
726 4068 763 4108 eo
777 4046 863 4108 fonte
878 4048 1015 4110 Pausan.
1032 4070 1063 4132 9,
1080 4069 1127 4130 ιο,
1142 4070 1174 4135 5.
1188 4053 1337 4134 ἀνωτέρω

224 4152 258 4214 δὲ
275 4155 327 4213 τοῦ
345 4148 484 4229 Ἰσμηνοῦ
503 4148 557 4227 τὴν
576 4147 685 4229 κρήνην
707 4150 779 4214 ἴδοις
800 4147 847 4227 ἂν,
869 4149 973 4227 ἥντινα
989 4149 1103 4233 'Apsos
1125 4155 1221 4235 φασὶν
1245 4158 1337 4236 ἱερὸν

224 4252 311 4316 εἶναι.
335 4250 471 4333 άνιοτέρω
494 4250 664 4316 Pausanias
685 4272 722 4313 ea
743 4248 844 4313 dicere
866 4250 1001 4332 videtur,
1023 4277 1094 4340 quae
1116 4254 1157 4320 ad
1181 4256 1335 4325 dextram

224 4369 309 4419 suut.
354 4353 499 4419 Tertium
525 4375 636 4440 agmen
661 4365 728 4416 erat
753 4358 813 4417 τῶν
836 4361 1029 4435 παραιβατῶν
1055 4381 1078 4422 s.
1102 4366 1161 4424 τῶν
1184 4360 1334 4442 ἁρμάτων

225 4479 255 4521 v.
272 4459 347 4541 664.
362 4455 403 4521 ad
425 4468 661 4521 monumentum
678 4454 876 4541 Amphionis.
920 4459 1015 4536 Quod
1030 4484 1103 4527 sero
1119 4465 1335 4550 Musgravius
