2864 4914
159 277 225 345 374
523 272 901 339 ANNOTATIONES

120 459 123 464 ’
201 447 313 530 στέρνα
326 447 385 511 boc
399 445 468 510 loeo
482 445 559 512 Ald.
573 472 581 511 ι
604 460 678 510 ante
693 447 852 509 καλύπτειν
866 443 959 507 codd.
974 460 1006 507 et
1021 443 1114 506 Laoc.

201 570 277 646 δῆλα
292 566 340 630 καὶ
353 562 527 652 ἅμφιφανῆ]
543 562 719 629 Probabilis
735 561 909 628 Hermanni
927 561 1106 648 conjectura
1120 573 1168 622 est
1181 561 1271 637 δῆλα

158 672 217 751 γδρ
233 667 240 752 Ι
260 671 445 751 κδμφιφανῆ.
490 669 632 733 Metrurn
648 688 677 731 v.
694 668 766 751 834.
781 680 814 729 et
829 658 964 751 838.'est

469 813 524 841 ιι
647 814 657 842 ι
786 813 796 840 ι

421 815 942 905 υῶ-υ-ΙἾν-Ι-υ-υ-

203 941 275 1025 835.
298 942 457 1024 ἆμῲιφονῆ
479 944 528 1007 καὶ
549 943 682 1025 δκρνπτα
702 943 884 1024 δεδράκαμεν
898 938 1006 1026 πόσιν]
1023 936 1087 1001 Hic
1102 957 1213 1000 versus
1230 949 1269 999 et

159 1042 232 1128 839.
256 1041 429 1130 dactylicus
456 1060 636 1110 tetrameter
660 1060 706 1110 est
730 1045 762 1108 in
789 1043 990 1132 disyllabum,
1011 1038 1120 1105 addito
1142 1037 1174 1101 in
1198 1037 1266 1101 line

157 1143 282 1209 cretico.

202 1263 274 1348 838.
298 1263 385 1329 dolon
406 1267 522 1344 τόλμαν
544 1267 589 1330 G.
607 1266 779 1353 Burgesiua
800 1266 841 1330 ad
859 1262 980 1329 Troad.
996 1263 1111 1350 p.163.
1157 1260 1267 1345 Lege·

159 1364 254 1429 batur
267 1363 353 1434 δαίας
366 1369 488 1447 τόλμας.

202 1472 276 1556 ἔρεξ’
292 1475 325 1560 ὁ]
344 1476 431 1556 ἔρεξα
446 1477 492 1539 Η.
509 1475 583 1559 ἔρεξ’
599 1477 617 1556 ἡ
633 1478 709 1542 Par.
726 1479 771 1542 A.
816 1476 920 1564 Vulgo
936 1473 1009 1558 ἔρεξ’
1024 1472 1057 1537 ὦ.

203 1577 276 1662 839.
306 1577 451 1659 ἀνδράσιν
476 1579 549 1642 Par.
575 1579 615 1641 E.
640 1598 672 1643 et
697 1578 775 1643 Ald.
805 1580 970 1661 ἀνθρώποις
997 1574 1119 1641 codices
1145 1569 1263 1658 reliqui

159 1699 277 1757 munes,
293 1693 328 1743 ut
344 1679 480 1759 videtur,
494 1694 526 1744 et
540 1681 633 1745 Lasc.

203 1782 276 1862 840.
292 1792 379 1864 προφ.
395 1782 560 1870 praefixum
575 1783 606 1846 in
624 1783 697 1846 Par.
713 1783 753 1846 Β.
799 1781 902 1869 Vulgo
923 1787 968 1846 θε.
983 1778 1194 1846 consentiente
1209 1775 1265 1839 bic

161 1884 236 1947 Par.
253 1884 296 1946 A.

202 1982 295 2069 τήνδ’]
314 1983 368 2062 clv
384 1987 455 2048 Par.
473 1989 518 2050 A.

205 2086 277 2165 841.
293 2089 390 2172 ξίφος]
408 2088 443 2151 τὸ
458 2090 543 2171 ξίφος
559 2093 633 2154 Par.
650 2093 694 2154 A.

203 2187 293 2271 χερὸς
308 2187 474 2253 Seidlerus.
496 2191 597 2275 χειρὸς
611 2191 692 2256 libri.

204 2290 276 2371 844.
293 2292 402 2358 ἆπόδος
416 2290 483 2355 ὧ-
500 2291 506 2379 l
526 2295 676 2374 ἓρείσαι-
694 2292 699 2380 Ι
719 2295 899 2376 πί-εἷργεις
915 2290 993 2356 Ald.

204 2395 295 2474 φίλος
315 2395 386 2458 Par.
403 2396 443 2458 E.
461 2396 548 2460 Flor.
564 2415 592 2460 2.
611 2398 678 2460 Gn.
695 2397 787 2460 Lasc.
809 2397 884 2477 φίλη
900 2394 977 2459 Ald.
1000 2392 1064 2476 φίλ’
1081 2394 1154 2456 Par.
1171 2391 1260 2455 AB.

162 2494 311 2562 Flor.10.
326 2516 375 2580 15.
391 2499 437 2561 H.
482 2497 575 2576 Quod
599 2497 741 2584 sequitur
762 2495 799 2561 ἵν’
822 2512 907 2560 recte
926 2494 1009 2560 delet
1028 2493 1198 2559 Elmsleiua
1217 2493 1262 2556 ad

162 2598 290 2662 Heracl.
304 2619 379 2683 559.
425 2602 539 2686 Neque
548 2601 629 2665 enim
645 2598 792 2665 credibile
806 2614 853 2662 est
866 2613 990 2686 poetam
1006 2597 1087 2662 duos
1100 2594 1266 2660 dochmios

162 2699 205 2763 sic
217 2700 352 2766 voluisse
364 2724 551 2788 componere
567 2718 602 2766 nt
618 2702 713 2789 vulgo
728 2701 887 2790 leguntur,
903 2723 1002 2788 quum
1018 2715 1121 2787 posset
1135 2697 1263 2783 elegan-

162 2803 234 2879 tius,
255 2803 386 2867 admissa
409 2803 441 2867 in
464 2802 487 2866 ὦ
509 2806 601 2885 φίλας
622 2805 760 2891 ancipiti,
781 2805 901 2878 ἀπόδος,
916 2802 940 2867 ιδ
954 2805 1053 2885 φίλος,
1069 2803 1190 2874 ἀπόδος,
1206 2801 1261 2864 ἆν-

161 2907 256 2968 παίαν.
304 2906 354 2968 De
378 2928 435 2969 usu
458 2919 562 2969 autem
586 2906 696 2993 primae
717 2928 858 2992 personae
879 2904 1069 2992 subjunctivi
1094 2900 1263 2990 singularis

162 3007 277 3089 ἑρείσω,
303 3006 378 3070 satis
400 3007 459 3071 erit
484 3029 584 3071 unum
610 3006 776 3072 contulisse
802 3006 980 3094 exemplum
1008 3004 1140 3093 Hippol.
1165 3022 1261 3088 1354.

163 3113 245 3194 σχὲς,
261 3109 418 3191 ἀπειρηκὸς
432 3108 504 3189 σῶμ’
520 3111 694 3174 ἀναπαύσω.

206 3213 278 3292 846.
295 3221 382 3293 προφ.
400 3212 563 3298 praefixum
579 3211 610 3275 in
628 3214 702 3276 Par.
718 3212 756 3275 B.
802 3209 906 3296 Vulgo
919 3216 963 3273 θε.

205 3313 274 3377 ἀλλ’
297 3317 325 3379 cl
347 3312 375 3375 σ’
399 3314 521 3398 ἀφείην]
552 3315 591 3377 Ιο
618 3313 698 3377 libro
724 3312 858 3376 l’utonni
884 3311 1074 3398 adscriptum
1102 3312 1200 3374 λείπει
1225 3313 1263 3375 οὐ

163 3417 257 3479 καλόν
271 3418 346 3479 ἐστι.
371 3414 518 3479 Similiter
533 3416 649 3482 Phoen.
663 3416 754 3491 1684.
771 3413 840 3478 ἁλλ’
857 3417 883 3478 εί
898 3416 1056 3495 γαμοίμην,
1069 3414 1108 3476 σὺ
1122 3414 1154 3476 δὲ
1169 3414 1262 3491 μόνος

163 3516 294 3596 φεύγοις,
317 3513 420 3596 πίπερ.
466 3513 541 3579 Alia
560 3514 742 3602 hujusmodi
761 3513 867 3579 attulit
890 3513 1075 3600 Bernhardy
1093 3516 1184 3600 Synt.
1201 3515 1261 3576 Gr.

163 3636 197 3701 P·
212 3634 289 3698 405·

207 3714 308 3782 θάνοις
323 3715 398 3779 Ald.
415 3718 504 3796 θοίνης
517 3717 638 3782 codices
651 3733 682 3782 et
699 3718 779 3781 Laoc

210 3818 282 3897 848.
299 3818 353 3901 εἰς]
372 3818 471 3883 Scrib.
487 3821 527 3886 ἐς.

209 3919 332 4004 πέτρος]
349 3919 440 4002 πέρας
455 3920 532 3984 Ald.
547 3937 578 3985 et
592 3921 711 4007 aliquot
725 3920 816 3986 cotltl.

209 4022 283 4103 849.
300 4019 319 4098 ἦ
334 4024 407 4084 κατὰ
423 4018 589 4085 Seidlerus.
636 4022 757 4086 Aberat
770 4022 799 4102 ἤ.

211 4122 283 4205 851.
306 4126 352 4185 θε.
377 4123 541 4209 praefixum
563 4122 595 4186 in
617 4123 689 4186 Par.
707 4126 796 4187 Au.
815 4151 863 4208 χο.
879 4125 910 4187 in
928 4127 1000 4188 Par.
1017 4125 1056 4188 Β.
1075 4125 1165 4188 Lasc.
1181 4123 1261 4188 Ald.

169 4222 292 4287 Nutrici
308 4223 375 4287 haec
390 4225 503 4289 rectius
521 4224 615 4288 tribui
638 4224 785 4290 admonet
807 4227 977 4290 scholiasta.
1023 4227 1073 4289 De
1095 4226 1159 4288 suis
1180 4226 1264 4292 codi-

166 4327 255 4391 cibus
270 4342 350 4392 tacet
365 4327 523 4392 Matthiae.

210 4433 228 4491 8
230 4449 282 4516 53.
300 4431 401 4497 ἔλιπες
416 4427 533 4514 ἔλιπες]
550 4429 668 4496 ἔλειπες
683 4430 801 4497 ἔλειπες
817 4432 890 4493 Par.
908 4431 946 4495 Β.
963 4432 990 4494 F
993 4428 1048 4496 lor.
1063 4432 1105 4493 A.
1120 4451 1167 4494 10.
1181 4451 1194 4493 1
1198 4446 1231 4516 5.
