2864 4914
464 756 1023 849 SUPPLICES.

636 1037 855 1071 ...φ-

195 1237 252 1325 lu
278 1258 383 1323 amne
406 1256 609 1335 monendum,
636 1256 817 1322 Markiana
844 1258 1080 1324 0101.οα
1105 1254 1298 1341 uusgmto

195 1362 269 1449 ear.
286 1357 496 1438 1.,1111111.
513 1357 829 1438 sulcamus.
848 1360 919 1425 m.
936 1364 975 1425 r.
999 1361 1191 1424 uonna.

240 1768 268 1810 1.
295 1746 487 1830 Ἐλευσῖνος]
519 1749 689 1814 Elmsleius
718 1745 748 1808 in
779 1769 910 1810 censura
937 1746 986 1809 ed.
1015 1747 1127 1808 Herm.
1159 1742 1297 1807 malebat

192 1847 380 1927 Ἐλενσίνηο
405 1855 427 1886 “
438 1847 510 1912 Vid.
527 1851 710 1937 Epicharm.
726 1850 846 1913 Athen.
860 1869 891 1931 9.
906 1872 939 1936 p.
955 1866 1020 1935 374
1035 1850 1077 1912 E.
1091 1846 1132 1912 cf.
1150 1843 1294 1932 Etymol.

191 1972 225 2038 p.
244 1968 318 2036 255,
333 1971 364 2035 3.
388 1952 548 2017 Eratosth.
564 1976 615 2041 ap.
633 1952 795 2017 Heraclid.
811 1952 904 2016 Pom.
921 1951 1061 2016 Brunclt.
1078 1948 1175 2013 Anal.
1190 1946 1252 2012 vol.
1268 1968 1296 2010 1.

192 2074 226 2139 p.
240 2053 314 2135 478.
332 2051 386 2116 ubi
402 2053 515 2117 rectilis
530 2055 665 2120 Achillis
680 2057 755 2120 Tat.
772 2057 906 2140 Isagoge
920 2077 954 2141 p.
973 2073 1044 2118 100.
1061 2051 1109 2115 ed.
1122 2053 1144 2115 J
1149 2064 1234 2114 untae
1249 2049 1295 2113 fit.

191 2154 379 2234 Ἐλευσῖνος.
403 2157 449 2219 Et
463 2156 506 2220 sic
520 2157 596 2222 citat
609 2159 632 2221 J
635 2181 678 2222 os.
693 2156 831 2242 Scaliger
841 2156 880 2219 acl
898 2156 1011 2220 Manil.
1027 2178 1059 2241 p.
1070 2174 1146 2237 320.
1170 2152 1296 2216 Eadem

192 2256 345 2321 medicina
361 2256 482 2320 dudum
507 2260 611 2323 sanavi
627 2259 749 2325 Autim.
769 2282 820 2345 ap.
837 2259 938 2322 Strab.
957 2259 987 2322 8.
1012 2281 1042 2344 p.
1058 2260 1133 2342 364.
1152 2256 1294 2320 Ἐλευσί-

192 2385 253 2440 νης.
292 2359 341 2422 Ut
357 2381 420 2422 rem
436 2360 610 2436 conficiam,
628 2376 696 2445 post
714 2385 742 2423 v.
757 2375 832 2444 551.
856 2358 897 2423 ll.
913 2358 952 2423 α’.
975 2360 1007 2422 in
1025 2357 1214 2446 quibusdam
1237 2378 1293 2419 ex-

191 2460 381 2547 emplaribus
405 2461 576 2546 legebatur,
598 2479 675 2527 teste
697 2462 876 2539 Eustatlrio‚
896 2463 1009 2544 καρπὸν
1028 2460 1206 2547 Ἐλευσῖνος
1228 2467 1293 2538 Δη-

192 2563 316 2645 μήτερος
331 2564 533 2645 ἆγλαόδωρον.
551 2564 630 2627 Vide
645 2564 747 2650 ipsum
777 2566 864 2627 Erat.
881 2587 910 2627 v.
925 2562 1101 2629 Ἐλευσῖνος
1116 2585 1175 2648 pro
1187 2560 1294 2625 Ἐλευ-

194 2669 279 2745 σῖνος
293 2664 416 2751 scripto.
442 2664 530 2749 Virg.
548 2666 665 2751 Georg.
687 2686 712 2741 r,
733 2667 822 2750 163.”

237 2785 266 2832 2.
292 2768 461 2847 πρόσπολοι
487 2768 569 2850 θεᾶς]
597 2767 771 2845 Quaesitum
794 2767 865 2842 fuit,
890 2790 947 2830 our
974 2768 1147 2830 sacerdotes
1172 2765 1222 2828 hic
1253 2767 1295 2829 ab

196 2869 312 2934 AEthra
328 2884 539 2932 memorantur
562 2892 624 2932 uua
641 2893 711 2933 cum
728 2872 865 2934 Cerere?
890 2870 994 2945 Ratio,
1010 2869 1131 2957 opinor,
1146 2887 1203 2947 est,
1216 2869 1295 2956 quia

194 2971 388 3037 sacerdotum
405 2986 471 3034 erat
487 2972 634 3035 nunciare
649 2972 709 3036 deo
724 2996 776 3036 seu
800 2971 868 3036 deae
885 2973 934 3035 cui
958 2995 1078 3036 sacrum
1095 2971 1200 3048 liebat,
1215 2971 1294 3057 quid

192 3092 272 3140 esset
297 3074 382 3161 quod
410 3073 609 3139 sacrificaturi
638 3091 789 3161 peterent,
816 3075 890 3162 ipsis
915 3099 1043 3161 quoque
1068 3074 1293 3151 sacerdotibus,

193 3201 300 3243 eorum
317 3177 451 3252 nomine,
466 3177 547 3240 idem
565 3177 656 3241 simul
672 3178 858 3265 petentibus.
897 3178 1004 3254 Unde,
1021 3194 1091 3264 post
1105 3176 1293 3263 appellatam

193 3281 295 3358 deam,
313 3279 429 3344 AEthra
443 3279 494 3343 hic
509 3280 682 3343 sacerdotes
697 3296 813 3355 monet,
829 3279 906 3366 quid
927 3304 985 3367 pro
1006 3304 1043 3344 ea
1063 3281 1181 3367 precari
1197 3279 1294 3343 debe·

194 3398 274 3448 rent.
311 3381 503 3468 Exemplum
519 3383 611 3446 estin
628 3383 842 3447 Andromach.
862 3404 953 3462 1104.
971 3384 1024 3447 ubi
1039 3407 1057 3446 a
1073 3382 1294 3471 Neoptolem0‚

194 3483 337 3572 Apollini
360 3506 480 3547 sacrum
505 3485 638 3560 facturo,
662 3485 776 3569 quaerit
798 3486 950 3562 sacerdos,
969 3489 996 3549 0
1016 3487 1203 3562 11ιί01010001,
1218 3488 1298 3572 quid

193 3591 250 3654 ribi
265 3610 286 3651 α
301 3588 370 3651 Deo
381 3587 545 3674 petemus?
567 3587 659 3670 cajus
682 3589 729 3649 roi
750 3609 864 3651 carrara
884 3591 998 3652 venia?
1023 3591 1132 3665 Porro,
1148 3587 1298 3652 reticetur

194 3695 325 3756 verbum
350 3690 474 3773 εὔχομαι
496 3687 545 3752 vel
569 3687 629 3752 tale
650 3688 769 3775 aliquid
792 3704 865 3754 ante
890 3690 1077 3755 infinitivum
1102 3692 1299 3770 εὐδαιμονεῖν,

193 3817 259 3858 ver.
274 3812 306 3876 3.
345 3792 390 3854 Et
413 3790 471 3854 hoc
494 3790 642 3854 usitatum
666 3790 697 3854 in
722 3791 819 3854 votis:
844 3793 915 3856 vide
937 3793 1101 3879 Aristoph.
1121 3795 1205 3855 Rau.
1221 3813 1298 3876 914.

194 3919 268 3985 920.
286 3894 425 3959 Acheru.
444 3909 514 3978 250.
533 3894 586 3957 ubi
603 3895 682 3958 male
697 3893 897 3981 intelligitur:
925 3895 1077 3960 Herodot.
1089 3911 1207 3981 5,105.
1224 3898 1298 3982 Ap·

195 3999 295 4089 posite
316 3995 356 4060 ad
379 4017 445 4058 rem
465 4010 496 4058 et
515 3994 555 4058 ad
578 3994 762 4060 locutionem
780 4011 884 4060 noster
899 3996 1014 4061 Electr.
1031 3999 1104 4082 805.
1121 3996 1175 4060 ubi
1191 3996 1297 4082 AEgis·

195 4102 269 4167 thus
290 4100 321 4164 in
345 4098 467 4185 privato
482 4113 513 4161 et
532 4097 700 4162 domestico
715 4098 863 4162 sacrificio
877 4099 943 4186 ipse
966 4122 1042 4163 suus
1063 4099 1215 4175 sacerdos,
1238 4121 1291 4186 prr

194 4231 227 4270 se
238 4206 282 4269 ita
292 4218 448 4290 precatur,
463 4203 575 4284 νύμφαι
589 4210 735 4283 πετραῖαι,
748 4201 894 4269 πολλάκις
908 4228 946 4281 με
958 4207 1124 4282 βουθυτεῖν.
1143 4202 1298 4267 MARK.

239 4329 270 4394 3.
287 4308 470 4385 εὐδαιμονεῖν
484 4305 536 4389 με]
555 4303 672 4367 AEthra
687 4302 771 4366 venit
787 4301 848 4366 huc
871 4326 991 4367 sacrum
1008 4319 1038 4368 et
1053 4326 1161 4389 preces
1175 4303 1299 4367 factura

197 4434 256 4498 pro
270 4423 406 4474 semente
428 4428 593 4492 prospera:
618 4405 671 4468 sed
687 4420 872 4490 conspectus
894 4405 1004 4470 harum
1025 4405 1189 4469 mulierum
1210 4405 1300 4469 mise-
