2864 4914
382 695 385 698 ’
455 688 1030 782 HIPPOLYTUS.

635 921 853 970 -4—

195 1098 271 1185 DE
299 1133 438 1207 tempore
461 1119 556 1208 hujus
577 1120 694 1185 fabulae
716 1120 896 1208 duplicique
917 1119 986 1207 ejus
1007 1117 1142 1183 editione
1164 1116 1231 1181 haec
1253 1137 1292 1180 ex

192 1219 368 1287 didascaliis
389 1222 485 1287 tradit
506 1223 682 1310 argumenti
699 1223 802 1288 Graeci
825 1222 968 1309 scriptor,
984 1219 1123 1303 ἐδιδάχθη
1139 1219 1187 1282 ἐπὶ
1199 1216 1294 1281 Ἐπα-

192 1328 330 1403 μεάνονος
352 1328 505 1410 ἄρχοντος,
529 1326 688 1406 ὀλυμπιάδι
710 1328 892 1408 ὀγδοηκοστῇ
914 1326 1038 1404 ἑβδόμη,
1065 1322 1124 1385 ἔτει
1151 1320 1292 1405 τετάρτῳ.

193 1433 307 1509 πρῶτος
322 1429 489 1510 Εὐριπίδης,
512 1431 646 1517 δεύτερος
665 1428 785 1511 Ἰοφῶν,
809 1430 905 1510 τρίτος
921 1424 1002 1490 Ἴων.
1027 1425 1092 1488 ἔστι
1114 1425 1147 1488 δὲ
1169 1423 1292 1489 οὖτοςό

191 1525 368 1598 Ἱππόλυτος
383 1531 528 1613 δεύτερος,
545 1533 593 1595 καὶ
608 1532 777 1612 Στεφανίας
786 1528 1092 1611 προσαγορευόμενος.
1116 1526 1293 1608 ἐμφαίνεται

192 1635 227 1697 δὲ
241 1634 363 1714 ὕστερος
380 1632 594 1715 γεγραμμένος·
619 1633 653 1696 τδ
676 1635 734 1715 γὰρ
749 1633 879 1713 ἀπρεπὲς
894 1631 942 1694 καὶ
957 1630 1132 1711 κατηγορίας
1146 1627 1242 1706 άξιον,
1258 1627 1293 1690 ἐν

193 1736 287 1819 τούτῳ
302 1737 463 1817 διάρθωται
476 1740 516 1823 τῷ
533 1734 665 1818 δράματι,
689 1735 723 1798 τὸ
739 1737 771 1798 δὲ
791 1739 887 1816 δρᾶμα
901 1738 960 1796 τῶν
972 1733 1106 1813 πρώτων.
1150 1729 1291 1793 Priorem

193 1835 359 1901 editionem
371 1836 551 1902 Ἱππόλυτον
565 1839 789 1918 καλυπτόμενον
799 1850 912 1900 vocant
922 1832 1038 1899 Pollux
1048 1853 1081 1917 9,
1093 1853 1145 1916 50.
1158 1845 1190 1897 et
1202 1832 1290 1896 scho-

193 1938 284 2003 liasta
303 1940 465 2004 Theocriti
482 1958 512 2018 2,
530 1960 578 2004 10.
623 1941 704 2003 Earn
728 1938 819 2004 valde
840 1939 993 2005 diversam
1017 1937 1058 2001 ab
1079 1935 1177 2000 altera
1197 1934 1293 1999 fuisse

191 2043 329 2107 ostendit
354 2042 503 2108 Matthiae
525 2043 566 2108 ad
589 2043 700 2129 fragm.
723 2066 754 2129 p.
773 2043 935 2127 182,183.
981 2042 1165 2125 Utrumque
1186 2049 1291 2101 autem

193 2166 318 2224 nomen,
333 2158 365 2210 et
380 2140 602 2225 καλυπτομένου
620 2160 653 2209 et
675 2146 850 2227 στεφανίου,
865 2166 926 2207 non
950 2166 969 2206 a
990 2155 1084 2230 poeta
1104 2140 1293 2228 profectum,

193 2247 248 2312 sed
270 2271 290 2311 a
310 2246 520 2335 grammaticis
539 2270 605 2311 esse
626 2246 806 2334 impositum
830 2247 966 2311 duarum
987 2244 1160 2309 editionum
1183 2241 1293 2307 distin-

193 2349 390 2437 guendarum
415 2372 524 2413 caussa
547 2349 768 2414 animadvertit
790 2348 989 2413 Brunckius:
1028 2347 1159 2434 dequo
1180 2368 1293 2433 genere
1386 2409 1388 2412 .

193 2451 259 2515 dixi
274 2452 306 2516 in
321 2451 589 2516 Aunotationibus
603 2450 643 2514 ad
661 2450 844 2539 Sophoclem
861 2474 891 2537 p.
910 2467 982 2535 277.
1022 2452 1105 2514 Nam
1122 2448 1292 2536 Euripides

193 2576 233 2618 ne
247 2554 375 2619 alteram
392 2554 519 2640 quidem
533 2553 673 2617 fabulam
696 2569 762 2618 erat
784 2577 842 2618 cur
863 2553 1044 2641 hujusmodi
1066 2552 1251 2639 cognomine
1272 2575 1293 2616 a

193 2656 297 2743 priore
311 2656 527 2742 distingueret,
542 2676 641 2740 quum
659 2677 719 2718 uon
737 2668 800 2719 tarn
823 2678 935 2719 novam
955 2678 1050 2742 quam
1067 2671 1202 2720 veterem
1222 2678 1291 2719 cor·

193 2772 308 2823 rectam
324 2759 355 2822 iu
372 2781 493 2823 scenam
509 2758 705 2846 produceret.

237 2863 499 2945 ΙΠΠΟΛΎΤΟΣ]
519 2862 558 2923 In
576 2860 693 2925 Codice
708 2861 902 2939 Florentino,
919 2863 998 2926 sicut
1019 2861 1204 2926 Bacchabus
1224 2863 1291 2925 Eu-

193 2962 303 3051 ripidis
323 2987 436 3029 nomeu
455 2962 630 3050 praefigitur
645 2963 789 3043 Penthei,
804 2965 949 3043 Πενθεὺς,
967 2963 1166 3052 Hippolytus
1183 2963 1291 3028 inscn'·

192 3065 280 3131 bitur
301 3070 426 3150 Φοίδρα.
472 3068 597 3131 Senecae
620 3065 828 3154 Hippolytus,
849 3066 961 3154 Lipsio
983 3081 1137 3145 monente,
1155 3066 1291 3132 Phaedra

192 3166 309 3233 dicitur
329 3169 361 3233 in
383 3169 489 3234 codice
511 3168 644 3256 scripto;
668 3183 763 3255 atque
784 3168 868 3233 illinc
883 3192 1006 3233 versum
1025 3169 1144 3256 profert
1161 3169 1292 3235 Priscia-

193 3293 254 3336 nus
269 3272 354 3337 velut
371 3273 402 3337 in
426 3275 551 3337 Senecae
574 3271 630 3336 sibi
648 3272 785 3336 Phaedra
805 3272 933 3337 lectum.
979 3274 1032 3336 Ex
1054 3272 1114 3337 hoc
1129 3273 1292 3361 Euripidis

191 3374 333 3439 dramate
356 3376 455 3440 multa
481 3375 545 3440 suis
567 3375 598 3439 iu
624 3374 851 3439 commentariis
873 3375 913 3439 ad
937 3376 1115 3439 Homerum
1139 3374 1292 3439 adhibens

194 3476 392 3554 Eustathius,
415 3477 596 3563 frequenter
621 3476 673 3540 illa
695 3476 757 3564 legi
781 3491 911 3542 testatus
936 3477 968 3541 iu
993 3477 1183 3565 Hippolyto,
1211 3477 1292 3541 binis

193 3595 296 3643 tamen
319 3579 350 3641 in
373 3577 447 3642 locis
472 3577 524 3661 (ad
548 3579 588 3642 Il.
611 3602 643 3665 p.
659 3580 734 3665 489,
755 3599 807 3663 53.
830 3580 974 3666 568,19.
998 3579 1048 3644 ed.
1073 3582 1158 3662 Bas.)
1183 3579 1291 3643 laudat

193 3679 378 3767 Euripidem
395 3679 426 3744 in
444 3680 591 3759 Phaedra,
606 3704 742 3767 quaeque
756 3681 841 3745 illinc
856 3682 974 3768 profert
993 3682 1025 3746 in
1042 3681 1222 3769 Hippolyto
1244 3705 1291 3745 re-

192 3783 365 3870 periuntur.
383 3785 554 3848 VALCK.
591 3783 738 3848 Similiter
752 3785 937 3849 recentiores
951 3785 1078 3872 quidam
1095 3784 1290 3872 grammatici

194 3886 360 3951 Hecubam
376 3886 538 3974 Polydori,
555 3887 696 3950 Orestem
713 3887 849 3951 Electrae
864 3888 988 3953 nomine
1002 3887 1170 3975 appellant.

238 4212 265 4256 1.
288 4191 411 4276 Πολλὴ]
439 4192 620 4272 Scholiasta,
644 4196 763 4276 δυνατὴ,
787 4196 950 4275 θαυμαστὴ,
965 4197 1093 4277 μεγάλη.
1136 4197 1291 4262 Libauius

193 4292 253 4357 vol.
267 4312 299 4372 4.
316 4317 348 4380 p.
363 4295 434 4378 189.
451 4318 470 4358 a
485 4295 582 4362 Boiss.
600 4311 808 4384 comparatus,
823 4298 917 4365 πολὺς
938 4301 970 4362 δὲ
993 4300 1041 4363 καὶ
1062 4305 1217 4384 πανταχοῦ
1239 4305 1290 4379 τῆς

190 4394 341 4464 Ἑλλάδος
354 4399 371 4460 ά
386 4398 463 4465 θεάς.
