2864 4914
438 318 505 381 AD
527 316 924 382 ANDROMACHAM.
1166 313 1232 378 877

178 502 252 571 957.
268 487 432 574 Aristoph.
443 490 535 575 Vesp.
549 503 621 573 725.
637 488 657 568 ἦ
670 513 728 552 που
742 486 839 569 σοφὸς
852 486 900 566 ἦν,
916 487 950 553 ὀς
963 508 1009 554 τις
1018 484 1147 567 &aare
1162 482 1232 563 πρὶν

135 586 173 651 δν
198 589 310 670 ἀμφοῖν
334 596 428 670 μῦθον
453 593 602 665 ἀκούσαις,
627 592 691 656 Οὔκ
716 589 754 654 δν
775 588 918 662 δικόσαις,
943 587 997 652 ubi
1019 584 1105 650 hune
1128 584 1230 648 locum

134 708 293 777 comparat
309 693 449 780 Bergler.

178 798 252 875 961.
267 796 381 879 μενεῖς]
397 795 496 875 μίνεις
511 795 587 860 Ald.

178 897 252 978 962.
268 899 496 982 αἰχμαλωτίδας]
516 897 721 962 scribendum
736 897 963 980 αἰχμαλώτιδας.

178 1001 253 1079 964.
275 1003 332 1066 σδς
352 1003 409 1080 μὲν
430 1003 465 1064 αὖ
486 1001 602 1085 σέβων]
627 1005 680 1068 τὰς
701 1003 757 1068 σός
778 1000 813 1063 οὐ
833 998 932 1079 μόνων
954 998 1031 1062 Ald.
1053 1013 1097 1075 et,
1119 998 1232 1062 omisso

135 1104 196 1174 τὰς,
214 1102 279 1165 Gu.

180 1204 254 1285 965.
276 1207 372 1285 λόγον
390 1203 512 1268 codices
532 1220 564 1268 et
588 1204 677 1267 Lasc.
701 1206 810 1285 λόγους
831 1202 907 1267 Ald.
934 1205 967 1267 ἓν
990 1205 1103 1267 διδόναι
1127 1205 1231 1285 λόγον,

135 1307 288 1369 sermonis
301 1308 421 1391 copiam
423 1308 548 1389 faeere.
566 1308 758 1369 MATTH.

181 1408 254 1490 966.
269 1407 399 1489 πέμψων
415 1407 580 1471 Heathiue.
596 1407 707 1490 πέμψω
724 1407 804 1471 iibri.

181 1512 255 1592 969.
279 1513 347 1590 ἐμαί
366 1536 404 1575 σε
425 1511 493 1577 δοὺς
513 1511 634 1575 codices
654 1525 687 1574 et
709 1513 800 1575 Lare.
818 1524 950 1597 excepto
973 1512 1046 1574 Pnr.
1063 1511 1107 1575 D.
1121 1508 1153 1573 in
1169 1496 1241 1597 quo'

139 1613 206 1690 ἐμαί
219 1637 256 1676 σε
269 1614 338 1679 δοὺς
352 1612 403 1676 εἶθ’
421 1612 545 1698 legitur.
568 1614 634 1693 ἐμοὶ
648 1615 716 1681 δοὺς
731 1612 784 1677 etr
799 1613 877 1677 Aid.

181 1732 254 1797 970.
269 1715 376 1795 πέρσαι
392 1716 462 1779 Par.
480 1717 519 1779 E.
537 1714 622 1779 Flor.
639 1734 667 1779 ν.
686 1716 777 1780 Lasc.
822 1714 913 1779 Libri
927 1714 1038 1801 reliqui
1053 1713 1166 1795 πίρσει.

181 1831 254 1901 975.
269 1817 374 1900 ῥαδίως
387 1818 461 1882 Par.
476 1819 565 1882 AJ).
582 1817 668 1882 Flor.
685 1835 795 1904 1ο.15.
812 1820 858 1882 H.
903 1816 1008 1904 Vulgo
1021 1814 1132 1900 ῥᾴδιον.

182 1941 255 2004 977.
280 1920 398 1984 Henth.
421 1922 489 2008 oonj
525 1923 678 2003 ὑβριστὴς,
694 1921 764 1986 ὥστ’
780 1925 850 2002 ἐμῆς
866 1948 898 2001 μ.
913 1929 948 2004 φ.
963 1920 1025 1987 Τός
1044 1919 1070 1983 ό
1086 1923 1148 2000 αἷμ.
1165 1923 1236 1989 θεὰς

138 2023 289 2097 ὀνειδίζειν
305 2024 379 2102 ἐμοί,
396 2045 461 2109 qua
479 2023 694 2087 emendatione
707 2023 797 2088 facile
817 2045 921 2087 carere
943 2045 998 2086 nos
1020 2043 1119 2108 posse,
1135 2044 1234 2108 quum

139 2123 169 2186 in
186 2122 335 2186 librorum
352 2122 482 2188 lectione
499 2123 573 2187 nihil
595 2125 645 2203 sit,
660 2124 746 2210 quod
771 2124 886 2210 linguoe
909 2122 1021 2188 rationi
1042 2122 1234 2201 adversetur,

135 2224 258 2312 judicat
274 2225 413 2290 Brunek.
459 2226 520 2289 Sed
542 2224 696 2313 explicare
716 2227 881 2313 oportebat
903 2242 1110 2291 structuram:
1134 2248 1236 2311 neque

140 2329 221 2393 enim
244 2328 351 2392 dicunt
374 2329 526 2404 ὀνειδίζειν
540 2331 597 2393 τινὶ
612 2333 655 2398 εἵς
668 2355 707 2408 τι,
722 2329 865 2416 quamvis
880 2328 1003 2415 legatur
1018 2328 1109 2392 Med.
1124 2345 1200 2412 544.
1216 2329 1236 2392 δ

140 2432 164 2497 δ’
182 2437 212 2500 ἐς
226 2432 336 2515 γάμους
349 2458 399 2511 μοι
412 2432 589 2511 βασιλικοὺς
603 2429 767 2501 ὀνείδισας.
791 2431 918 2496 additus
939 2431 1019 2496 enim
1042 2446 1089 2495 est
1109 2453 1235 2495 aecusa-

140 2536 224 2600 tivus
252 2534 306 2599 rei.
354 2532 508 2598 Videntur
536 2533 633 2620 igitur
660 2534 735 2598 duae
763 2534 933 2599 locutiones
957 2532 1135 2597 eommixtae
1159 2555 1236 2610 esee,

139 2638 281 2720 ὑβριστὴς
302 2638 340 2717 ἦν
357 2640 399 2704 εἰς
420 2664 449 2717 μ
471 2638 568 2718 φόνον
583 2638 630 2701 καὶ
650 2640 693 2704 εἰς
711 2640 763 2703 τὰς
778 2640 840 2717 αίμ.
856 2635 927 2704 θεός
941 2648 973 2701 et
986 2638 1055 2717 ὑβρ.
1069 2635 1116 2715 ἣν,
1133 2636 1238 2699 ὀνειδί-

140 2750 196 2817 ζων
211 2742 276 2821 ἐμοὶ
291 2744 342 2819 τῆς
355 2739 379 2802 τ’
397 2743 466 2819 ἐμῆς
478 2767 509 2820 μ.
525 2743 622 2822 φόνον
635 2741 688 2807 πός
703 2739 728 2803 θ’
745 2743 804 2820 ain.
820 2738 900 2806 θεός.
918 2738 1109 2802 ΜΑΤΤΗ.
1149 2736 1236 2801 Nihil

142 2844 253 2907 horum
277 2864 385 2905 verum
406 2858 462 2906 est.
507 2842 561 2906 Ad
580 2842 673 2906 verba
691 2842 745 2909 πός
764 2841 790 2905 θ’
805 2841 990 2922 αἱματωποὺς
1003 2844 1075 2907 θεὸς
1089 2843 1237 2916 ὀνειδίζων

142 2948 209 3025 ἐμαί
221 2967 260 3007 ex
276 2967 366 3008 versu
384 2945 576 3031 praecedente
591 2968 654 3008 non
671 2945 849 3032 praepositio
865 2946 915 3017 είς,
928 2944 981 3007 sed
993 2942 1092 3007 solum
1105 2943 1236 3006 verbum

140 3047 178 3126 ἣν
192 3063 238 3111 est
253 3045 469 3133 repetendum.
513 3048 566 3109 Ex
589 3069 654 3132 quo
671 3046 812 3132 sequitur
829 3045 888 3109 hoc
903 3045 1037 3110 voluisse
1049 3045 1152 3108 dicere
1167 3046 1236 3110 Eu-

141 3148 271 3235 ripidem
287 3148 388 3229 ὀβριζέ
401 3148 426 3210 π’
442 3151 493 3227 ἓμδ
510 3151 541 3215 ἐς
556 3148 663 3230 μητρὸς
684 3148 796 3229 γόμσνς
818 3151 867 3212 καὶ
887 3151 940 3216 πδς
961 3148 1146 3229 αἱματωποὺς
1167 3150 1239 3214 θεὸς

141 3253 288 3330 ὠνείδιζεν
304 3252 378 3331 ἐμαί.

184 3355 257 3439 980.
277 3357 432 3436 συμφορᾶς
447 3352 593 3439 Scaliger.
616 3360 785 3435 συμφοραῖς
798 3352 880 3416 libri.
925 3351 1018 3430 Quod
1034 3351 1075 3414 ab
1088 3350 1238 3415 oscitante

140 3458 265 3522 librario
281 3457 414 3543 positum
432 3456 496 3519 sive
511 3471 638 3540 propter
652 3455 765 3537 ἤλγουν
780 3454 844 3517 sive
858 3467 987 3542 propter
1004 3454 1167 3537 ἠνειχόμην
1180 3474 1239 3539 pro

140 3564 297 3645 ἒνειχόμην
311 3573 483 3646 aceepturn.

183 3665 257 3747 985.
281 3663 315 3726 τὸ
337 3663 483 3744 συγγενὲς
504 3665 562 3743 γδρ
584 3659 697 3746 δεινόν]
715 3660 823 3724 AEsch.
841 3661 947 3723 Proin.
962 3677 1015 3743 39.
1035 3658 1070 3722 τό
1092 3654 1239 3740 συγγενίς

141 3792 186 3829 τοι
201 3766 300 3829 δεινὸν
312 3766 332 3843 ἦ
346 3763 371 3827 θ’
388 3765 499 3844 ὀμιλία.

184 3877 258 3959 988.
276 3873 400 3959 κρίνειν]
415 3876 519 3956 λέγειν
535 3876 580 3939 Η.

184 3993 270 4080 τάδε]
287 3995 354 4057 πόδε
370 3994 442 4056 Per.
459 3993 544 4056 D.E.
562 3991 647 4055 Flor.
663 4005 825 4078 quattuor,
841 3991 942 4053 Taur.
961 3991 1025 4054 Gu.

187 4132 258 4197 99¹·
281 4109 300 4190 ἢ
321 4111 424 4178 παιδός
446 4114 542 4178 οἴκους
562 4109 591 4190 μ’
615 4108 693 4173 ΑΙό.
716 4107 803 4195 quod
827 4106 914 4171 nullo
936 4107 966 4171 in
992 4105 1097 4172 codiee
1118 4121 1239 4171 exstare

143 4214 279 4278 videtur.
320 4211 427 4276 Solum
443 4215 539 4278 οἴκους
552 4209 581 4291 μ’
595 4226 642 4275 est
655 4211 686 4274 in
704 4211 777 4274 Par.
791 4213 835 4274 A.
852 4209 937 4274 Flor.
956 4227 984 4274 2.
1002 4209 1068 4274 Gu.
1083 4208 1240 4295 adscripto

895 4313 911 4371 ἡ
921 4311 1026 4376 πρίσβνι
1147 4313 1223 4360 λείπει

143 4381 174 4443 in
191 4381 276 4444 Flor.
295 4398 323 4441 2.
340 4381 445 4443 λείπει.
492 4380 531 4442 In
549 4380 622 4443 Par.
639 4379 679 4442 E.
694 4378 726 4441 in
742 4379 881 4462 margine
1047 4379 1144 4443 οἴκους
1233 4423 1239 4437 .

145 4485 184 4547 In
209 4486 282 4547 Par.
307 4484 351 4546 D.
374 4481 393 4560 ἢ
414 4481 550 4562 πρέσβυς
570 4480 610 4561 μ’.
634 4479 769 4566 deniqne
792 4479 879 4544 Flor.
905 4483 945 4543 A.
966 4497 1084 4562 1ο.15.
1108 4476 1242 4556 Lanae
