2864 4914
191 288 256 359 m
542 281 921 351 ANNOTA'PIONES

191 457 260 527 otu
284 456 392 545 λείοτὴ
414 454 475 523 οὗθ’
503 455 601 534 tion,
628 455 694 521 ἐπεὶ
716 454 753 536 δρ
779 478 830 519 κεν
854 453 1016 534 ἀμείψεται
1038 448 1123 532 ἕρκος
1144 450 1303 519 didm.

193 556 399 647 Compararit
413 554 576 623 Brodaeue.

235 661 309 744 780.
325 657 428 745 δορὸς]
443 657 554 743 χθονὸς
569 658 642 723 Pur.
658 658 700 721 A.
717 655 927 743 superscripto
941 658 1034 739 δορός.

235 762 308 848 782.
323 759 349 826 δ’
366 762 444 841 ἐμόν
460 761 672 825 Hermennus.
710 756 894 846 Legebotur
907 760 941 825 δὲ
954 762 1023 825 τῶν.

235 864 310 949 785.
322 885 368 951 sq.
384 863 425 926 In
440 860 520 926 Ald.
535 859 834 947 interpungebetur:
857 863 939 944 εἴπερ
954 862 1080 943 ὄψομαι,
1094 860 1162 924 Tou
1177 857 1208 923 δ.
1224 855 1306 936 ἡμιθ-

190 990 248 1053 ραν
262 963 383 1029 Ἰδοιῖσα
396 962 517 1028 πόντου
528 961 597 1045 μέγ.
613 962 643 1027 δ.
675 963 776 1028 Recte
791 962 860 1049 jam
875 963 1004 1027 Barner.
1019 960 1122 1027 locum
1136 957 1306 1025 distinxit.

191 1065 306 1149 δμέραν
319 1087 378 1153 pro
393 1064 507 1148 ἡμέραν
520 1061 642 1151 scripsit
665 1063 776 1129 Herm.
792 1076 830 1128 ut
850 1087 882 1130 v.
897 1065 971 1151 783.
993 1061 1074 1143 τιμδ.
1088 1065 1146 1129 rev
1160 1062 1307 1127 ἄελπτον

192 1168 317 1252 δμιέραν,
328 1167 423 1253 filine
443 1166 617 1253 sepultum
637 1165 786 1244 redditor,
799 1164 944 1248 μέγιστον
958 1167 1064 1250 ἄλγος,
1073 1165 1168 1251 filios
1187 1183 1304 1229 οων.

194 1269 281 1339 Hinc
295 1269 463 1357 adspectus
475 1265 610 1333 filiorum
623 1280 656 1338 et
669 1267 800 1333 noerbus
809 1282 841 1332 et
850 1267 1014 1356 jucundus
1024 1281 1082 1331 eet.
1098 1265 1304 1333 MATTH.

235 1372 310 1456 788.
330 1373 443 1453 δμερᾶν
458 1371 626 1435 Ροτςοαιια
665 1368 757 1435 Libri
779 1369 883 1455 δμόρρ.
923 1371 995 1449 Quo
1017 1381 1138 1435 servato
1157 1367 1305 1433 Botbiue

192 1473 322 1543 παλαιός
335 1472 368 1537 in
382 1475 497 1558 παλαιᾷ
512 1487 623 1539 mutet.
667 1470 761 1550 Quod
783 1486 932 1559 proeotnre
954 1470 1086 1537 Porsoni
1104 1471 1306 1558 oonjooturae

193 1572 329 1641 videtur.

238 1677 310 1762 789.
325 1675 356 1757 μ’
372 1677 433 1743 ἔδει
447 1675 669 1745 Marklandus.
706 1675 797 1741 Libri
811 1701 850 1757 με
864 1681 916 1741 δεῖ.

237 1792 310 1865 793.
325 1783 468 1860 στερεῖσα
482 1777 699 1845 ΜατΙιΙαυθυς.
737 1777 829 1843 Libri
843 1782 1024 1861 παρεῖσθαι.

238 1880 311 1960 796.
342 1881 470 1961 ὀλοίμαν
493 1903 533 1946 ex
559 1879 708 1947 Matthiae
736 1879 873 1947 editione
901 1877 1061 1945 remansit.
1095 1879 1198 1945 Recte
1224 1875 1306 1945 libri

195 1982 331 2062 ὀλοίμην.

238 2097 311 2167 797.
323 2080 446 2172 Ἀιδγν]
463 2081 535 2168 θδου
551 2085 625 2148 Pur.
642 2084 729 2150 A.B.

239 2184 314 2267 798.
330 2182 462 2249 Adrasti
477 2206 618 2272 personoe
633 2199 738 2249 notam
753 2184 876 2250 addunt
890 2183 1021 2264 codioee,
1034 2205 1096 2250 om.
1112 2182 1191 2249 Atd.

239 2285 314 2366 804.
337 2291 495 2368 προσαυδῶ
518 2313 555 2352 σε
575 2287 630 2352 τδυ
651 2288 794 2371 θανόντα]
821 2289 872 2351 De
894 2285 953 2351 hoc
977 2308 1062 2353 more
1086 2284 1307 2373 compellandi

195 2401 335 2452 mortuos
349 2387 382 2451 in
397 2410 512 2475 pompa
526 2386 651 2453 funebri
665 2387 785 2453 dictum
800 2387 841 2452 od
855 2389 928 2453 Alc.
946 2389 1019 2453 610.

239 2490 311 2572 805.
334 2491 482 2553 Personae
503 2489 535 2553 in
558 2488 637 2554 Ald.
660 2490 704 2554 sic
725 2489 900 2575 descriptio,
919 2489 988 2555 Ἀδ.
1012 2490 1160 2572 ior-tyri.
1183 2495 1245 2557 Xo.
1271 2490 1305 2555 αἲ

196 2587 374 2651 αῐ-ιιαιιδν,
393 2582 464 2651 Ἀδ.
479 2584 682 2669 ιδ-ἑσορᾶτε.
721 2588 867 2653 Correxit
882 2589 1094 2653 Hermnnnns.

239 2686 313 2750 806.
329 2687 460 2751 Lacuna
474 2686 610 2753 indicata
623 2688 655 2752 in
671 2690 746 2754 Par.
760 2691 846 2755 AB.
862 2688 1019 2778 adsumpto
1032 2693 1140 2755 λείπει.

240 2789 314 2852 808.
329 2789 457 2874 πότμον]
474 2791 569 2854 πόνον
584 2791 656 2856 Par.
673 2791 717 2854 A.

240 2892 314 2974 809.
337 2893 447 2971 ὁρῶσιν
464 2893 552 2974 (Pur.
568 2894 611 2956 A.
628 2894 731 2975 δρῶσι)
749 2892 808 2974 δῆτ’
825 2893 878 2975 tut
892 2919 929 2978 γε
948 2893 1002 2973 τὴν
1017 2894 1090 2966 Par.
1105 2896 1189 2958 A.C.
1206 2895 1238 2958 F
1241 2893 1300 2959 lor.

199 3011 227 3057 1.
246 3009 276 3058 2.

238 3093 309 3182 τὴν]
326 3093 532 3159 scribendum
548 3098 605 3159 τὰν
617 3117 689 3159 cum
706 3094 908 3160 Morklondo.

239 3196 314 3261 811.
337 3196 506 3279 προσάγετε
527 3203 586 3261 τῶν
600 3199 776 3278 δυσπότμων
793 3198 1005 3262 Hermannue.
1030 3197 1199 3281 προσάγετε
1221 3203 1299 3264 δυσ-

196 3297 317 3376 πότμου
340 3297 414 3359 Pur.
430 3298 475 3360 A.
509 3297 678 3380 προσάγετε
693 3301 849 3384 δυσπότμῳ
872 3297 959 3364 Flor.
981 3317 1007 3362 1.
1026 3317 1056 3362 2.
1089 3296 1301 3380 προσόγετ’ὦ

197 3399 353 3482 δυσπότμῳ
368 3397 447 3461 Ald.
472 3398 579 3462 Choro
593 3398 651 3463 hos
666 3422 773 3464 versus
787 3400 931 3466 tribuunt
946 3400 1034 3464 Flor.
1055 3419 1082 3463 1.
1101 3417 1129 3466 2.

215 3548 218 3552 .
240 3499 312 3581 814.
337 3500 435 3564 Hunc
458 3523 583 3565 versum
606 3501 702 3565 choro
728 3501 838 3566 tribuit
861 3504 935 3567 Pur.
953 3502 998 3565 A.
1037 3503 1077 3564 In
1099 3524 1137 3565 eo
1156 3502 1232 3564 Par.
1258 3504 1300 3569 B.

198 3600 283 3665 Flor.
303 3621 332 3664 1.
349 3620 379 3665 2.
394 3603 481 3684 ἐγών.
506 3602 578 3666 Par.
594 3605 637 3666 A.
653 3604 732 3685 ἓγὼν
746 3604 899 3686 δκρόνθην.

242 3702 424 3789 815-817.
446 3702 478 3766 in
502 3703 579 3768 Ald.
595 3705 735 3770 Adrasto
750 3705 945 3785 tribuuntur,
959 3705 1065 3771 denuo
1078 3705 1208 3793 praefixn
1222 3723 1304 3772 nota

198 3803 263 3869 Ἀδ.
285 3827 350 3892 quo
370 3804 501 3883 factum,
517 3820 553 3870 ut
574 3828 607 3870 v.
627 3805 700 3871 818.
716 3810 811 3873 verba
833 3808 925 3893 ἔχεις,
948 3809 1028 3892 ἔχεις
1048 3810 1152 3886 choro,
1175 3807 1305 3896 reliqua

198 3905 351 3984 Adrasto,
367 3920 453 3972 totus
473 3921 579 3972 autem
601 3931 709 3973 versus
728 3910 801 3995 819.
825 3910 920 3975 choro
942 3911 1142 3975 tribueretur.
1178 3910 1303 3978 Vitium

199 4023 372 4074 correctum
394 4008 462 4096 jam
487 4008 519 4072 in
547 4010 706 4076 Brubuch.
732 4034 864 4099 eamque
888 4012 1107 4077 correctionem
1133 4012 1304 4080 confirmat

200 4114 275 4177 Par.
292 4115 335 4176 A.
359 4112 551 4177 MATTH.

201 4206 205 4215 ⁴
244 4216 318 4280 816.
334 4213 561 4298 προσαρμόσασ’
578 4214 798 4282 ΜατΙιῙαιιόυε.
821 4221 1033 4301 προσαρμόσας
1047 4216 1127 4281 libri.

244 4317 316 4401 817.
334 4319 368 4382 ἐν
383 4318 496 4400 ἆγιιῶσι
510 4317 600 4382 τέκνα
615 4319 723 4407 θῶμαι]
741 4321 885 4384 Mettum
900 4352 922 4384 ο
936 4317 959 4367 -’-
971 4357 994 4367 -
1010 4318 1018 4404 Ι
1036 4349 1058 4383 υ
1071 4321 1094 4368 L
1107 4351 1129 4383 υ
1143 4355 1166 4366 -
1183 4354 1209 4382 -.

244 4419 316 4505 819.
334 4419 445 4486 Verbis
467 4427 529 4488 τοῖς
549 4425 669 4486 τεκοῦσι
690 4419 714 4483 δ’
731 4421 765 4485 οὐ
779 4421 880 4503 λέγεις
901 4419 1146 4511 superscriptum
1168 4419 1202 4484 in
1224 4421 1305 4489 Par.
