2864 4914
526 292 594 356 AD
618 290 869 357 HECUBAM.

188 459 235 546 ές]
251 460 349 524 Pauci
364 459 457 525 codd.
474 464 524 529 εῖς.

187 561 260 626 818.
275 564 412 648 μισθοὺς]
429 565 539 644 μισθὸν
554 566 599 629 Η.
1053 642 1056 647 ,

186 664 224 744 ἢν
238 665 408 731 Elmsleius
422 666 463 730 ed
479 667 578 753 Soph.
596 668 633 731 0.
656 669 698 731 Τ.
719 668 811 755 1389.
850 669 1033 756 Legebatur
1047 669 1077 756 ᾖ.

188 768 262 832 821.
277 772 428 856 τοσοιῖτοι]
447 774 504 853 γὰρ
519 773 605 838 ὄντες
620 773 666 834 Η.
682 784 714 836 et
729 786 847 858 septem
862 771 925 836 elii.

187 870 262 937 822.
278 871 324 936 ἐπ’
339 875 474 955 αἰσχροῖς
493 872 613 937 dictum
628 887 674 938 est
690 887 727 938 ut
747 880 799 954 (ἠν
815 878 859 939 έπ’
874 879 968 939 ἴσοισι
985 875 1075 940 Med.
1094 894 1165 961 123.
1180 875 1203 938 i.
1219 899 1246 940 e.

144 975 192 1038 ita
211 982 248 1037 τιῖ
271 996 357 1062 oeqao
381 997 453 1038 cum
474 977 550 1039 ollis
560 977 644 1061 jure
653 978 804 1061 fruaris.
852 980 965 1063 Itaque
991 978 1178 1060 αἰχμάλωτος
1201 978 1247 1043 ἐπ’

145 1077 281 1157 αῖσχροῖς
295 1090 341 1140 est
355 1080 494 1164 captiva,
510 1079 557 1141 ι’ῖο
572 1087 608 1141 ut
620 1080 759 1166 indigna
768 1081 891 1166 patiar.
916 1081 1107 1144 MATTH.

189 1177 260 1259 824
278 1178 430 1243 Deleatur
444 1201 565 1244 comma
579 1195 651 1266 post
664 1181 731 1261 μήν.

189 1280 288 1366 κενὸν]
308 1282 411 1346 καινὸν
427 1283 532 1368 Mosq.
550 1304 633 1346 unus
646 1299 678 1347 et
691 1306 711 1347 a
725 1305 776 1370 pr.
792 1306 836 1348 m.
853 1284 899 1349 H.
915 1306 987 1347 cum
1002 1285 1046 1370 gl.
1063 1286 1201 1367 ἀπρεπές.

189 1383 262 1468 825.
278 1390 360 1448 σοῖσι
381 1391 522 1466 πλευροῖς
543 1386 632 1449 Β.Η.
652 1385 768 1472 aliique
789 1385 927 1473 plurimi.
965 1388 1062 1452 Pauci
1078 1410 1150 1452 cum
1165 1387 1244 1453 Ald.

145 1489 218 1570 σῇσι
231 1491 369 1573 πλευρῇς.

188 1588 261 1671 827.
278 1588 473 1671 Κασάνδραν]
492 1589 666 1671 κασσάνδρα
681 1591 786 1677 Mosq.
805 1613 896 1656 unus.

188 1693 262 1757 828.
279 1694 377 1756 Hunc
391 1691 493 1756 locum
509 1691 608 1755 citans
622 1692 799 1757 scholiastes
818 1694 857 1757 ad
883 1693 1045 1782 Sophoclis
1061 1695 1152 1782 Ajac.
1170 1712 1244 1780 520.

144 1792 203 1858 hac
218 1810 292 1859 nota
306 1793 505 1882 perstringlt3
531 1796 548 1856 d
570 1793 603 1858 δέ
625 1820 661 1876 γε
683 1796 840 1876 Εὐριπίδης
852 1800 1117 1878 μαστρσπικῶτατα
1131 1798 1247 1880 εἰσάγει

144 1897 199 1975 τὴν
211 1896 348 1979 Ἑκάβην
360 1896 524 1979 λέγουσαν.
552 1895 613 1960 Sed
630 1896 688 1961 hac
703 1919 735 1959 re
751 1896 826 1960 nihil
841 1898 978 1962 offensus
994 1899 1118 1963 Ennius
1133 1900 1244 1978 vertit3

147 2002 224 2074 Quae
245 2001 302 2064 tini
323 2000 357 2062 ῖιι
378 1999 525 2063 nonnechio
540 2000 712 2063 verecunde
725 2009 755 2063 ct
770 2001 886 2064 modice
907 2023 1023 2065 morem
1041 2004 1144 2090 gerit,
1159 2001 1246 2089 apud

144 2103 284 2167 Nonium
301 2103 332 2166 in
347 2126 376 2165 v.
394 2102 543 2166 modiola.
566 2102 669 2166 POR.

187 2208 260 2292 830.
286 2207 353 2290 ἐμὴ]
374 2207 439 2284 έμσῖ
453 2204 545 2270 codd.
562 2218 635 2269 tres.
676 2206 753 2268 Post
773 2206 857 2270 hunc
877 2229 999 2270 versum
1022 2207 1086 2272 duo
1106 2208 1137 2271 in
1160 2207 1247 2272 libiis

143 2323 320 2396 sequuntur
346 2331 463 2386 versus,
486 2330 567 2394 qnos
591 2307 758 2393 ejiciendos
780 2331 845 2372 esse
871 2309 949 2374 vidit
973 2310 1133 2388 Matthiae,
1156 2311 1247 2397 cujus

143 2412 212 2477 haec
228 2426 274 2476 est
288 2411 460 2475 annotatio.
507 2411 668 2496 “Duplex
691 2411 804 2474 horum
828 2434 974 2475 versuum
996 2412 1087 2477 lectio
1106 2413 1136 2477 in
1160 2412 1248 2477 libris

142 2515 312 2580 invenitur.
356 2513 663 2578 Editionesindeab
678 2513 798 2577 Aldina
813 2512 967 2600 usquead
984 2514 1191 2601 Kingianam:
1214 2517 1247 2579 ἐκ

144 2623 196 2682 τοῦ
213 2620 338 2684 σκότους
359 2620 417 2699 γὰρ
440 2616 587 2697 νυκτέρων
608 2615 632 2679 τ’
649 2616 853 2697 ἀσπασμάτων
875 2619 1014 2698 Φῖλτρων
1035 2620 1108 2697 ὁμοῦ
1129 2643 1163 2682 τε
1185 2625 1247 2686 τοῖς

143 2726 263 2802 βροτοῖς
284 2720 385 2799 πολλὴ
406 2718 503 2802 χάρις.
549 2717 660 2783 Altera
674 2717 766 2783 lectio
780 2735 825 2783 est
845 2719 918 2783 inde
933 2743 951 2783 s
968 2720 1087 2807 Kingio
1101 2735 1244 2808 recepta:

144 2827 178 2888 ἐκ
191 2830 245 2889 τοῦ
258 2827 382 2891 σκότους
395 2825 453 2904 γὰρ
467 2828 526 2885 τῶν
540 2847 573 2885 τε
588 2827 734 2904 νυκτέρων
748 2822 826 2886 πάνυ
841 2825 979 2905 Φίλτρων
996 2826 1121 2904 μεγίστη
1143 2826 1244 2905 γίγνε-

143 2952 192 2991 ται
205 2932 326 3007 βροτοῖς
339 2923 432 3007 χάρις.
458 2922 508 2988 Sic
517 2922 615 3009 King.
626 2921 705 2986 Cod.
719 2924 801 3008 Reg.
813 2924 883 2986 Soc.
897 2923 1027 3008 Mosqu.
1041 2926 1086 2986 A.
1100 2925 1138 2986 Β.
1150 2924 1186 2987 C.
1198 2925 1243 2987 D.

145 3030 212 3094 Gu.
226 3031 314 3114 Aug.
331 3026 362 3089 b.
379 3049 407 3089 c.
424 3025 527 3089 Florr.
545 3047 575 3109 9.
594 3040 645 3108 17.
664 3024 730 3090 τιὴ.
746 3044 800 3109 34.
821 3044 871 3088 10.
890 3024 961 3105 (nisi
976 3025 1061 3111 quod
1082 3024 1132 3089 hic
1147 3027 1180 3089 ἐκ
1195 3030 1247 3089 τοῦ

145 3134 253 3197 σκότυν
273 3155 320 3194 τοι
332 3145 365 3193 et
379 3128 478 3194 altero
494 3151 522 3192 v.
539 3134 655 3208 θνητοῖς
668 3127 753 3211 χάρις
772 3127 879 3209 habet)
899 3146 926 3192 2.
945 3145 994 3211 25.
1010 3126 1064 3212 qui
1087 3127 1118 3189 in
1141 3127 1246 3214 priore

145 3255 234 3296 versu
258 3238 380 3314 βροτοῖς
405 3255 463 3320 pro
486 3231 576 3310 πάνυ,
600 3230 680 3294 sicut
704 3232 754 3295 M.
770 3231 813 3294 N.
835 3230 890 3317 qni
915 3229 1007 3292 etiam
1031 3228 1129 3291 altero
1153 3251 1245 3294 versu

145 3341 260 3415 θνητοῖς
282 3357 340 3422 pro
361 3343 494 3418 βροτοῖς,
513 3348 549 3398 ut
568 3333 655 3398 Flos.
676 3354 726 3398 ιο.
743 3352 793 3398 21.
832 3331 943 3396 Lectio
956 3330 1077 3395 Aldina
1091 3331 1244 3395 estetinns

144 3438 176 3502 in
193 3440 299 3503 Havn.
316 3438 401 3503 Flor.
417 3459 471 3525 33.
486 3438 544 3503 nisi
558 3437 645 3525 quod
668 3437 718 3502 hic
740 3439 773 3500 ἐκ
795 3442 847 3500 τοῦ
862 3436 987 3502 σκότους
1007 3459 1040 3498 τε
1058 3432 1172 3515 (voluit
1184 3436 1243 3517 τοι)

145 3542 290 3624 νυκτέρων
305 3541 510 3623 ἀσπασμάτων
525 3541 629 3607 habet.
666 3542 775 3605 Havn.
792 3538 882 3604 etiam
906 3563 939 3602 τε
961 3551 993 3602 et
1015 3542 1191 3619 νυκτερινῶν
1209 3534 1244 3600 τ’.

146 3646 185 3709 In
212 3645 313 3732 priore
335 3667 428 3709 versu
454 3643 606 3710 consentit
627 3643 719 3708 etiam
744 3642 831 3707 Flor.
854 3645 883 3706 6.
908 3640 963 3705 sed
987 3639 1028 3705 ab
1054 3639 1114 3704 alia
1137 3660 1245 3718 mann,

143 3770 334 3834 quamquam
359 3746 503 3834 antiquo,
525 3770 598 3834 quae
623 3759 756 3811 veterem
782 3744 944 3810 lectionem
968 3765 1040 3808 cum
1066 3742 1150 3806 edits
1173 3765 1246 3807 oon-

142 3867 306 3935 gruentem
322 3865 498 3915 transverso
511 3849 630 3914 calamo
644 3848 770 3914 delevit.
810 3851 849 3913 In
867 3862 1000 3934 utraque
1013 3845 1143 3910 lectione
1157 3859 1244 3924 sunt,

143 3974 215 4038 quae
234 3951 406 4017 offendent.
452 3953 493 4016 In
509 3951 629 4016 Aldina
645 3951 850 4032 ἀσπασμάτων
873 3973 936 4014 uno
954 3949 1116 4036 inteq‘ecto
1131 3970 1176 4012 vs.
1194 3971 1245 4013 ne·

143 4055 274 4142 petitum
301 4056 368 4142 jam
397 4054 593 4119 Brunckium
620 4053 699 4117 male
725 4053 853 4127 habuit;
878 4075 980 4139 neque
1011 4054 1086 4132 ὁμσῦ
1113 4077 1146 4117 τε
1170 4051 1245 4116 seni

143 4171 255 4245 potest.
303 4160 341 4222 In
357 4157 456 4222 altero
469 4180 544 4221 vero
559 4155 689 4220 lectione
702 4155 782 4220 πάνυ
797 4153 875 4219 nulli
896 4155 939 4218 rei
954 4153 1081 4218 inservit
1096 4171 1127 4217 et
1142 4154 1245 4218 versui

144 4275 265 4325 tantum
286 4259 472 4347 complendo
491 4259 603 4324 idonea
620 4273 678 4335 est,
695 4272 731 4322 ut
751 4272 833 4322 recte
854 4256 1032 4321 observavit
1055 4255 1244 4321 Brunckius.

144 4365 226 4428 Nam
242 4386 345 4450 neque
359 4362 438 4428 πάνυ
451 4365 588 4444 μεγίστη,
604 4382 707 4448 neque
728 4359 806 4425 πάνυ
828 4362 972 4443 γίγνεται,
988 4382 1090 4445 neque
1103 4364 1163 4422 τῶν
1178 4383 1246 4422 νυκ·

143 4465 236 4548 τέρων
257 4465 337 4532 πάνυ
358 4466 504 4547 φίλτρων,
519 4464 606 4551 quod
630 4485 728 4527 unum
750 4479 879 4551 propter
900 4462 1002 4527 locum
1027 4461 1145 4525 voculae
1162 4460 1246 4539 licet,
