2864 4914
187 279 252 342 teo
548 269 924 340 ANNOTATIONES

231 448 305 533 756.
321 444 432 530 θέλων]
450 451 570 527 φρονῶν
584 443 782 510 Plutarchus.

231 563 305 633 737.
319 549 356 612 τό
369 545 394 610 τ’
411 546 578 611 Hesthius
601 543 660 611 τότ’
676 545 756 611 libri.

231 649 306 734 738.
323 651 538 737 Opponuntur
552 650 587 712 τό
600 673 634 713 τε
642 645 756 730 Ἀργος
770 659 802 711 et
816 645 902 710 οὗτοί
911 668 956 707 τε.
983 642 1097 729 Itaque
1112 638 1197 705 οέποέ
1211 649 1295 703 sunt

186 750 209 815 ii
223 750 279 838 qui
293 750 499 838 expeditionis
513 763 656 815 auctores
670 763 768 814 erant.
792 746 983 812 MATTH.

232 868 305 936 739⁶
321 852 369 940 τε]
385 851 592 916 scribendum
607 877 644 934 γε
658 873 729 916 σοντι
745 849 926 936 Lentingio.

231 967 305 1038 745.
321 954 502 1020 ἐντείνοντες
515 951 644 1016 codices.
669 954 849 1019 ἐκτείνοντες
862 948 943 1015 Ald.

231 1055 270 1122 ὣς
283 1051 363 1119 Ald.
386 1057 438 1118 τοῦ
450 1052 581 1118 oodioes.

231 1169 304 1239 747.
320 1160 380 1222 τοῖς
394 1156 427 1218 δέ
441 1153 625 1238 πρόγμασιν]
644 1152 735 1218 Idem
750 1166 808 1231 est,
819 1151 905 1239 quod
920 1150 988 1216 aliis
1003 1149 1107 1215 verbis
1121 1143 1296 1213 Hesiodus

186 1253 278 1337 dixit,
293 1262 397 1322 παθῶν
412 1256 445 1322 δέ
458 1281 492 1322 τε
506 1255 608 1336 νήπιος
623 1255 709 1338 ἔγνω.
724 1255 788 1342 Op.
803 1266 835 1318 et
849 1254 891 1317 D.
907 1275 938 1317 v.
955 1252 1027 1320 218.
1050 1251 1200 1316 MUSG.

230 1376 303 1443 749.
342 1356 537 1442 καθαιρεῖσθ]
576 1353 732 1440 καθαιρεῖτ’
763 1353 984 1420 ΜατΙιΙαοόοο.
1022 1357 1213 1435 καθαιρεῖσθε
1249 1353 1296 1416 τὸ

185 1459 345 1542 πράγματα
365 1458 552 1547 interpretor
566 1482 628 1523 non
650 1458 802 1534 evertitis,
818 1455 872 1520 sed
880 1457 1027 1542 feliciter
1047 1455 1196 1540 conficere
1216 1461 1295 1517 sttr-

187 1561 277 1627 dett'r.
300 1562 422 1627 Herod.
440 1577 470 1646 7.
484 1578 536 1647 5ο.
551 1560 672 1644 μεγόλα
685 1562 743 1643 γαρ
764 1557 922 1641 πρήγματα
939 1556 1100 1640 μεγάλοισι
1121 1554 1293 1619 κινδύνοισι

187 1662 287 1729 ἐθέλει
302 1664 517 1746 καταιρέεσθαι,
534 1663 589 1728 ubi
603 1662 666 1727 vid.
676 1661 811 1727 Wessel.
836 1659 926 1725 Idem
939 1666 972 1745 93
983 1675 1037 1744 35.
1052 1659 1127 1724 οὕτω
1141 1657 1178 1737 δὴ
1190 1655 1293 1724 πέντε

187 1771 245 1845 σφι
265 1766 482 1843 μαντευόμενος
507 1763 625 1847 ἀγῶνος
645 1761 713 1830 τοὺς
734 1763 893 1844 μεγίστους
911 1758 1083 1840 Τισαμενός
1104 1760 1121 1822 d
1144 1755 1292 1833 Ἠλεῖος.

186 1867 348 1946 γενόμενος
370 1863 563 1945 Σπαρτιήτης,
590 1862 806 1947 ονγκαταιρέει,
831 1862 1017 1947 adfilicem
1039 1868 1185 1926 eventum
1204 1879 1291 1946 per·

186 1965 291 2040 duait,
306 1987 365 2052 pro
379 1988 444 2051 qno
457 1965 502 2030 ib.
515 1985 568 2051 33.
589 1978 636 2029 est
651 1966 847 2047 ἀναιρεῖσθαι.
891 1962 978 2027 Ηίοο
1001 1961 1098 2049 Soph.
1114 1960 1195 2026 OEd.
1212 1958 1294 2025 Col.

189 2064 283 2145 1148.
305 2067 385 2134 ὅπως
397 2070 454 2147 μὶν
468 2066 510 2131 ὅδ’
526 2068 608 2148 ἀγὼν
622 2063 721 2154 ᾐρέθτγ.
767 2064 818 2129 Sic
839 2065 961 2152 explico
982 2062 1076 2129 Pind.
1091 2062 1142 2128 01.
1160 2081 1214 2143 10,
1232 2076 1292 2148 75.

186 2165 447 2250 ἀγώνιον-εὖχος
461 2168 538 2254 ἔργῳ
554 2168 698 2232 καθελόν.
722 2167 912 2231 ΜΑΤΤΗ.

229 2282 304 2354 752.
321 2270 398 2354 δορὶ]
416 2269 502 2351 δορὸς
518 2270 730 2333 Hermannus.

231 2384 305 2455 754.
325 2371 405 2448 Qum
427 2368 524 2434 hicet
543 2369 574 2433 in
596 2368 798 2456 sequentibus
811 2368 941 2433 Adrasti
964 2381 1046 2447 sunt,
1062 2365 1157 2431 choro
1172 2365 1292 2435 tribuit

186 2468 266 2539 Ald.
304 2472 488 2536 Correctum
503 2494 542 2535 ex
558 2472 586 2535 F
587 2469 644 2535 lor.
662 2491 690 2536 1.
707 2489 738 2535 2.

231 2572 329 2657 οὕνεχ’
346 2575 443 2661 ἁγὼν]
461 2571 555 2637 οὕνεκ’
572 2575 653 2655 ἀγὼν
667 2572 749 2651 libri,
765 2572 822 2637 nisi
836 2572 922 2660 quod
937 2573 1059 2637 οὕνεκεν
1074 2571 1158 2635 Flor.
1181 2590 1209 2635 1.
1228 2588 1265 2637 2.

231 2688 305 2759 755.
320 2675 388 2739 ὅσοι
402 2676 452 2759 γε]
471 2677 509 2743 ὥς
524 2677 588 2758 οἵγε
603 2673 681 2741 Ald.
696 2688 728 2739 et
742 2698 800 2761 pro
814 2674 900 2738 varin
913 2672 983 2739 leot.
999 2673 1085 2739 Flor.
1102 2692 1132 2741 2.

229 2778 336 2859 λόχοις
351 2775 506 2839 Reiskius.
530 2779 629 2855 δόμοις
643 2775 723 2842 libri.

231 2879 305 2960 756.
322 2875 520 2962 κεκμηκότων]
538 2877 671 2940 Homer.
688 2879 850 2957 καμόντων,
865 2876 886 2938 i.
902 2899 930 2941 e.
946 2878 1107 2940 θανόντων.
1123 2875 1272 2941 BARN.

231 2977 304 3062 758.
322 2975 504 3057 τούκεῖθενῆ
520 2978 677 3042 τούνθένδε
687 2981 710 3062 ;]
729 2979 786 3041 Er
800 2979 868 3054 tua,
880 3000 924 3040 an
935 2999 975 3041 er
988 2978 1047 3040 Ιιαο
1058 2978 1177 3063 porte?
1199 2974 1291 3042 ultra

186 3101 227 3142 sn
243 3078 343 3143 citra?
367 3078 432 3142 Hic
452 3078 540 3143 locus
554 3078 652 3144 videri
674 3094 776 3167 potest
793 3101 875 3142 unns
891 3102 930 3142 ex
950 3078 987 3143 iis
1008 3077 1170 3164 inquibus
1191 3075 1291 3142 hodi·

187 3179 254 3243 erni
269 3178 397 3244 lectores
411 3180 576 3268 Euripidis
590 3180 747 3245 offendere
766 3203 941 3268 possumus,
957 3181 1038 3244 forte
1058 3201 1119 3243 non
1143 3178 1216 3244 sutis
1239 3203 1290 3245 as-

187 3297 438 3367 sequentesque
468 3297 571 3346 mente
601 3298 850 3368 proponerentur
874 3281 1056 3367 hujusmodi
1085 3280 1289 3368 quaestiones,

188 3405 260 3468 quae
274 3382 390 3447 idcirco
403 3383 504 3460 nobis,
519 3384 559 3447 ab
574 3383 639 3447 istis
653 3383 846 3470 temporibus
860 3397 922 3446 tum
939 3382 1031 3469 longe
1045 3382 1169 3461 dissitis,
1182 3383 1292 3469 primo

186 3482 303 3546 intuitu
321 3505 444 3570 ραιτιιιι
465 3484 508 3546 od
529 3506 596 3547 rem
624 3484 661 3567 (si
685 3484 728 3549 ita
749 3483 835 3570 loqui
857 3483 977 3567 fassit)
1002 3506 1085 3547 nuno
1106 3483 1288 3554 videnntur.

189 3583 251 3646 Sed
267 3583 345 3646 ratio
360 3582 465 3670 aliqua
478 3583 559 3648 forte
574 3584 742 3669 excogitari
764 3599 879 3670 potest,
894 3607 992 3671 quare
1012 3585 1169 3648 Adrastus
1190 3584 1291 3650 inter-

187 3699 321 3767 rogaret,
346 3698 453 3748 utrum
475 3684 569 3748 turba
594 3683 727 3748 militum
751 3686 818 3771 ejus
842 3701 1036 3750 mortuorum
1063 3684 1186 3770 sepulta
1205 3703 1292 3754 esset

187 3784 275 3846 tdtra
292 3805 336 3846 αιι
358 3786 440 3847 citro
455 3784 684 3858 Cithaeronem3
709 3800 741 3849 et
755 3810 853 3872 quare
867 3788 963 3851 Jason
983 3785 1088 3868 (Med.
1107 3790 1212 3871 1312.)
1231 3812 1292 3853 nu-

187 3883 254 3948 dita
275 3884 361 3949 caede
382 3884 516 3948 filiorum
539 3910 557 3948 a
581 3900 678 3949 matre
702 3886 946 3965 interfectorum,
969 3888 1001 3950 in
1023 3887 1157 3951 maximo
1182 3889 1289 3971 luctu,

187 3986 291 4049 statim
307 3999 473 4071 quaereret,
493 3985 630 4050 Ubinam
644 4009 696 4050 eos
711 3986 886 4052 interfecit?
909 3991 1046 4066 intusne,
1062 4012 1106 4053 un
1122 3999 1215 4054 extro
1235 3995 1292 4058 do-

187 4089 298 4148 mum?
322 4085 383 4149 Sed
400 4085 478 4171 qnid
494 4086 660 4150 dicendum
683 4101 730 4151 est
748 4089 787 4152 de
802 4091 926 4176 Agave,
943 4090 1076 4172 (Bacch.
1097 4092 1204 4176 1289.)
1221 4096 1287 4175 cui,

188 4186 331 4250 trementi
347 4186 387 4249 de
402 4209 476 4250 neoe
492 4187 544 4250 filii
561 4188 608 4250 sni
625 4188 769 4267 Penthei,
784 4213 882 4276 quum
900 4206 988 4277 pater
999 4194 1127 4279 Agaves
1142 4195 1290 4263 Cadmus

187 4286 326 4365 dixisset,
341 4310 408 4350 eam
431 4288 529 4374 ipsam
552 4288 617 4352 suis
639 4291 781 4355 manibus
803 4291 890 4356 iilum
904 4293 1120 4369 'interfecisse3
1144 4318 1203 4382 pro
1217 4297 1292 4382 eju.

187 4390 254 4452 latu
277 4401 309 4451 et
338 4387 620 4468 lamentationibus,
648 4414 727 4476 quus
756 4392 869 4478 aliquis
896 4409 1099 4482 expectasset,
1127 4394 1181 4462 illa
1209 4397 1290 4463 satis
