2864 4914
157 270 225 339 460
520 271 901 338 ANNOTATIONES

160 442 249 530 sequi
270 441 424 508 debuerat
445 440 620 527 ανέψυχονι
644 465 729 508 nunc
750 457 856 510 sutem
879 464 980 530 quum
1000 443 1213 528 ἃναψύχσυσι
1235 465 1286 507 se-

160 561 290 633 quatur,
306 566 438 631 pravum
459 557 506 608 est
525 559 559 609 et
580 544 712 610 barbare
732 568 792 633 pro
807 546 908 627 ἐπειδή
929 543 1077 633 positum.
1127 543 1233 624 Quod
1256 543 1285 609 si

159 648 242 713 forte
256 646 299 712 sic
312 645 454 710 ordinem
469 645 637 711 verborum
659 646 820 714 instituas:
842 671 880 713 ac
893 670 968 713 saue
981 645 1223 713 Marklandum
1247 645 1283 711 id

159 750 263 816 facere
281 747 390 812 video:
415 745 484 812 ἀλλ’
508 749 630 830 εὔρυτον
650 752 731 830 παρὰ
754 749 863 832 κρήνην
883 751 1078 834 ἂναψΰχουσι
1098 748 1217 830 βόσιν·
1241 752 1284 818 ὧι

160 854 277 933 μακρὸν
291 850 422 915 ἔπεινοντ
447 848 614 914 difficulter
627 850 775 916 orationis
791 866 856 916 tam
875 851 1012 917 absurde
1031 851 1171 918 inversae
1193 850 1280 918 alte·

160 975 232 1018 rum
251 952 430 1039 exemplum
449 952 613 1018 inveneris.
658 954 785 1042 Quippe
806 953 1058 1020 enunciationum
1080 952 1128 1019 sic
1151 976 1215 1042 per
1237 957 1281 1023 ris

160 1055 357 1144 particulam,
372 1077 448 1119 nam
462 1054 697 1142 significantem,
712 1080 905 1122 annexarum
927 1056 996 1123 baec
1016 1072 1137 1122 aeterna
1154 1071 1189 1122 et
1213 1055 1279 1120 im-

162 1156 322 1222 mutabilis
342 1155 394 1221 lex
411 1169 459 1222 est
474 1171 510 1222 ut
524 1180 577 1221 eas
590 1180 725 1244 quarum
747 1157 898 1224 rationem
920 1158 1055 1224 reddant
1068 1181 1277 1247 consequan-

161 1274 227 1340 tur,
241 1280 303 1323 nou
318 1272 354 1323 ut
369 1272 559 1347 praepostere
572 1259 767 1326 antecedant.
814 1260 952 1327 Omnino
965 1274 1033 1327 tota
1045 1260 1146 1349 hujus
1160 1260 1278 1327 nuncii

161 1360 300 1426 narratio
319 1358 388 1425 talis
409 1374 456 1425 est
472 1374 507 1425 ut
526 1359 667 1448 desipere
687 1383 760 1426 eum
783 1361 882 1451 magis
895 1384 991 1449 quam
1013 1385 1124 1451 sapere
1144 1364 1277 1428 credas.

162 1464 258 1530 Adeo
271 1461 403 1543 tumide,
415 1461 555 1538 confuse,
570 1461 675 1549 inepte
690 1463 840 1550 loquitur.
885 1465 970 1543 Quid
984 1465 1067 1531 enim
1080 1465 1163 1531 illud
1178 1466 1279 1554 quod

163 1566 271 1653 incipit
284 1563 309 1629 ab
322 1563 532 1644 Πανελλήνων
552 1566 627 1644 ἅναξ
648 1563 849 1648 Ἀγάμεμνον,
864 1568 924 1648 ἥκω
945 1573 1038 1634 παῖδα
1058 1568 1108 1632 col
1130 1569 1190 1649 τήν
1213 1570 1279 1650 σὴν

158 1671 271 1752 aron?
294 1666 473 1753 conjiceres
493 1688 533 1730 ex
554 1666 603 1731 bis
624 1667 821 1755 Iphigeniam
840 1692 913 1734 eum
928 1692 995 1734 esse
1015 1669 1047 1734 in
1069 1692 1198 1736 scenam
1224 1696 1277 1737 se·

161 1784 314 1857 quutam:
338 1783 372 1832 at
392 1766 446 1831 illa
468 1767 570 1832 multo
594 1782 665 1855 post
690 1769 817 1834 demum
842 1772 872 1834 in
898 1794 964 1835 eam
985 1770 1173 1859 ingreditur.
1224 1777 1278 1840 At

163 1871 285 1958 inquiat
298 1869 422 1957 aliquis,
437 1871 520 1952 ἄγον
533 1892 596 1933 non
610 1885 658 1935 est
671 1871 731 1936 linc
745 1875 919 1937 inaceriam
940 1872 1074 1954 adduco,
1089 1874 1146 1939 sed
1163 1877 1279 1965 Argis

161 1977 200 2039 ιἰι
210 1983 327 2039 coena.
350 1974 437 2036 Bene
451 1994 534 2037 sane.
562 1972 664 2038 Modo
678 1997 718 2038 ne
732 1974 783 2039 hic
796 1976 939 2054 nuncius,
955 1999 1052 2041 verna
1066 1977 1154 2042 baud
1169 1979 1278 2044 dubie

162 2091 196 2143 et
209 2076 272 2141 vile
293 2075 495 2162 mancipium,
510 2097 613 2139 comes
634 2075 848 2164 potiusquam
864 2077 931 2142 dux
953 2078 1072 2143 itineris
1085 2094 1179 2158 esset,
1194 2082 1277 2168 qui·

163 2203 227 2268 que
255 2178 397 2244 dominas
425 2201 498 2243 suas
525 2177 625 2264 magis
653 2194 836 2265 sequeretur
864 2179 930 2267 ipse
959 2203 1052 2269 quam
1082 2182 1134 2246 hae
1162 2182 1275 2251 illum.

163 2285 267 2362 Quam
283 2281 379 2347 stulta
393 2302 488 2369 porro
502 2295 534 2344 et
548 2280 681 2367 insipida
696 2296 770 2346 sunt
792 2280 863 2346 illa:
888 2284 947 2366 tyn
969 2288 1002 2347 bl
1023 2285 1192 2366 πρόδρομος
1215 2292 1278 2367 σῆς

163 2389 351 2467 παρασκευῆς
370 2382 461 2467 χάριν
484 2384 554 2463 ἥκω·
576 2382 725 2448 πέπυσται
749 2387 807 2467 γὰρ
832 2384 969 2466 στρατὸς,
991 2391 1099 2470 παχεῖα
1122 2388 1158 2450 δὲ
1183 2388 1278 2477 διῇξε

164 2487 257 2570 φήμη,
273 2492 365 2552 παῖδα
379 2487 437 2566 σὴν
453 2485 631 2569 ἀφιγμένην·
652 2492 711 2555 πᾶς
725 2489 751 2551 δ’
766 2490 797 2556 lc
812 2486 886 2554 θέον
899 2490 1003 2569 ὅμιλος
1021 2489 1142 2572 ἔρχεται
1156 2493 1275 2578 δρόμῳ.

164 2592 281 2655 Fateor
296 2590 441 2677 equidem
456 2612 506 2653 me
520 2589 670 2675 imparem
685 2612 750 2653 esse
763 2589 958 2676 assequendo
972 2591 1082 2654 harum
1098 2593 1277 2659 sententia-

164 2715 234 2757 rum
250 2693 364 2758 nexui:
387 2693 538 2779 praecuni
552 2715 611 2778 ego
626 2705 661 2755 ut
676 2709 707 2756 te
718 2714 925 2779 praepararem
941 2692 986 2776 (in
997 2695 1169 2757 adventum
1180 2694 1274 2777 liliae,

164 2794 270 2878 credo)
283 2819 291 2859 :
315 2817 387 2858 nam
403 2808 489 2858 totus
502 2793 657 2858 exercitus
676 2794 836 2859 advenisse
849 2818 916 2859 eam
931 2795 1083 2882 comperit
1095 2809 1127 2860 et
1143 2812 1275 2882 specta-

164 2911 233 2961 tum
248 2896 414 2961 concurrit.
460 2897 611 2960 Facetum
634 2897 693 2961 hoc
707 2896 834 2982 quidem
854 2911 917 2962 est:
941 2897 967 2961 si
988 2896 1151 2962 advenisse
1174 2898 1275 2985 Iphi·

164 2999 288 3087 geniam
303 2998 457 3062 exercitus
471 2997 667 3063 inaudiverat
682 3013 714 3063 et
728 3022 784 3086 per
799 3013 865 3064 tota
878 3012 978 3065 castra
992 3000 1033 3065 nd
1048 3023 1115 3065 eam
1130 3023 1274 3067 concur-

164 3101 265 3181 rebat,
296 3101 367 3166 ideo
396 3101 628 3189 Agamemnoni
663 3101 817 3165 adventus
846 3103 914 3189 ejus
947 3102 1146 3168 nunciandus
1174 3111 1274 3170 erat?

166 3207 353 3291 Quanquam
376 3203 454 3292 quid
477 3203 570 3268 dico?
597 3203 844 3290 Agamemnonis
865 3210 1052 3287 παρασκευῆς
1072 3204 1163 3289 χάριν
1185 3229 1276 3273 nun-

164 3307 285 3372 clusae
305 3306 467 3370 advenisse
489 3318 605 3370 narrat.
652 3304 692 3368 Id
716 3327 800 3384 vero,
825 3306 850 3369 si
874 3307 940 3370 lieri
965 3321 1077 3393 potest,
1099 3305 1154 3371 illo
1171 3308 1273 3375 etiam

163 3408 332 3475 absurdius
354 3423 412 3474 est.
458 3407 636 3472 Verendum
667 3406 780 3471 scilicet
805 3423 872 3472 erat
894 3432 933 3473 ne
964 3409 1139 3497 Iphigenia,
1167 3434 1272 3497 quam

164 3511 205 3576 ad
228 3511 393 3576 videndam
418 3510 558 3596 undique
579 3523 665 3574 totus
686 3509 840 3574 exercitus
861 3512 1074 3591 concurrebat,
1093 3514 1276 3598 Agamem-

166 3614 238 3678 noni
264 3614 417 3700 imparato
442 3628 474 3678 et
498 3613 608 3699 ignaro
632 3613 862 3700 superveniret:
886 3613 1022 3700 ideoque
1049 3613 1166 3678 nuncio
1191 3615 1274 3682 huic

165 3716 432 3803 praecurrendum,
448 3738 487 3780 ne
501 3730 591 3803 pater
604 3715 775 3781 adventum
789 3718 858 3804 ejus
872 3717 1014 3781 nesciret.
1046 3718 1147 3781 Estne
1162 3733 1200 3782 ut
1216 3718 1275 3784 hic

164 3820 299 3885 nuncius
318 3841 380 3883 non
402 3819 507 3884 furere
527 3821 620 3906 plane
641 3844 677 3883 ac
697 3819 828 3884 delirare
849 3819 1015 3884 videatur?
1039 3818 1168 3884 Nullam
1190 3843 1274 3907 pro·

164 3923 247 3988 fecto
260 3922 410 3988 rationem
429 3922 519 3987 video
533 3946 597 4009 qun
611 3936 666 3987 aut
680 3921 739 3986 boc
753 3936 808 3987 aut
822 3921 928 3985 omnia
942 3922 994 3986 illa
1007 3945 1080 4010 quae
1101 3922 1275 4010 hucusque

164 4026 364 4114 coarguimus
379 4026 503 4091 defendi
518 4041 647 4113 queant.
692 4026 761 4090 Nec
782 4026 859 4089 mihi
874 4026 1002 4113 quidem
1024 4027 1146 4091 animus
1164 4040 1212 4090 est
1232 4052 1275 4094 ea

164 4153 325 4195 excusare.
370 4131 487 4194 Totam
513 4129 594 4194 enim
621 4128 726 4193 nuncii
752 4129 922 4193 orationem
949 4129 1094 4215 putidum
1120 4143 1151 4193 et
1178 4132 1274 4216 quod

164 4233 330 4320 Euripidis
352 4255 464 4297 nomen
486 4254 522 4297 ac
544 4232 658 4296 famam
674 4231 793 4296 diutius
808 4232 996 4296 contaminet
1009 4231 1175 4318 indignum
1199 4255 1274 4296 em-

164 4335 268 4400 blema
288 4335 471 4422 pronuncio.
519 4336 599 4399 Inde
620 4336 765 4421 estquod
780 4335 875 4399 verba
898 4334 1036 4398 Menelai
1059 4332 1161 4397 medio
1184 4333 1275 4401 forte

165 4461 256 4503 versu
271 4437 441 4502 desinentia
455 4439 563 4520 φίλους
578 4436 622 4502 ἐπ’
639 4439 761 4512 ἄλλους,
777 4436 828 4502 ille
843 4437 947 4502 medio
961 4437 1053 4502 etiam
1069 4434 1186 4525 excipit
1197 4459 1274 4502 ver-
