2864 4914
199 288 267 356 nst
564 288 942 356 ANNOTATIONES

245 458 514 550 snunff

242 565 317 648 378.
341 565 442 645 πολλή
464 565 507 650 γ’]
535 563 741 629 Soribendum
764 562 867 644 πολλή
889 562 918 643 μ’
944 584 1015 628 oum
1040 559 1191 626 Monhio:
1228 578 1301 623 narn

199 665 382 754 pronomine
398 667 497 754 magis
511 690 592 754 opus
606 681 651 731 est
666 690 761 754 quam
780 665 933 755 particula
946 663 1009 730 illa.

242 768 319 853 389.
334 768 459 852 χαίρετ’,
469 767 508 854 ὦ]
525 769 653 853 χαιρέτω
668 771 761 833 Lasc.
777 767 856 834 Ald.

242 889 317 956 390.
333 867 389 953 εἶμ’
406 870 579 958 typothetoe
593 893 697 935 errore
712 870 828 957 legitur
843 893 901 957 pro
917 870 984 950 εἰμ’.

242 992 318 1059 391.
332 976 515 1056 προλείπεις]
532 998 571 1053 με
585 972 708 1039 addunt
722 973 815 1039 etiam
831 972 918 1038 Flor.
933 974 977 1037 A.
996 990 1045 1035 10.
1064 990 1114 1054 15.

241 1095 317 1162 393.
332 1078 366 1141 tat
380 1073 447 1162 μοι]
464 1077 497 1140 ίό
511 1102 563 1157 μοι
576 1102 626 1157 μοι
642 1077 734 1141 Lasc.
758 1079 792 1141 ίό
805 1102 856 1157 μοι
870 1077 906 1156 δὴ
923 1077 1009 1141 Flor.
1023 1077 1068 1140 A.
1085 1093 1133 1138 ιο.
1149 1091 1200 1157 15.
1227 1073 1301 1134 Non

199 1200 281 1266 opus
296 1177 437 1243 Elmsleii
451 1179 631 1262 oonjeetura
646 1180 679 1244 lh
695 1181 738 1243 ἰό.

242 1300 318 1367 394.
340 1281 597 1368 βέβακεν-ἁλίη
619 1294 652 1346 et
670 1281 701 1345 in
717 1281 913 1368 antistropho
927 1300 1001 1364 407.
1016 1277 1303 1360 μονόστολοςω-πα-

200 1383 261 1449 θόν
277 1407 340 1449 uno
355 1408 446 1449 versu
462 1383 673 1463 scribendum,
689 1383 744 1470 qui
760 1407 799 1448 ex
814 1382 948 1448 dimetro
962 1381 1095 1446 iambico
1109 1397 1141 1445 et
1155 1378 1302 1444 dochmio

198 1502 246 1550 est
260 1488 460 1574 compositus.

241 1605 318 1675 395.
342 1591 382 1653 In
404 1589 605 1654 annotatione
628 1612 686 1677 pro
708 1591 817 1676 *18λίῳ
840 1589 950 1653 A.H.”
973 1587 1170 1654 scribendum
1195 1587 1301 1671 “ἡλόρ

199 1694 292 1757 A.H.
307 1705 339 1757 et
351 1690 525 1757 Florentini
540 1691 633 1756 duo.”

242 1816 318 1881 399.
333 1794 440 1879 χέρας]
456 1801 560 1878 χεῖρας
574 1796 660 1859 Flor.
679 1814 707 1860 2.
725 1796 816 1860 Lasc.

242 1917 317 1976 400.
333 1896 389 1960 Ab
404 1895 556 1961 ‹bnovum
572 1920 696 1961 versum
711 1897 821 1985 incipit
836 1895 913 1961 Ald.

241 2019 317 2085 403.
340 1999 486 2065 νεοσσοὺς
507 1997 547 2062 de
568 1999 675 2064 liberis
695 1998 797 2063 dicere
818 1998 965 2064 amabant
984 1995 1104 2083 tragici.
1141 1995 1213 2061 Vid.
1230 1998 1301 2059 An-

199 2100 300 2167 drom.
315 2121 390 2185 442.
401 2099 444 2166 Ἠ
469 2102 518 2166 καὶ
539 2101 670 2166 νεοσσὸν
691 2099 768 2166 τόνδ’
790 2102 850 2166 tisri
872 2106 987 2182 πτερῶν
1000 2099 1141 2173 ordonn
1167 2098 1239 2185 Iph.
1256 2101 1301 2164 A.

202 2205 296 2288 1258.
311 2202 350 2270 Ὀ
364 2206 421 2286 μὶν
436 2201 563 2271 νεοσσός
586 2206 679 2283 ἐστιν,
694 2205 713 2284 ἡ
727 2202 752 2268 δ’
768 2203 923 2284 ηὐξημένη.
959 2202 1088 2267 Herael.
1106 2220 1178 2281 240.
1202 2204 1301 2265 Hero.

200 2306 239 2371 F.
257 2324 329 2393 223.
346 2309 420 2393 984.
456 2307 542 2372 Citat
559 2305 747 2372 Wakefield.
764 2306 876 2370 AEsoh.
894 2304 1037 2393 Choeph.
1053 2304 1128 2389 498.
1144 2305 1202 2368 Καὶ
1216 2301 1300 2383 τῆσδ’

199 2409 329 2474 ἄκουσον
350 2411 487 2474 λοισθίου
507 2414 593 2492 βοῆς,
616 2409 718 2492 πάτερ,
740 2409 826 2474 Ἰδὼν
844 2408 990 2475 νεοσσοὺς
1014 2405 1113 2472 τούσδ’
1135 2406 1301 2489 ἐφημένους

199 2510 294 2596 τόφφ.
329 2513 481 2578 Conferas
494 2513 586 2578 etiam
602 2513 699 2579 nostri
718 2514 797 2578 Ττο.
814 2527 887 2598 752.
906 2514 1001 2575 Herc.
1017 2511 1054 2573 F.
1072 2527 1124 2593 72.
1148 2510 1299 2574 MONK.

241 2633 316 2696 407.
338 2616 538 2699 μονόστολος]
565 2617 618 2680 Ita
631 2638 736 2680 vocem
752 2614 880 2703 exponit
894 2612 1067 2678 scholiasta.
1092 2612 1150 2676 ἀπὸ
1164 2621 1299 2694 μεταφο-

198 2720 253 2798 ρᾶς
268 2723 325 2780 τῶν
338 2716 625 2797 μονοστελλομένων
638 2721 760 2782 πλοίων.
791 2719 977 2798 μονόστολος
998 2717 1052 2781 οὖν
1071 2716 1136 2779 ἀντὶ
1155 2719 1208 2780 τοῦ
1229 2715 1298 2797 ἔρη-

199 2846 262 2900 μος.
286 2821 402 2884 Noster
414 2820 527 2884 Phoen.
541 2837 558 2904 7
561 2841 612 2904 54.
627 2823 816 2902 μονοστόλου
828 2823 923 2903 δορός.
947 2823 1094 2885 Ceterum
1111 2819 1300 2884 constnrctio

201 2922 366 2987 verborum
382 2923 490 2988 eadem
513 2924 544 2987 in
568 2925 659 2988 Med.
674 2944 729 3009 51.
747 2929 816 2991 Πῶς
837 2928 893 2987 σοῦ
913 2925 989 3004 μόνη
1005 2924 1122 3003 Μήδεια
1140 2926 1300 2986 λείπεσθαι

201 3025 302 3100 θέλει;
327 3027 496 3114 utrobique
509 3027 666 3116 genitivus
685 3028 801 3116 pendet
815 3050 835 3092 a
849 3026 945 3091 verbo
959 3028 1127 3091 λείπεσθαι.
1148 3027 1298 3090 ΜΟΝΚ.

241 3148 317 3210 410.
331 3133 432 3217 κούρα]
452 3134 525 3214 κόρα
539 3131 618 3196 Ald.

243 3253 318 3314 412.
334 3234 454 3299 ἀνόνατ’
470 3233 605 3320 ἆνόνοό]
624 3234 740 3315 ἀνόνητ’
757 3231 874 3312 ἀνόνητ’
892 3231 969 3298 Altl.

242 3357 318 3422 413.
334 3337 410 3415 τόδ’]
429 3337 489 3425 τῇδ’
506 3337 593 3401 Flor.
610 3353 657 3423 15.
688 3336 753 3422 τῷδ’
771 3336 859 3400 Flor.
877 3354 905 3402 2.
924 3335 1015 3399 Lasc.

243 3457 318 3520 424.
334 3441 460 3527 παιᾶνα]
479 3443 579 3504 Παιὰν
593 3439 633 3504 de
647 3439 760 3525 quovis
773 3438 902 3525 hymno,
917 3437 1009 3501 etiam
1024 3437 1079 3525 qui
1095 3438 1155 3501 diis
1169 3438 1298 3502 infernis

198 3539 408 3621 accinebatur,
424 3541 542 3606 dictum
557 3557 615 3618 est,
631 3555 759 3606 notante
774 3542 950 3607 Abreschio
964 3541 1004 3605 ad
1028 3541 1138 3605 AEsch.
1153 3542 1297 3628 Choeph.

203 3662 276 3725 149.
295 3644 432 3726 (Παιᾶνα
444 3649 496 3708 τοῦ
513 3647 657 3711 θανόντος
679 3644 904 3725 ἐξαυδωμένας.)
923 3643 975 3707 ubi
992 3667 1114 3708 versum
1131 3643 1299 3708 Alcestidia

199 3744 274 3810 citat
297 3744 468 3811 scholiasta.
514 3745 606 3810 Dixit
628 3746 725 3833 igitur
750 3746 924 3832 AEschylus
949 3746 1052 3810 Theb.
1076 3748 1150 3811 866.
1176 3750 1250 3833 Αόδῃ
1273 3750 1300 3812 τ’

199 3846 331 3932 Ἐχθρὸν
351 3847 451 3913 παιᾶν’
467 3849 653 3930 ἐπιμέλπειν.
688 3851 806 3936 Agant.
827 3853 900 3933 654.
924 3849 1039 3930 Πρέπει
1060 3851 1165 3932 λέγειν
1185 3855 1298 3915 παιᾶνα

199 3949 278 4015 τόνδ’
300 3949 473 4032 Ἐριννύων.
511 3953 627 4016 Noster
652 3953 730 4015 Tro.
752 3952 829 4036 582.
852 3952 894 4015 Τί
909 3951 1010 4015 παιᾶν’
1034 3953 1106 4033 έμδν
1128 3953 1296 4030 στενόζειςς

201 4053 241 4115 In
265 4051 313 4116 his
326 4076 403 4116 vem
416 4067 447 4117 et
461 4052 613 4117 similibus
627 4053 720 4118 oredo
741 4078 796 4141 per
811 4055 1059 4143 euphemistnum
1076 4055 1195 4120 dictum
1212 4080 1295 4121 esse:

199 4171 282 4219 oerte
293 4177 517 4242 nonnunquam
530 4155 609 4220 inter
623 4178 748 4244 paeanas
758 4172 789 4219 et
801 4155 959 4221 luctuosas
971 4159 1087 4222 naenias
1098 4158 1298 4246 distinguunt

199 4272 318 4345 poetae:
343 4258 404 4322 vid.
430 4256 528 4323 Stanl.
552 4257 592 4320 ad
617 4259 977 4347 AEsch.Choeph.149.
1010 4263 1118 4327 Citant
1139 4263 1195 4326 viri
1214 4263 1297 4329 docti

201 4361 299 4425 Hom.
317 4360 358 4425 Il.
373 4367 397 4424 1.
418 4361 488 4445 158.
508 4358 609 4438 Ἀίδης
630 4385 676 4424 τοι
694 4364 858 4447 ἀμείλιχος,
874 4363 916 4442 ἠδ’
935 4364 1116 4445 ἀδάμαστος.
1139 4365 1179 4429 ad
1201 4388 1296 4453 quem

200 4462 303 4528 locum
339 4463 501 4529 scholiasta
529 4465 669 4527 Venetus
702 4478 734 4528 et
764 4465 953 4530 Eustathius
984 4467 1151 4533 oonferunt
1183 4468 1296 4556 fragm.
