2864 4914
187 310 252 379 198
549 307 929 374 ANNOTATIONES

188 495 361 545 tamentunr
382 479 587 568 grammatici,
603 478 658 567 qui
681 501 742 544 non
758 479 884 546 videtur
900 477 1029 544 sensisse
1044 475 1114 544 νέας
1129 473 1216 553 εόιῆς
1229 470 1289 537 sal·

189 598 250 648 tem
266 582 433 647 dicendum
449 583 555 648 fuisse.

231 687 281 771 89.
298 686 358 750 ἐσω
373 685 460 750 Α.Β.
476 685 592 773 aliique
607 684 757 750 nonnulli.
801 686 907 773 Vulgo
922 687 1003 750 είσις.

90 870 92 873 ¹
230 808 283 872 94.
307 787 410 852 Schol.
427 790 618 871 κατασκῆψαι
632 790 664 852 δέ
679 788 745 852 άντὶ
764 793 817 852 τοῦ
835 788 970 870 βλάψαι,
992 787 1052 851 άπὸ
1073 787 1127 848 τοῦ
1148 782 1291 864 κεραυνοῦ

88 951 90 956 s
186 897 239 955 τοῦ
254 895 393 970 σκηπτοῦ.
416 892 491 964 οῖον,
508 896 702 972 κεραυνῶσαι.
747 889 944 976 Hesychius:
979 888 1178 969 κατασκῆψαι.
1203 907 1288 946 κατα

186 1000 318 1074 σπεῖραι.
340 993 564 1081 Interpretatio
577 993 616 1057 sd
634 991 852 1058 κατασκεδάσαι
865 991 1021 1079 pertinere
1034 988 1171 1052 videtur.
1205 987 1287 1050 Rec-

186 1096 249 1160 tius
264 1095 418 1160 Photius:
443 1095 699 1178 κατασιήψαντος.
729 1091 921 1174 ἐμπεσόντος.
948 1094 1065 1158 Noster
1079 1092 1181 1177 Hipp.
1194 1089 1289 1163 1416.
1350 1151 1355 1160 ,

181 1197 310 1263 Ἔσσαν.
333 1199 369 1261 οὐ
383 1201 441 1280 γδρ
455 1199 523 1262 otte
538 1200 593 1280 γῆς
606 1197 663 1262 ὑπὸ
677 1194 771 1279 ζόφου
789 1196 795 1283 Ι
814 1201 883 1265 θεάς
897 1198 994 1277 ότιμοι
1009 1197 1154 1275 Κύπριδος
1170 1195 1204 1257 ἐκ
1218 1215 1289 1272 προ-

187 1302 290 1382 θυμίας
307 1303 315 1384 Ι
333 1302 420 1385 ὀργαὶ
434 1299 682 1383 κατασκήψουοιν
693 1302 736 1367 είς
750 1298 784 1362 τδ
800 1298 857 1363 σόν
870 1299 953 1380 κάρα
978 1296 1162 1362 Herodotus
1175 1313 1203 1376 7.
1217 1312 1288 1378 134.

185 1408 274 1468 Τοῖσι
289 1405 321 1467 δέ
333 1401 376 1468 ὧν
385 1403 645 1482 Λακεδαιμονίοισι
658 1405 744 1482 μῆνις
758 1405 930 1484 κατεσκῆψε
943 1401 1118 1479 Ταλθυβίου
1131 1402 1183 1462 τοῦ
1196 1395 1289 1478 ’sya-

184 1505 331 1587 μέμνονος
347 1505 478 1587 κήρυκος.
515 1503 604 1568 Idem
621 1504 651 1568 8.
667 1506 687 1567 6
687 1519 721 1589 5.
745 1502 912 1585 Δημάρητε,
929 1503 981 1567 οὐκ
996 1503 1060 1568 ἐστι
1074 1503 1148 1568 όκιις
1162 1501 1197 1564 οὔ
1209 1499 1289 1582 μέγα

185 1635 214 1673 τι
229 1611 313 1676 σίνος
329 1607 414 1671 ἔσται
428 1608 464 1688 τῆ
478 1610 628 1687 βασιλῆος
646 1606 913 1688 σπρατίῃ.--καῖ
931 1603 968 1684 ῆν
982 1604 1038 1684 μέυ
1052 1629 1089 1686 γε
1111 1600 1288 1684 κατασκήψῃ

186 1712 218 1777 ἐς
232 1710 286 1790 τῆν
302 1712 550 1788 Πελοπόννησον,
568 1709 701 1774 κίνδυνος
715 1707 792 1793 αότῷ
806 1732 840 1770 τε
852 1705 979 1787 βασιλέϊ
997 1708 1045 1770 καὶ
1064 1706 1099 1786 τῆ
1115 1708 1288 1792 στρατίῃπῆ

186 1814 220 1877 ἐν
234 1816 269 1899 τῇ
285 1812 395 1895 ῆπείριρ
417 1811 512 1874 ἐσται.
558 1809 765 1896 Thucydides
781 1828 811 1874 2.
826 1829 879 1893 49.
902 1808 1084 1890 κατέσκηπτε
1106 1813 1164 1892 γὰρ
1188 1810 1220 1892 (ἡ
1241 1810 1290 1873 νά·

184 1915 253 1994 σος)
271 1914 319 1977 καὶ
335 1915 365 1980 ἐς
379 1916 485 1986 αἰδοῖα,
504 1913 552 1976 καὶ
567 1913 597 1979 ἐς
617 1912 708 1993 άκρας
726 1917 829 1994 χεῖρας
849 1913 897 1976 καὶ
917 1914 1020 1979 πόδας.
1064 1913 1159 1976 Putet
1179 1934 1218 1975 ex
1241 1910 1291 1975 his

183 2013 335 2100 exemplis
350 2013 410 2077 dici
426 2017 617 2097 κατασκῆψαι
632 2017 674 2081 είς
688 2039 755 2078 τινα
768 2030 800 2077 et
815 2016 1009 2097 κατασκῆψαί
1017 2040 1085 2087 τινι,
1096 2030 1133 2077 nt
1146 2015 1291 2093 ἐμπεσεῖν

185 2121 227 2189 είς
242 2142 309 2181 τινα
322 2132 354 2181 et
369 2119 512 2197 ἐμπεσεῖν
526 2142 593 2182 τινι.
639 2118 756 2180 Nostro
771 2115 839 2180 loco
853 2116 1049 2180 scribendum
1067 2115 1207 2203 suspicor
1221 2142 1289 2182 τινι.

185 2218 290 2284 Schol.
304 2218 345 2282 sd
361 2242 389 2280 ν.
406 2236 477 2304 105.
497 2219 721 2306 interpretatur
742 2220 825 2298 δίκην
844 2221 1070 2302 ἐγκατασκῆψαι
1090 2221 1158 2284 τινί.
1203 2221 1289 2285 Con-

183 2320 313 2385 structio
332 2337 398 2385 est:
432 2323 500 2386 οὐδέ
521 2323 668 2386 παύσεται
683 2323 788 2405 χόλου,
804 2322 874 2403 πρὶν
888 2321 926 2386 δυ
941 2320 1119 2403 κατασκήψῃ
1133 2317 1220 2386 τιυίδ
1236 2325 1289 2406 χά-

183 2430 247 2490 λος.
295 2423 345 2486 Sic
371 2423 453 2486 enim
478 2422 559 2486 melo
582 2446 677 2510 quarn
703 2425 773 2505 πρὶν
796 2424 833 2488 δυ
856 2423 927 2502 αὐτῆ
954 2422 1130 2506 κατασκήψῃ
1155 2426 1214 2489 τινὶ
1235 2424 1292 2489 τόν

183 2528 290 2611 χόλον.
335 2526 534 2610 Quamquam
552 2548 591 2589 ne
611 2525 670 2590 hoc
691 2526 818 2612 quidem
841 2525 1024 2590 absurdum.
1070 2527 1186 2590 Noster
1207 2526 1290 2590 infra

183 2649 213 2688 v.
228 2647 320 2711 1300.
341 2628 394 2691 τὸν
412 2629 469 2691 σὸν
492 2627 516 2691 δ’
540 2626 682 2709 άλάσπορ’
706 2631 748 2695 είς
771 2627 815 2708 ἔμ’
839 2628 978 2710 ἐσκῃψαυ
999 2629 1071 2692 θεοί.
1117 2628 1291 2715 AEschylus

185 2727 282 2789 Eum.
300 2730 352 2813 83.
376 2731 458 2808 ὑμεῖς
479 2731 512 2792 δέ
531 2733 568 2815 τῇ
589 2733 628 2810 γῆ
643 2733 709 2808 ιῆδε
723 2730 763 2810 μῆ
777 2731 875 2812 βαρὺν
890 2732 977 2793 κότου
995 2727 1001 2816 Ι
1021 2728 1167 2812 σκήψητε,
1182 2731 1222 2810 μῆ
1237 2736 1289 2795 θυ-

185 2835 309 2910 μοῦσθε,
325 2829 391 2910 μηδ’
408 2831 555 2911 ἀκαρπίαν
574 2829 580 2917 Ι
598 2830 719 2912 τεύξητ’.
765 2831 798 2896 Si
812 2846 931 2897 certum
952 2848 1031 2896 esset
1045 2832 1126 2896 bene
1140 2833 1288 2897 Graecum

185 2955 251 2996 esse
267 2935 410 3013 ἐμπεσεῖν
424 2960 500 3008 τινα,
517 2957 578 2999 που
595 2948 674 3000 esset
689 2958 787 3022 quare
803 2935 843 3000 de
866 2938 1059 3019 κατασκῆψαί
1078 2962 1145 3000 τινα
1165 2934 1290 2999 dubita·

185 3058 300 3100 remus.
315 3038 432 3100 ELM.

228 3141 280 3221 96.
300 3141 333 3202 ίὼ
347 3162 410 3202 nrn.
427 3138 506 3203 ΑΜ.
522 3155 552 3203 et
568 3162 641 3226 pars
655 3138 808 3204 codicum.
854 3148 876 3178 “
892 3140 992 3204 Recte
1006 3138 1148 3203 additum
1165 3138 1290 3204 videtur

185 3242 228 3315 ίιδ,
245 3241 330 3327 quod
346 3259 435 3306 extra
449 3265 571 3306 versunr
588 3259 644 3306 est.
676 3241 848 3328 AEschylus
863 3242 968 3306 Theb.
985 3243 1058 3324 876.
1079 3241 1127 3305 Ἰὼ
1143 3247 1288 3307 δνσαδελ·

184 3346 312 3425 φόταται
333 3352 438 3408 πασῶν
461 3348 570 3409 ὁπόσαι
589 3344 594 3432 Ι
614 3348 746 3428 στρόφον
770 3348 895 3424 ἐσθῆσιν
916 3345 1164 3427 περιβάλλονται.
1202 3346 1288 3409 Pers.

185 3466 257 3531 911.
280 3445 329 3510 ‘ln
347 3450 491 3527 δυ’σπηνος
508 3449 577 3529 ἐγὼ,
595 3452 738 3530 στυγερᾶς
752 3449 856 3530 μοίρας
875 3448 880 3535 Ι
899 3451 989 3525 τῆσδε
1004 3446 1132 3529 κυρήσας
1146 3449 1289 3529 ἀτεκμαρ-

184 3547 318 3627 τοτάτης.
364 3549 414 3612 Sic
436 3549 528 3613 etiarn
551 3549 722 3636 Euripides
745 3548 965 3636 Suppl.1114.
990 3549 1063 3636 Iph.
1078 3551 1122 3613 A.
1136 3571 1212 3635 590.
1234 3550 1288 3613 ΕΙ.

185 3651 279 3733 988.”
296 3651 413 3715 ELM.

228 3770 279 3836 97.
307 3754 340 3816 ῖαί
364 3779 414 3832 μοι
438 3779 498 3833 μοι,
521 3759 582 3819 πῶς
604 3753 642 3817 δν
664 3752 828 3839 όλοίμανς]
852 3752 1081 3840 Aristophanes
1103 3755 1176 3816 Pac.
1197 3773 1290 3837 1009.

185 3853 259 3938 κᾷτα
270 3855 446 3919 Μελάνθιον
464 3859 470 3936 Ι
488 3856 570 3934 ῆκειυ
581 3858 706 3937 ὕστερον
719 3860 760 3924 είς
771 3857 825 3936 τῆν
836 3856 960 3939 άγοράν·
980 3856 985 3943 Ι
1004 3860 1056 3924 τὰς
1068 3860 1099 3920 δέ
1109 3862 1289 3938 πεπρᾶσθαι,

185 4061 397 4143 άποχειρωθεὶς
417 4059 421 4147 Ι
441 4064 493 4128 τὰς
512 4064 546 4124 ἐν
564 4064 714 4126 τεύτλοισι
734 4062 945 4145 λοχευομένας·
967 4060 972 4148 Ι
990 4062 1059 4128 τοὺς
1078 4059 1102 4126 δ’
1118 4064 1291 4143 ἀνθρώπους

187 4165 361 4245 ἐπιχαίρειν.
387 4162 491 4227 Schol.
513 4161 567 4226 Ἐκ
583 4164 723 4243 Μηδείας.
745 4164 858 4244 μήποτε
873 4166 906 4226 ἐκ
918 4169 968 4242 τῆς
983 4164 1141 4246 Εὐριπίδου
1157 4167 1290 4244 Μηδείας

185 4264 312 4347 παράγει
336 4264 446 4351 (vulgo
467 4265 669 4348 παραγράφει)
694 4269 803 4331 ἐκεῖνα.
841 4264 864 4330 ὦ
887 4269 1029 4347 δύστηνος
1051 4269 1120 4348 ἐγὼ,
1139 4266 1234 4348 μελέα
1256 4292 1289 4330 τε

185 4370 294 4441 πόνον,
310 4373 371 4436 πῶς
391 4368 429 4432 δν
443 4368 580 4447 ὀλοίμαν.
603 4370 632 4431 oi
653 4372 686 4432 δέ
708 4370 797 4433 αὐτοῦ
818 4375 870 4433 τοῦ
893 4372 1068 4436 Μελανθίου
1090 4372 1187 4452 φασὶν
1208 4369 1285 4433 εἶναι
