2864 4914
221 287 285 355 478
580 284 961 350 ANNOTATIONES

266 455 339 538 884
354 459 509 539 πρόφασιν
524 457 598 521 Pur.
615 458 655 520 B.
671 457 757 522 Flor.
782 477 806 522 1.
822 472 852 521 1.
876 457 931 535 τδν
944 456 1099 537 πρόφασιν
1114 453 1193 518 Ald.

265 560 297 645 ἥ]
317 557 525 624 scribendum
540 556 558 639 ᾖ
573 581 645 623 cum
661 558 787 622 Bothio.
811 555 1065 644 qiMusgravius.

266 663 406 742 ἐκόμισεν
421 659 641 724 Marklandus.
664 658 776 740 ἑκόμιό
793 658 872 724 libri.

268 765 341 850 885.
357 760 482 845 ἀγάγοις
497 761 712 827 Blomfieldus.
736 762 850 845 ἀγάγῃς
863 761 945 827 libri.

266 868 480 948 νυμφεύσουσα
494 865 674 929 Barnesius.
713 863 803 929 Libri
819 865 1021 947 νυμφεύουσα.

268 969 343 1032 886.
359 969 406 1032 καὶ
420 967 475 1054 σὺ]
491 968 532 1048 σὴ
546 969 632 1032 Flor.
650 987 678 1030 1.
696 985 724 1031 1.

268 1071 341 1155 889.
363 1071 437 1153 891.
465 1070 506 1133 In
536 1070 599 1133 fine
627 1068 741 1132 horum
769 1091 915 1132 versuum
943 1067 1109 1155 typotheta
1137 1065 1337 1130 oxoniensis

224 1172 348 1260 signum
363 1171 574 1258 interrogandi
587 1169 703 1258 posuit,
718 1192 816 1257 quum
833 1184 986 1256 punctum
1003 1169 1142 1233 deberet.

268 1277 342 1359 889.
359 1274 484 1358 τέκνων]
501 1278 615 1337 παίδων
630 1275 704 1337 Pur.
719 1274 763 1336 A.

269 1379 342 1461 899.
358 1380 403 1460 σῷ
414 1383 436 1456 ;]
455 1377 556 1438 Error
570 1374 754 1461 typothetae,
769 1372 825 1459 qui
838 1394 959 1436 comma
974 1394 1089 1458 ponere
1103 1370 1253 1436 debebat.

268 1477 487 1562 901.γεγῶτα]
506 1482 638 1559 γεγῶτος
651 1497 748 1562 supra
758 1474 907 1562 scriptum
923 1474 955 1537 in
973 1476 1044 1538 Por.
1054 1476 1183 1538 A.B.C.
1207 1480 1337 1556 γεγῶτα

224 1581 361 1645 refertur
381 1579 422 1643 ed
444 1581 493 1656 σὲ,
516 1601 555 1642 ex
579 1576 828 1665 praecedentibus
851 1576 954 1641 verbis
972 1577 1007 1640 τδ
1033 1576 1091 1640 σδυ
1113 1579 1188 1658 γόνυ
1211 1577 1335 1641 intelli-

223 1682 372 1770 gendum.

267 1803 341 1867 902.
363 1781 490 1867 ἢτίυος]
508 1781 599 1846 Libri
615 1784 664 1847 ἐπὶ
678 1784 768 1851 τίνος.
813 1782 1006 1847 Emendavit
1022 1783 1193 1846 Porsonus.
1231 1782 1338 1846 Geni-

224 1885 309 1950 tivus
324 1885 443 1971 regitur
457 1907 476 1947 a
489 1885 568 1965 περὶ,
583 1884 671 1970 quod
685 1883 717 1948 iu
731 1883 830 1949 altero
844 1884 985 1948 membro
998 1883 1135 1971 positum
1149 1898 1210 1947 est.

268 2009 340 2074 909.
356 2012 393 2051 σε
408 1986 530 2051 addidit
546 1985 767 2051 Marklandus.

267 2092 341 2173 πρὸς
353 2090 477 2172 μητέρος
493 2088 713 2154 Marklandus.
751 2088 843 2154 Libri
857 2092 931 2170 πρός
944 2114 976 2153 τε
990 2087 1123 2171 μητέρος.

268 2217 343 2279 910.
358 2197 533 2280 ἀμυναθεῖν]
553 2194 755 2259 Scribcbutur
769 2191 942 2272 όρυνόθειν.

268 2316 341 2382 911.
356 2298 450 2384 γελᾷ]
468 2297 601 2360 Frustra
615 2294 827 2360 Marklandus
841 2293 946 2362 τέλος.

268 2414 343 2484 917.
359 2399 459 2486 φέρει]
476 2395 579 2480 φέρειν
595 2400 666 2462 Par.
683 2398 807 2461 A.B.C.

268 2520 342 2583 919.
360 2502 549 2582 ὑψηλόφρων
567 2524 618 2579 μοι
640 2498 730 2578 θυμδς
751 2501 864 2579 αἴρεται
885 2498 1003 2585 πρόσω]
1028 2497 1190 2562 Usitatum
1212 2498 1249 2562 in
1273 2499 1335 2565 buc

224 2601 440 2687 similibusque
454 2599 663 2664 locutionibus
676 2614 723 2664 est
737 2602 807 2664 όνω.
851 2602 1038 2687 Suspectum
1053 2602 1168 2680 πρόσω,
1183 2602 1275 2686 quod
1300 2603 1333 2666 in

225 2706 347 2786 προσόν
375 2702 561 2766 mutandum
588 2701 754 2766 videbatur
776 2704 972 2782 Hermanno,
997 2701 1055 2767 nisi
1080 2702 1234 2766 nonnulla
1259 2718 1334 2790 post

224 2808 309 2871 hunc
324 2828 446 2869 versum
463 2803 642 2868 exciderint.

271 2928 345 2991 920.
369 2906 539 2991 tolerarat]
564 2907 723 2987 ἐπίσταμαι
747 2909 952 2993 Musgravius
973 2906 1186 2994 probabiliter.
1234 2909 1333 2973 Idem

225 3008 407 3074 Archilochi
423 3008 518 3072 verba
531 3024 690 3095 comparat
704 3008 790 3096 apud
812 3009 972 3074 Stobaeum
990 3029 1042 3086 20,
1059 3010 1198 3089 1861μέ
1214 3010 1333 3092 θύμ’-

225 3115 308 3178 ἀλλὰ
321 3114 478 3197 χαρτοῖσίν
493 3137 525 3176 τε
539 3119 627 3195 χαῖρε
641 3114 690 3176 καὶ
704 3119 839 3177 κακοῖσιν
853 3112 978 3196 ἀοχόλα
990 3112 1031 3192 μὴ
1045 3113 1167 3189 λίην-.

268 3234 342 3300 911.
360 3234 434 3300 913.
451 3217 522 3278 Hos
536 3237 654 3293 versus,
668 3214 724 3301 qui
738 3214 876 3278 dubitari
891 3228 993 3300 potest
1007 3237 1047 3279 an
1062 3236 1124 3277 non
1140 3213 1202 3277 sint
1218 3214 1333 3303 scripti

223 3319 264 3383 ab
280 3318 446 3405 Euripide,
461 3316 556 3380 choro
571 3316 715 3381 tribuunt
729 3315 808 3380 libri.
833 3317 978 3381 Correxit
993 3317 1040 3380 vir
1051 3316 1163 3381 doctus
1176 3317 1210 3380 in
1225 3317 1333 3384 diario

214 3421 351 3484 classico
364 3420 438 3484 fasc.
452 3439 485 3503 3.
502 3440 533 3503 p.
547 3420 620 3483 612.
657 3418 837 3483 Deleudum
852 3441 973 3482 comma
988 3434 1058 3505 post
1071 3424 1198 3500 βροτῶν.

267 3542 342 3607 919.
358 3524 499 3600 πείσομαι
513 3519 642 3584 codices.
667 3522 831 3600 πεισόμεθα
844 3519 923 3583 Ald.

267 3645 342 3709 93¹·
362 3624 438 3705 Ἀρη
460 3621 593 3700 codices,
616 3622 728 3707 purtim
752 3622 984 3710 suprascripto
997 3620 1094 3704 Ἀρει,
1116 3624 1204 3709 quod
1227 3641 1276 3691 est
1296 3625 1333 3691 in

224 3726 302 3790 Ald.

267 3827 301 3890 τὸ
319 3825 479 3889 Brodaeus.
503 3830 543 3912 τῷ
559 3825 641 3890 libri.

267 3948 339 4013 933.
370 3929 389 3991 δ
414 3928 449 4007 δὴ
478 3927 539 3991 κατ’
567 3929 660 4009 ἄνδρα
688 3932 823 4010 γίγνεται
852 3929 989 4016 νεανίαν]
1022 3932 1183 4004 Quantum
1214 3943 1264 3996 est
1294 3937 1335 3997 iu

211 4035 345 4120 juverre.

266 4154 341 4220 934.
358 4134 544 4220 καταστελῶ]
564 4132 603 4196 Id
619 4147 665 4197 est
681 4132 807 4212 sedabo,
822 4134 977 4200 dolentem
993 4134 1117 4199 leniam.

266 4240 339 4323 938.
357 4235 473 4321 καὶμὴ]
490 4237 529 4316 μὴ
545 4239 593 4301 καὶ
609 4237 694 4300 Flor.
716 4257 741 4301 1.
759 4257 788 4303 1.

266 4358 446 4425 941-974.
463 4342 579 4403 Versus
601 4339 710 4426 spurii,
727 4339 767 4403 ab
782 4338 906 4403 homine
928 4340 1034 4426 scripti
1058 4342 1220 4422 Εὐριπίδου
1237 4355 1336 4414 πλεῖν

223 4439 241 4521 ἢ
258 4444 367 4526 σταδίῳ
383 4439 562 4525 λαλιστέριρ,
579 4455 614 4505 ut
627 4441 723 4505 verbo
737 4456 809 4506 utar
825 4440 1054 4528 Aristophanis.
