2864 4914
311 301 378 366 ΑΙ)
402 301 706 366 IPHIGENIAM
730 299 1060 367 AULIDENSEM.
1176 300 1237 370 491

187 469 279 554 1386.
296 471 411 556 κοινὸν]
430 472 530 551 κοινήν
545 470 724 536 ΕΙιιιοΙεὶιιο.

187 571 278 655 1387.
293 572 515 661 πεφραγμένοι]
534 573 740 638 Scribendum
754 573 970 656 σεφοργμένοι.

187 673 278 757 1389.
302 674 413 761 χὺπὲρ]
434 701 467 740 τε
488 674 517 759 χ’
532 678 607 758 ὑπὲρ
629 673 712 753 libri,
727 675 786 739 nisi
800 674 888 762 quod
910 676 985 740 Par.
1001 675 1042 738 B.
1058 701 1094 757 γε
1107 673 1138 758 χ’
1153 675 1239 759 ὑπέρ.

140 774 285 838 Correxit
300 775 519 841 Marklandus.
555 776 704 842 Similiter
717 790 880 864 peecatum
898 777 991 843 1118.
1016 776 1104 865 Cycl.
1122 795 1193 862 207.
1207 792 1239 843 et

138 874 199 939 alio
215 876 308 940 modo
323 878 428 943 Andr.
446 881 518 965 736.
562 935 591 966 w

112 1045 113 1048 ,
184 997 277 1063 1391.
300 982 388 1044 τοῦτό
409 980 435 1063 γ’
453 980 501 1045 vel
522 979 602 1063 τώγ’
617 979 746 1045 codices
777 986 831 1045 τοῦ
843 979 880 1064 ,γ’
896 978 974 1045 Ald.

181 1079 239 1161 ἆρά
253 1079 280 1162 γ’
296 1081 406 1165 ἔχομεν
421 1082 575 1148 Bremius.
600 1082 645 1165 ἆρ’
662 1083 783 1167 ἔχοιμεν
802 1082 883 1148 libri.
922 1082 1036 1148 Paullo
1050 1083 1241 1171 probabilior

139 1181 317 1245 Hermanni
338 1185 517 1270 oonjectura
537 1198 585 1249 est
610 1184 655 1267 ἆρ’
680 1185 775 1268 ἔχοιμ’
796 1185 844 1250 ἄν.
889 1187 963 1250 Non
988 1184 1114 1250 videtur
1135 1200 1241 1251 tamen

138 1282 189 1346 hie
211 1307 318 1348 versus
339 1303 522 1372 persanatus
542 1311 617 1366 esse,
641 1309 743 1374 quum
765 1300 797 1352 et
823 1313 858 1369 γε
887 1300 959 1374 post
979 1292 1066 1351 τοῦτο
1088 1287 1241 1353 inutiliter

138 1384 259 1450 illatum
275 1399 306 1451 et
320 1411 440 1453 oaesura
455 1389 493 1454 sit
509 1389 634 1468 violata,
647 1389 735 1476 quod
751 1389 861 1476 tragici
882 1389 1036 1454 rarissime
1051 1389 1109 1455 sibi
1125 1390 1239 1477 permi-

138 1504 255 1552 serunt.

185 1609 276 1675 1392.
292 1589 353 1677 δεῖ]
370 1591 428 1674 χρὴ
444 1593 518 1656 Par.
535 1594 590 1670 Α.,
606 1591 764 1680 adscripto
778 1598 833 1658 δεῖ.

186 1711 278 1778 1393.
295 1692 406 1779 οὕνεκ’]
424 1693 498 1759 ἕνεκ’
515 1694 601 1761 Flor.
617 1717 645 1759 1.

184 1796 277 1879 1396.
314 1796 527 1882 γενησομᾶγὸ]
566 1796 655 1862 Libri
673 1856 676 1861 .
694 1794 835 1879 μνήσομ’
872 1798 941 1878 ἐγώ.
988 1797 1152 1879 γενήσομαι
1187 1797 1241 1880 ’γῶ

139 1896 296 1961 Reiskius.

185 2017 278 2078 1400.
294 2000 399 2083 ἄρχειν
413 1999 505 2083 εἰκὸς]
531 1998 622 2063 Libri
644 1998 722 2066 εἰκὸς
742 1999 857 2082 ἄρχειν.
896 2001 1080 2066 Correetum
1103 2024 1142 2065 ex
1164 2000 1240 2070 Ari-

139 2100 259 2165 stotelis
274 2101 368 2165 Polit.
387 2122 414 2179 1,
432 2121 460 2164 1.

185 2221 278 2286 1407.
295 2208 353 2266 σοΰ
368 2204 534 2267 Canterus.
573 2201 665 2266 Libri
679 2207 742 2265 τοῦ.

185 2325 406 2391 1409-1433.
435 2307 551 2369 Versus
577 2305 685 2392 spurii,
709 2304 783 2370 satis
804 2304 909 2393 inepte
933 2307 1078 2393 genuinis
1101 2307 1242 2372 versibus

140 2407 304 2494 Euripidis
322 2408 543 2493 1405-1408.
557 2407 699 2494 adjuncti
720 2406 761 2471 ab
775 2407 897 2485 eodem,
913 2422 950 2472 ut
965 2408 1101 2488 videtur,
1116 2410 1242 2474 homine

138 2532 233 2595 quem
247 2509 354 2574 notavi
369 2509 409 2573 ad
425 2532 455 2573 v.
472 2510 565 2591 1178.

185 2631 275 2695 1409.
292 2613 380 2676 ὅσον
396 2615 509 2698 κρατεῖ]
531 2611 563 2676 Si
578 2611 776 2676 retinendum
792 2611 831 2676 sit
846 2611 874 2689 ὃ,
890 2610 1088 2699 subintellige
1103 2612 1136 2676 τὸ
1148 2617 1241 2688 θεῖον,

138 2713 308 2800 petendum
319 2737 358 2778 ex
373 2714 468 2778 verbo
478 2718 656 2799 θεομαχεῖνε
682 2715 728 2779 sin
738 2715 772 2783 ὃς
782 2716 960 2802 legendum,
973 2738 1012 2779 ex
1023 2715 1133 2779 eodem
1146 2715 1242 2780 verbo

139 2829 209 2900 pete
224 2818 302 2883 θεός.
326 2817 482 2880 MARK.
529 2815 856 2903 Scribendumpotius
871 2817 994 2881 videtur
1009 2819 1026 2880 ὅ
1041 2844 1097 2881 σου
1110 2815 1230 2899 ’κράτει

185 2938 276 2998 1410.
292 2917 457 2998 τάναγκαῖά
470 2944 504 2983 τε
519 2918 675 2984 Reiskius.
714 2919 806 2984 Libri
820 2919 857 2983 τά
871 2918 895 2982 r'
911 2919 1059 3002 ἀναγκαῖά
1073 2946 1119 3003 γε.

185 3021 279 3099 1418.
297 3021 382 3101 ἀρκεῖ
394 3019 551 3084 Reiskius.
586 3020 678 3085 Libri
693 3023 789 3104 ἄρχει.

181 3121 291 3205 μάχας]
309 3121 405 3204 μάχης
421 3121 508 3186 Flor.
526 3142 554 3186 1.
583 3105 682 3207 μάχής
698 3122 784 3185 Flor.
804 3139 833 3185 2.

185 3239 277 3309 1425.
302 3223 454 3309 Imperite
476 3223 594 3289 dietum
618 3227 695 3306 ὅμως
717 3223 741 3289 δ’
763 3226 837 3292 ἴσως
858 3250 906 3306 γε.
952 3224 993 3289 Id
1020 3225 1097 3303 ὅμως
1119 3223 1146 3305 γ’
1169 3227 1241 3292 ἴσως

139 3327 289 3413 scriptum
305 3325 336 3388 in
353 3327 426 3389 Par.
443 3328 486 3390 A.

185 3428 277 3508 1426.
293 3426 373 3512 τάπ’]
393 3426 509 3492 Vitiose
523 3427 642 3491 dietum
659 3450 716 3515 pro
731 3431 768 3492 τὸ
780 3428 848 3491 ὑπό.

185 3549 407 3615 1429-1433.
435 3529 498 3593 His
526 3529 666 3594 versibus
694 3529 788 3593 homo
816 3527 934 3614 loquax
962 3527 1044 3592 idem
1070 3528 1135 3592 fere
1160 3529 1241 3594 dixit

139 3632 226 3720 quod
240 3631 380 3697 versibus
394 3631 519 3697 duobus
539 3631 796 3719 praecedentibus.
842 3631 1051 3696 Offenderunt
1065 3631 1133 3696 haeo
1147 3634 1239 3698 etiam

141 3737 372 3812 Hermannum‚
388 3733 443 3820 qui
465 3733 532 3820 ipse
545 3756 672 3820 quoque
686 3756 792 3797 versus
817 3734 1040 3819 1428-1433.
1062 3749 1097 3798 ut
1119 3735 1242 3821 spurios

140 3836 268 3915 notavit,
295 3836 349 3900 sed
378 3835 418 3900 ab
442 3835 663 3922 interpolatore
688 3857 750 3898 non
777 3835 837 3900 boc
863 3835 942 3914 loeo,
969 3836 1022 3900 sed
1049 3850 1119 3923 post
1148 3841 1239 3919 1416.

139 3938 278 4025 adjectos
293 3938 388 4002 luisse
401 3937 543 4025 oonjecit.
760 4021 761 4024 Ἴ

187 4043 278 4127 1436.
295 4041 404 4124 κάκιζε]
428 4039 592 4104 Timidum
606 4039 710 4104 redde.

93 4159 96 4166 '
187 4156 278 4227 1437.
294 4141 439 4226 ἀδικήσει]
458 4141 619 4226 ἀτυχήσεις
634 4144 799 4206 Canterus.

183 4244 277 4328 1438.
299 4242 363 4324 μήν’
383 4245 437 4308 οὖν
458 4270 495 4327 γε
512 4243 566 4308 τὸν
585 4243 643 4307 σὸν
663 4245 820 4323 πλόκαμον
842 4242 963 4322 ἐκτέμῃς
987 4240 1103 4327 τριχός]
1126 4243 1243 4306 Versus

140 4346 272 4437 putidus
293 4358 325 4410 et
350 4345 391 4410 ab
413 4343 633 4432 interpolatore
656 4346 817 4423 oonfictus,
839 4344 894 4431 qui
920 4342 1106 4431 pendentem
1126 4342 1243 4407 scilicet

142 4449 317 4540 Iphigeniae
332 4447 501 4515 orationem
517 4459 691 4513 sustentare
705 4446 835 4513 volebat.
880 4442 986 4532 Atqui
1007 4442 1084 4509 nihil
1102 4467 1183 4533 opus
1196 4458 1243 4509 est
