2864 4914
178 284 242 348 ω
541 285 922 350 ANNOTATIONES

179 477 252 521 acre
272 457 411 544 suppetit
432 457 501 535 tilii,
524 469 560 521 ut
581 457 663 521 viam
686 480 735 521 me
755 457 898 522 servandi
920 456 1010 521 facile
1031 455 1202 533 invenirem
1227 458 1282 524 sed

178 556 366 622 invidiosum
389 572 435 622 est
456 557 569 636 dicere,
586 560 672 646 quod
695 582 754 646 ego
775 559 942 638 contendo,
966 575 996 624 te
1013 583 1033 622 a
1054 559 1213 647 Cupidine
1233 585 1284 626 co-

178 676 279 727 actam
305 684 370 724 esse
397 683 446 724 me
471 683 602 725 servare.
642 662 746 726 Verba
769 664 808 729 ὧς
825 660 924 744 Ἔρως
946 662 974 724 σ’
1002 662 1047 742 ἣν.
1072 685 1134 727 non
1160 663 1219 728 nisi
1241 664 1282 728 ad

179 786 286 829 vocem
302 765 395 846 λόγος
408 762 622 851 explicandam
639 764 805 851 pertinent.
831 765 1023 829 MATTH.

222 887 299 953 531.
321 869 423 932 τόνων
444 870 583 949 ἀφύκτων
608 865 687 931 Ald.
714 890 809 954 quam
838 867 997 931 lectionem
1022 881 1172 933 memorat
1196 868 1286 933 scho-

178 969 291 1034 liastes
331 969 393 1034 Sed
408 987 439 1034 et
454 969 581 1034 alteram
598 987 761 1048 memorat,
776 967 874 1047 τόξοις
890 972 1040 1051 ἀφύκτοις,
1055 994 1150 1057 quam
1167 972 1284 1037 habent

180 1073 272 1137 Lasc.
295 1087 327 1136 et
349 1073 449 1136 MSS.
475 1070 628 1159 plerique,
646 1088 676 1136 et
700 1095 718 1135 e
741 1071 827 1136 Flor.
851 1072 965 1159 probat
987 1072 1219 1139 Valckenarius
1243 1074 1283 1139 ad

180 1176 426 1265 Hippol.1420.
465 1178 564 1241 Hunc
587 1176 689 1240 locum
712 1175 837 1261 respicit
852 1175 976 1240 Ennius
998 1176 1085 1263 apud
1103 1177 1284 1241 Ciceronem

180 1283 278 1346 Tusc.
293 1302 324 1361 4.
339 1300 394 1366 32.
416 1281 469 1344 Τιι
492 1302 539 1344 me
560 1281 691 1356 amaru,
706 1281 813 1367 magis
834 1300 929 1366 quam
951 1279 1092 1359 lionoris,
1113 1282 1285 1345 servavisti

174 1387 301 1473 gratim
327 1385 432 1448 POR.

221 1505 298 1573 532.
315 1486 458 1572 θήσομαι]
474 1483 724 1562 administrabo,
740 1485 890 1548 tractabo.
915 1485 1107 1549 ΜΑΤΤΗ.

221 1592 296 1676 536.
319 1597 435 1672 πρῶτον
448 1591 505 1670 μέν
518 1585 642 1652 Ἑλλάδ’
658 1587 725 1650 ἀντὶ
742 1587 900 1668 βαρβάρου
921 1586 1032 1670 χθονὸς
1051 1586 1056 1674 Ι
1075 1594 1167 1669 γαῖαν
1186 1613 1284 1652 κατοι-

180 1699 249 1767 κεῖς,
267 1693 315 1757 καὶ
329 1694 411 1771 δίκην
426 1692 596 1765 ἐπίστασαι,
616 1690 623 1774 Ι
643 1691 744 1769 νόμοις
757 1714 790 1752 τε
805 1689 949 1773 χρῆσθαι]
973 1691 1046 1753 Ηοα
1060 1705 1281 1776 argumentum

179 1794 221 1858 ab
236 1797 484 1876 ἀνδραποδισταῖς
498 1806 610 1856 mutuo
626 1791 770 1856 sumsisse
785 1791 910 1856 videtur
925 1790 1104 1878 Euripides.
1144 1792 1184 1857 Id
1200 1793 1282 1857 enim

178 1896 341 1960 hominum
356 1918 457 1982 genus
468 1918 530 1959 non
547 1895 646 1959 solum
661 1894 807 1982 injuriam
823 1893 862 1958 iis
875 1894 998 1960 allatam
1012 1911 1137 1982 negant,
1151 1919 1231 1982 quos
1244 1919 1284 1960 ex

179 1998 282 2086 patria
302 1998 332 2061 vi
355 1998 551 2086 eripuerunt,
573 1999 627 2062 sed
650 1997 743 2061 etiam
768 1997 882 2062 nativae
903 2021 1011 2062 eorum
1034 1999 1211 2086 stupiditati
1230 1999 1285 2063 tri·

180 2102 295 2180 buunt,
320 2101 406 2188 quod
430 2101 566 2165 maximo
589 2099 738 2164 beneficio
764 2100 945 2164 affectasse
968 2101 1113 2165 nesciant.
1159 2101 1282 2167 Eodem

179 2218 365 2290 argumento
381 2203 482 2268 utitur
497 2201 696 2289 Theophilus
709 2203 847 2267 comicus
860 2202 946 2290 apud
963 2203 1143 2268 Beklterum
1159 2205 1283 2269 Anecd.

180 2306 238 2370 Gr.
262 2329 294 2393 p.
311 2321 383 2389 724.
409 2307 503 2370 καίτοι
529 2306 560 2368 τί
580 2313 668 2387 φημι,
693 2306 741 2370 καὶ
763 2309 794 2370 τί
815 2311 888 2388 δρᾶν
910 2308 1112 2387 βουλεύομαις
1134 2307 1139 2392 Ι
1158 2310 1284 2389 προδοὺς

180 2408 300 2474 ἀπιέναι
320 2409 374 2473 τάν
389 2408 543 2490 ἀγαπητὸν
565 2411 722 2488 δεσπότην,
743 2407 748 2496 Ι
767 2409 822 2473 τὸν
843 2409 969 2492 τροφέα,
984 2410 1038 2474 τάν
1053 2415 1181 2492 σωτῆρα,
1196 2409 1232 2475 δι’
1248 2411 1284 2475 δν

180 2512 260 2577 εἶδον
275 2515 383 2592 νόμους
402 2510 408 2599 Ι
422 2510 586 2590 Ἕλληνας,
600 2512 712 2591 ἔμαθον
722 2511 880 2594 γράμματ’,
896 2513 1024 2593 έμνήθην
1035 2518 1123 2580 θεοῖς.
1147 2514 1283 2577 Gratum

179 2614 264 2678 hunc
287 2637 411 2678 servum
434 2614 525 2700 fingit
541 2613 749 2700 Theophilus,
765 2615 918 2701 ingratam
936 2615 1085 2680 Medeam
1103 2615 1282 2702 Euripides.

221 2820 297 2905 538.
320 2819 361 2899 μὴ
385 2819 459 2900 πρὸς
480 2820 583 2902 ἰσχύος
604 2818 706 2904 χάριν]
734 2819 882 2884 Similiter
900 2823 941 2901 μὴ
964 2820 1037 2903 πρὸς
1058 2824 1161 2904 ἰσχύος
1180 2822 1285 2903 κράτος

181 2922 278 3010 Soph.
295 2921 428 2986 Philoct·
444 2941 519 3006 594·
543 2923 658 2987 ELM.

222 3043 301 3110 542.
319 3028 363 3105 εἴη
378 3024 401 3088 δ’
421 3025 521 3106 ἔμοιγε
535 3023 607 3103 μήτε
623 3024 736 3107 χρυσὸς
750 3026 784 3088 έν
799 3026 914 3113 δόμοις]
931 3027 1047 3089 Noster
1062 3027 1159 3090 Herc.
1175 3029 1249 3112 643.
1265 3050 1284 3090 a

181 3130 321 3193 Porsono
333 3126 465 3191 allatus:
488 3127 528 3205 μή
538 3152 589 3207 μοι
602 3125 667 3206 μόρι’
680 3126 848 3195 Ἀσιάτιδος
867 3126 872 3214 Ι
891 3131 1062 3209 τυραννίδος
1073 3131 1169 3208 ὄλβος
1184 3132 1238 3208 εἴη,
1259 3129 1265 3216 Ι

178 3231 219 3313 μὴ
238 3235 352 3316 χρυσοῦ
374 3232 493 3309 δόματα
515 3230 623 3311 πλήρη,
644 3229 649 3315 Ι
669 3235 721 3296 τᾶς
741 3231 820 3309 ἥβας
842 3232 1032 3312 ἀντιλαβεῖν.
1079 3233 1196 3295 Nostro
1218 3230 1284 3294 loco

179 3359 218 3399 ex
235 3358 291 3399 sua
304 3333 516 3421 potiusquam
528 3356 566 3395 ex
580 3332 705 3396 tasonis
721 3356 852 3417 persona
866 3335 991 3397 locutus
1003 3348 1049 3397 est
1065 3349 1165 3420 poeta.
1189 3332 1283 3412 Quod

179 3437 311 3502 interea
326 3460 399 3523 quae
421 3448 569 3521 exoptare
592 3435 691 3499 solent
713 3435 865 3515 homines,
888 3435 1025 3523 primum
1049 3436 1151 3500 locum
1170 3435 1286 3499 divitiis

179 3537 278 3617 dedit,
301 3563 391 3625 aeque
414 3538 532 3624 tragico
548 3538 733 3602 Atheniensi
756 3554 851 3624 atque
869 3541 1127 3625 Argonautarum
1152 3538 1285 3625 principi

179 3639 335 3706 convenit.
383 3639 445 3703 Sed
469 3639 608 3722 Ὀρφέως
630 3641 756 3705 κάλλιον
779 3643 907 3721 ὑμνῆσαι
927 3640 1028 3717 μέλος,
1051 3639 1164 3717 idest,
1188 3642 1283 3703 victo·

180 3744 265 3807 τὶιιοι
280 3746 316 3806 iu
330 3745 500 3807 certamine
515 3745 636 3830 poetico
651 3745 782 3829 referre,
803 3743 964 3830 proprium
987 3758 1089 3829 poetae
1104 3756 1213 3805 votum
1229 3758 1284 3805 est.

180 3847 281 3910 Jason
304 3845 502 3909 hauddubie
525 3851 624 3909 ποδῶν
639 3846 747 3927 ἀρετὴν
766 3860 822 3909 aut
847 3847 1097 3925 παλαισμοσύνην
1117 3842 1282 3908 maluisset.

182 3949 264 4013 Haec
289 3948 370 4011 enim
394 3947 496 4035 primo
520 3949 589 4011 loco
614 3949 704 4034 ponit
727 3951 879 4035 Tyrtaeus
903 3948 933 4010 in
957 3946 1010 4010 illo
1035 3948 1170 4010 carmine
1194 3949 1285 4034 cujus

179 4050 344 4115 exordium
370 4049 433 4113 huc
459 4049 565 4114 retulit
593 4052 770 4114 Porsonusz
799 4049 868 4115 Ούτ’
897 4049 935 4113 δν
957 4052 1138 4130 μνησαίμην,
1164 4049 1222 4114 οὔτ’
1251 4053 1285 4114 έν

180 4157 262 4241 λόγῳ
278 4157 371 4236 ἀνδρα
386 4157 526 4234 τιθείμην,
548 4152 553 4240 Ι
572 4156 640 4219 οὔτε
654 4160 754 4219 ποδῶν
769 4157 882 4237 ἀρετῆς,
899 4154 967 4217 οὔτε
983 4156 1238 4235 παλαισμοσύνης·
1260 4155 1266 4239 Ι

180 4259 240 4326 οὐδ’
258 4261 285 4322 εἰ
307 4259 480 4321 Κυκλώπων
499 4258 556 4336 μὲν
579 4257 645 4339 έχοι
665 4256 793 4338 μέγεθός
815 4282 848 4320 τε
868 4256 941 4336 βίην
956 4281 999 4333 τε,
1020 4255 1025 4342 Ι
1046 4256 1133 4341 νικῴη
1156 4258 1188 4318 δὲ
1208 4256 1284 4320 θέων

182 4359 326 4442 Θρηΐκιον
341 4358 464 4440 Βορέην
486 4356 492 4444 Ι
511 4356 570 4421 οὐδ’
588 4361 614 4421 εἰ
628 4363 774 4423 Τιθωνοῖο
789 4359 869 4441 φυὴν
882 4358 1074 4441 χαριέστερος
1094 4361 1148 4437 εἴη,
1169 4358 1175 4443 Ι
1193 4365 1284 4421 πλον-

180 4465 245 4544 τοίη
260 4465 292 4528 δὲ
308 4465 410 4528 Μίδεω
434 4462 482 4526 καὶ
504 4462 635 4542 Κινύρεω
653 4460 773 4541 βύθιον·
795 4462 801 4548 Ι
819 4459 880 4527 οὐδ’
896 4464 923 4527 εἰ
935 4463 1127 4526 Τανταλίδεω
1142 4459 1285 4528 Πέλοπος
