2864 4914
207 276 273 341 880
569 276 949 344 ANNOTATIONES

183 525 186 530 Ι
252 447 323 529 178.
342 449 517 531 τορεύματα,
534 447 583 512 vel
596 448 682 535 quod
696 448 832 537 explicat
848 448 947 515 schol.
962 455 1072 531 τορεῖο,
1087 447 1304 535 accipiendum

203 547 330 614 videtur
344 548 431 616 velut
444 553 540 633 μίτρη,
556 551 621 615 sive
642 553 819 639 virglemla's
836 573 930 630 amco,
944 573 1040 639 quam
1056 551 1087 614 in
1107 550 1225 637 nuptiis
1242 549 1304 615 sol·

204 651 298 717 vebat
320 652 460 718 moritus.
504 653 619 717 Dictus
642 654 740 741 igitur
765 677 897 740 sponsus
921 656 1062 737 τορεύειν,
1088 653 1175 742 virgo
1197 667 1305 719 autem

204 757 389 838 κορεθεοθαι,
420 770 456 820 ut
484 754 567 820 infra
594 780 622 820 v.
649 776 727 842 523.
753 762 815 825 πῶς
840 757 1013 841 κορευθήσα
1039 762 1157 831 καλῶςς
1194 755 1305 821 Adeas

204 858 370 924 Schrader.
386 859 426 924 sd
443 861 604 924 Musaeum
620 882 649 923 c.
666 879 717 926 20.
733 884 763 948 p.
778 880 855 948 340.
874 860 929 948 qni
951 860 992 925 de
1014 860 1072 925 hac
1094 882 1127 924 re
1147 859 1218 924 fuae
1239 858 1304 945 dis„

203 963 310 1039 seruit,
329 978 361 1028 et
383 962 450 1028 loca
471 976 611 1028 veterum
635 961 697 1027 huc
718 962 863 1028 facientia
883 963 1119 1050 diligentissime
1139 962 1304 1050 congessit.

203 1068 355 1133 MONK.

246 1171 281 1234 οῦ
302 1169 420 1250 θυήσκω
439 1167 521 1254 πέρι]
542 1168 698 1233 Usitatum
721 1183 768 1233 est
790 1168 930 1250 θνήσκειν
950 1169 1025 1252 θτίρ
1047 1194 1136 1245 τινος,
1158 1190 1304 1255 proquo

202 1274 272 1355 περί
284 1271 363 1337 dixit
378 1286 472 1359 poeta
486 1271 576 1335 metri
590 1295 709 1337 caussa.

250 1376 320 1439 181.
342 1376 414 1440 182.
438 1376 538 1439 Hunc
559 1372 661 1438 locum
684 1379 816 1459 παραθεῖ
832 1373 1062 1463 Aristophanes
1077 1371 1188 1460 Equit.
1208 1390 1300 1456 1251.

201 1481 239 1542 σὲ
260 1476 286 1542 δ’
301 1478 394 1543 ἄλλος
415 1502 459 1543 τις
479 1478 587 1556 λαβὼν
603 1474 785 1555 κεκτήσεται,
808 1477 936 1557 κλέπτης
955 1480 1013 1557 μὲν
1034 1478 1086 1541 οὔκ
1108 1475 1146 1540 ἂν
1167 1479 1299 1555 μᾶλλον,

202 1580 326 1663 εὐτυχὴς
340 1577 365 1642 δ’
381 1581 462 1645 ἴσως.

249 1683 319 1747 182.
334 1681 387 1745 οὐκ
402 1679 453 1765 dv]
471 1680 539 1763 οὐχὶ
555 1679 668 1744 Suidas
683 1703 708 1742 s.
724 1679 852 1760 κλέπτης
865 1695 896 1744 et
911 1679 980 1763 οὐχὶ
991 1683 1122 1760 μάλλον.

247 1783 318 1865 184.
341 1780 609 1866 θφθαλμοτέγκτῳ]
627 1784 700 1846 Hoc
718 1782 924 1870 compositum
943 1804 1005 1847 non
1019 1780 1092 1846 alibi
1108 1780 1220 1845 vidisse
1233 1802 1298 1844 me·

201 1885 287 1950 mini.
323 1886 489 1967 πλημμυρὶς
514 1884 578 1947 sive
603 1887 749 1967 πλημυρὶς
775 1885 902 1970 proprie
931 1885 1103 1949 emendatio
1127 1885 1227 1949 mama
1251 1884 1302 1948 vel

187 1991 293 2078 fluvii
316 1990 500 2055 aealuamis:
524 1987 558 2051 τὸ
580 1987 697 2068 ὅρμημα
718 1993 769 2068 τῆς
791 1988 956 2068 θαλάσσης,
979 1988 998 2067 ἡ
1020 1990 1179 2069 ἔτίρρυσις,
1196 1988 1302 2073 Hesy-

199 2092 299 2166 chius,
322 2090 420 2155 citans
443 2092 574 2155 Homer.
599 2090 663 2154 Od.
680 2091 711 2154 Ι.
724 2092 799 2172 486.
823 2093 998 2174 llltnppople
1019 2093 1052 2154 ἐκ
1073 2092 1203 2154 πόντοιο.
1248 2090 1300 2152 De

198 2193 367 2281 lachrymis
381 2192 499 2257 dictum
515 2192 607 2257 etiam
624 2191 656 2256 in
671 2193 782 2257 AEsch.
800 2191 942 2279 Choeph.
957 2192 1027 2277 183.
1046 2191 1100 2271 Ἐξ
1114 2191 1253 2273 ὀμμάτων
1267 2193 1301 2255 δὲ

199 2299 296 2382 δίψιοι
309 2297 453 2362 πίπτουσί
464 2322 513 2376 μοι
528 2294 681 2377 Στάγουες
695 2297 844 2378 ἄφραστοι
858 2296 1004 2379 δυσχίμου
1014 2297 1223 2378 πλημμυρίδος.
1239 2294 1299 2361 hoc

200 2400 321 2466 notavit
336 2400 505 2488 Spanhem.
519 2398 558 2463 ad
576 2397 657 2464 Call.
674 2400 719 2463 H.
736 2399 767 2462 in
783 2398 856 2464 Del.
874 2403 946 2485 263.
965 2401 1118 2465 MONK.

247 2505 317 2590 198.
332 2504 367 2568 οὗ
381 2503 445 2568 ποτ’
461 2504 497 2568 οὐ
510 2501 685 2586 λελήσεται]
706 2501 802 2567 Metri
818 2525 926 2567 caussa
941 2502 1059 2568 dictum
1073 2525 1131 2591 pro
1142 2503 1176 2566 οῦ
1190 2503 1298 2566 οὔποτε

199 2606 372 2686 λελήσεται.

246 2728 316 2793 199.
331 2707 451 2792 τοισίδ’]
470 2716 565 2774 τοῖσιν
581 2707 666 2772 Flor.
685 2727 714 2773 2.
732 2708 822 2772 Lasc.
838 2706 917 2772 Ald.
941 2708 1031 2773 Libri
1048 2706 1158 2793 reliqui
1173 2704 1287 2770 τοῖσιδ’.

244 2830 318 2876 200.
335 2811 375 2894 el]
393 2809 412 2888 ᾖ
427 2809 511 2873 Flor.
530 2831 579 2875 10.
594 2812 628 2890 ἧς
645 2813 718 2875 Par.
736 2813 820 2875 B.D.
836 2810 923 2875 Flor.
940 2833 983 2897 15.

243 2932 316 2993 204.
341 2910 501 2993 τορειμίνη
519 2914 552 2975 δὲ
573 2914 674 2996 χειρὸς
696 2915 802 2978 ἄθλιον
823 2914 932 2998 βάρος]
956 2916 1038 2977 Haec
1060 2927 1166 2999 aperte
1188 2911 1298 2974 vitiosa

198 3030 283 3081 sunt.
306 3015 405 3098 χειρὸς
427 3015 533 3078 ἄθλων
550 3016 645 3097 βάρος
660 3015 852 3080 Alcestidem
876 3016 948 3092 dici,
972 3033 1008 3079 ut
1031 3013 1162 3079 Penthei
1185 3037 1299 3101 corpus

197 3119 340 3186 exanime
356 3118 469 3182 Bacch.
485 3121 578 3183 1216.
595 3118 674 3183 vidit
683 3120 749 3206 jam
767 3118 887 3182 Heath.
933 3118 1048 3203 Itaque
1068 3116 1173 3203 scripsi
1189 3118 1295 3198 μαραί-

198 3249 282 3289 νεται
295 3225 376 3309 νόσῳ
391 3223 551 3305 παρειμίυη
565 3248 610 3305 γε,
624 3221 669 3286 ita
685 3236 720 3286 ut
735 3223 815 3305 νόσῳ
829 3242 891 3283 non
907 3234 1029 3285 tantum
1041 3242 1112 3284 cum
1124 3221 1297 3301 μαραίνεται

199 3325 277 3408 (vid.
292 3349 323 3390 v.
342 3332 426 3407 241.)
445 3324 606 3390 sedetiam
623 3347 694 3389 cum
710 3322 1081 3409 capeme‘rrqjungeretur,
1098 3321 1176 3386 sicut
1192 3324 1293 3386 Orest.

198 3429 271 3511 869.
292 3431 372 3513 νόσῳ
388 3429 550 3510 τορειμένη
570 3454 617 3510 γε,
631 3429 747 3516 quippe
768 3426 874 3490 morbo
893 3426 1004 3490 solnta.
1028 3424 1139 3488 Elmsl.
1163 3425 1297 3487 versicu-

196 3532 262 3597 lum
287 3549 359 3620 post
380 3532 474 3614 βάρος
499 3532 688 3596 intercidisse
715 3530 943 3618 suspicabatur.
968 3531 1161 3595 MATTH.
1207 3528 1295 3592 Nihil

195 3635 309 3698 horum
327 3658 433 3699 verum
450 3633 584 3699 videtur.
632 3635 716 3698 Mihi
738 3633 833 3721 longe
854 3633 1046 3721 probabilius
1062 3632 1185 3696 videtur
1199 3631 1294 3695 inuti-

195 3736 256 3802 lem
272 3737 353 3801 hanc
367 3737 569 3824 appendicem
584 3736 728 3801 funditus
747 3760 813 3800 esse
836 3734 1015 3813 tollendam,
1028 3734 1293 3820 quemadmodum

197 3840 342 3904 Hecubae
365 3863 473 3903 versus
494 3860 568 3924 4¹5·
592 3842 667 3920 416.
693 3861 766 3902 mox
791 3854 863 3926 post
885 3861 917 3901 v.
943 3840 1014 3904 206.
1039 3836 1125 3902 libris
1150 3837 1296 3901 omnibus

195 3938 296 4003 illatos
311 3939 459 4004 delendos
474 3963 539 4004 esse
554 3939 632 4004 vidit
648 3939 879 4004 Valckenarius.
924 3938 1064 4026 Scriptor
1085 3952 1188 4002 autem
1213 3938 1296 4002 illius

195 4065 304 4107 versus
330 4042 460 4107 fortasse
487 4064 548 4107 non
574 4042 803 4130 discripserat,
826 4041 880 4106 sed
903 4042 949 4123 δὴ,
972 4042 1057 4128 quod
1080 4041 1186 4128 posuit
1208 4044 1293 4105 Her-

195 4167 340 4210 mannus.

241 4265 313 4332 219.
329 4245 573 4310 Anuotationem
591 4253 613 4286 “
630 4249 772 4335 μεγίστα]
789 4251 914 4330 μεγίστη
931 4246 995 4311 Η.”
1011 4246 1054 4310 sic
1072 4246 1192 4333 corrige
1207 4254 1229 4287 “
1244 4274 1296 4328 με-

195 4352 287 4434 γίστα
302 4351 349 4412 Η.
395 4348 499 4434 Vulgo
514 4346 667 4431 μεγίστη.”

240 4471 313 4538 230.
331 4452 450 4540 βρόχῳ]
467 4452 583 4519 Bacch.
600 4456 675 4535 246.
693 4453 779 4518 Τοῦτ’
798 4454 866 4538 οθχὶ
879 4456 976 4533 δεινῆς
989 4452 1121 4535 ἀγχόνης
1135 4448 1197 4515 ἔστ’
1212 4452 1292 4530 dito,
