2864 4914
508 297 576 360 Al)
600 294 869 361 SUPPLICES.
1165 295 1231 364 898

173 472 352 550 Θηβαγενεῖ
369 490 429 554 pro
443 473 633 550 Θηβαιγενεῖ
652 464 774 553 scripsit
791 462 909 529 Markl.
931 463 966 531 iu
978 470 1026 533 0)
1041 477 1146 530 umen
1168 465 1229 530 fal·

130 592 194 644 sus,
209 568 295 655 quod
312 571 505 652 Θηβαιγενὴς
526 593 566 634 ne
588 571 737 635 Graecum
760 565 889 654 quidem
910 589 977 632 esse
999 566 1141 654 putabat.
1162 567 1229 633 vid.

132 672 224 735 Koen.
247 670 287 735 ad
311 671 444 758 Gregor.
468 694 501 760 p.
519 691 593 759 294.
614 671 665 737 ed.
690 670 804 736 schaef.
827 668 969 735 Lobeclr.
992 668 1033 733 ad
1056 668 1178 756 Phryn.
1196 693 1228 758 p.

130 774 204 851 648.
229 773 421 837 ΜΑΤΤΗ.
472 800 477 809 ·

177 896 247 956 141.
262 878 441 962 ἐξελίσσεις]
461 879 629 956 ἐξελίσσοις
644 877 730 942 Flor.
751 899 775 940 1.
794 895 824 942 2.

175 998 248 1058 144.
264 977 355 1042 τοῖσδ’
372 977 596 1043 Valckenarius
609 978 649 1043 ad
665 979 782 1044 Phoen.
797 997 873 1065 413.
907 976 998 1043 Libri
1010 982 1080 1044 mic.

176 1084 245 1162 146.
261 1081 375 1167 μάχην]
394 1083 637 1167 Ρτ111111μάχη,
652 1085 738 1171 quod
754 1082 885 1171 conjecit
901 1079 1060 1145 Reislrius.

177 1204 247 1269 149.
264 1193 334 1252 παῖς
348 1184 469 1250 addidit
485 1187 654 1251 Porsonus.

178 1304 246 1370 150.
259 1286 362 1373 κτάνῃ]
383 1287 588 1352 Scribendum
605 1289 707 1353 κτάνοι
721 1310 792 1353 cum
811 1289 1006 1353 Hermanno.

177 1406 249 1473 151.
265 1388 402 1472 σοφήνγ
418 1389 549 1456 codices
573 1390 601 1475 γ’
616 1413 679 1455 om.
696 1389 772 1456 Ald.

178 1474 550 1579 154111111111111.
568 1496 608 1560 a.
630 1496 688 1576 ορ.
704 1496 778 1558 Par.
794 1495 834 1558 c.
858 1491 1011 1555 1111111.

177 1608 248 1677 154.
272 1591 351 1656 ταῦτ’
368 1596 525 1673 ἑκδιιιαζων
539 1598 754 1661 Hermaunus.
786 1595 999 1677 ταντ1(ταντοὶ
1023 1590 1107 1656 Flor.
1127 1594 1168 1675 1.)
1184 1596 1229 1656 δι·

131 1694 224 1770 νεάζων
238 1693 369 1760 codices.
391 1699 475 1763 rourl
489 1699 613 1778 διδάξων
627 1697 704 1763 Α111.

178 1798 247 1881 158.
262 1801 293 1862 τί
305 1801 339 1862 δὲ
352 1799 467 1875 πλέον;
490 1801 602 1884 ἦλθον]
616 1799 822 1866 scribendum
838 1801 874 1864 τὸ
889 1803 921 1865 δὲ
933 1797 1040 1874 πλέον,
1051 1798 1147 1878 ἦλθον
1157 1817 1230 1860 cum

131 1901 328 1988 Musgravio,
349 1904 405 1990 qui
427 1904 467 1969 de
488 1908 520 1969 τί
539 1908 572 1970 tt
594 1905 700 1980 πλέον,
722 1916 758 1969 ut
778 1903 861 1992 quod
881 1903 1020 1991 amplius
1041 1910 1100 1979 eat,
1123 1899 1230 1966 Nonni

129 2021 289 2090 comparat
314 2009 459 2093 exempla
483 2007 580 2071 Dion.
604 2027 658 2093 31,
685 2009 755 2072 126.
786 2008 834 2084 16,
860 2024 936 2092 334.
960 2025 1013 2083 41,
1036 2021 1111 2089 335.
1156 2002 1229 2067 Non

130 2104 229 2170 solum
252 2130 312 2171 non
334 2108 511 2173 volentibus
531 2108 602 2188 diis,
624 2108 678 2172 sed
698 2108 797 2172 invito
814 2106 894 2171 adeo
910 2121 981 2171 vete
1000 2104 1229 2193 expeditionem

131 2232 162 2272 se
177 2211 347 2296 suscepisse
361 2210 448 2275 dicit.

173 2337 208 2390 γε
224 2311 346 2377 addunt
360 2313 498 2378 codices:
522 2336 584 2378 om.
601 2313 679 2378 Ald.

176 2429 245 2497 159.
262 2414 455 2496 ἀπεστράφης
471 2414 629 2479 Reislrius.
670 2415 853 2502 Legebatur
867 2413 896 2478 α’
912 2412 1098 2495 ἀπεστράφη.

179 2517 247 2579 161.
271 2516 435 2604 emptori]
464 2517 656 2582 Addendum
679 2516 707 2599 γ’
730 2540 801 2581 cum
826 2514 1031 2580 Valckenario
1049 2513 1091 2579 ad
1116 2513 1229 2579 Phoen.

176 2722 248 2786 162.
270 2720 287 2784 ὃ
302 2721 337 2800 δή
352 2747 388 2802 γε
402 2723 535 2789 πολλοὺς
549 2723 648 2787 ὤλεσε
666 2723 776 2805 (ἤλασε
797 2720 884 2786 Flor.
906 2741 931 2785 1.
950 2721 995 2802 2.)
1011 2719 1228 2806 στρατηλάτας]

131 2822 337 2887 Manifestum
361 2822 608 2888 additamentum
631 2823 836 2911 grammatici,
860 2823 1011 2911 quinatis
1034 2846 1067 2887 11
1090 2821 1230 2911 prodidit

130 2923 183 2987 illo
197 2924 232 3004 δή
246 2951 293 3007 γε,
309 2925 395 3011 quod
418 2925 643 3013 ineptissimum
660 2927 733 2991 huic
748 2926 818 2991 loco
832 2942 888 2992 est.
926 2928 1074 2991 Ceterum
1095 2925 1145 2990 hic
1160 2949 1230 2991 ver·

130 3049 182 3090 sus
197 3027 227 3090 in
244 3027 329 3091 libris
341 3027 480 3092 Adrasto
492 3029 658 3094 tribuitur:
686 3029 812 3094 Theseo
822 3027 986 3116 adscripsit
997 3028 1229 3094 Valckenarius.

176 3132 246 3214 165.
263 3132 386 3214 πίτνων]
408 3130 610 3195 scribebatur
624 3137 744 3196 πιτνῶν.

176 3234 246 3295 166.
274 3233 378 3299 πολιὸς
403 3233 477 3314 ἀνὴρ
506 3235 648 3315 τύραννος
674 3234 819 3313 εὐδαίμων
843 3232 936 3314 πάρος
960 3232 1092 3298 codices.
1125 3233 1231 3301 πολιὸς

130 3335 204 3416 ἀνὴρ
227 3335 406 3415 εὐδαιμονῶν
424 3339 497 3403 ἴσως
518 3336 611 3418 πάρος
627 3336 704 3400 Α1(1.
722 3359 759 3399 ex
774 3335 956 3421 conjectura
968 3335 1159 3413 correctoris,
1174 3335 1231 3422 qui

129 3437 160 3500 in
176 3438 281 3502 codice
304 3462 359 3502 suo
379 3439 509 3503 sortasse
527 3441 675 3527 scriptum
698 3440 859 3504 invenerat
873 3439 977 3506 πολιὸς
992 3439 1067 3520 ἀνὴρ
1087 3440 1231 3520 τύραννος

130 3542 310 3620 εὐδαιμονῶν
323 3541 425 3622 πάρος.
465 3545 563 3607 Hunc
578 3565 705 3630 quoque
719 3564 843 3606 versum
860 3563 922 3605 non
938 3541 1087 3629 scriptum
1103 3541 1144 3606 ab
1159 3543 1229 3606 Eu-

130 3642 229 3728 ripide
243 3667 309 3707 esse
324 3643 400 3707 milii
416 3643 489 3707 satis
505 3645 701 3708 manifestum
717 3645 852 3710 videtur.

177 3748 304 3827 174.11ν
321 3745 539 3811 Marklaudus.
564 3748 748 3835 Legebutur
762 3749 809 3817 ὣς.
833 3749 885 3812 De
895 3745 1134 3835 pronominibus
1145 3748 1230 3811 ὣν-

130 3849 235 3913 κείνων
259 3852 292 3913 ἐκ
305 3849 504 3930 παραλλήλου
519 3849 627 3937 positis
641 3849 706 3914 dixi
721 3850 762 3915 ad
779 3850 868 3915 Med.
884 3853 977 3934 1296.

176 3965 246 4034 179.
268 3951 437 4032 δεδορκέναι
463 3951 672 4017 Marklandus
694 3975 734 4017 ex
759 3976 789 4017 v.
815 3973 888 4035 190.
931 3953 1112 4041 Legebatur
1138 3957 1232 4017 άεάοι-

130 4053 223 4118 κέναι.

177 4157 354 4239 181-183.
379 4159 432 4220 τόν
454 4155 607 4236 θ’-δίκην
630 4158 708 4242 ἔχει]
736 4159 935 4246 ineptissima
959 4161 1026 4226 haec
1048 4175 1094 4224 est
1116 4181 1231 4246 praece·

128 4259 269 4323 dentium
293 4258 515 4323 sententiarum
538 4260 748 4348 amplificatio,
764 4284 858 4347 quam
875 4262 1056 4350 ejiciendam
1072 4284 1138 4326 esse
1151 4260 1231 4324 benc

128 4362 282 4427 intellexit
305 4361 464 4438 1111111111,
491 4362 588 4427 falsus
614 4379 716 4428 tamen
745 4363 776 4427 in
803 4366 949 4452 eoquod
974 4363 1098 4429 exalia
1121 4362 1229 4450 tragici

129 4465 237 4530 sabula
251 4465 351 4530 illatos
366 4465 423 4530 hos
438 4488 546 4531 versus
565 4489 631 4531 esse
649 4465 794 4544 credidit,
808 4490 889 4554 quoa
909 4466 1013 4555 ipsum
1032 4464 1156 4533 dicendi
1177 4488 1232 4554 go·
