<?xml version="1.0" encoding="UTF-8"?>
<!DOCTYPE html PUBLIC "-//W3C//DTD XHTML 1.0 Transitional//EN"
    "http://www.w3.org/TR/xhtml1/DTD/xhtml1-transitional.dtd">
<html xmlns="http://www.w3.org/1999/xhtml" xml:lang="en" lang="en">
 <head>
  <title>
</title>
<meta http-equiv="Content-Type" content="text/html;charset=utf-8" />
  <meta name='ocr-system' content='tesseract 3.04.00' />
  <meta name='ocr-capabilities' content='ocr_page ocr_carea ocr_par ocr_line ocrx_word'/>
</head>
<body>
  <div class='ocr_page' id='page_1' title='image "./tragoediaesuper01eurigoog_0112.png"; bbox 0 0 2864 4914; ppageno 0'>
   <div class='ocr_carea' id='block_1_1' title="bbox 548 282 1268 347">
    <p class='ocr_par' dir='ltr' id='par_1_1' title="bbox 548 282 1268 347">
     <span class='ocr_line' id='line_1_1' title="bbox 548 282 1268 347; baseline -0.006 0"><span class='ocrx_word' id='word_1_1' title='bbox 548 283 617 347; x_wconf 85' lang='lat' dir='ltr'><strong>AD</strong></span> <span class='ocrx_word' id='word_1_2' title='bbox 640 283 881 347; x_wconf 82' lang='lat' dir='ltr'><strong>ORESTEM.</strong></span> <span class='ocrx_word' id='word_1_3' title='bbox 1204 282 1268 344; x_wconf 85' lang='grc'><strong>108</strong></span> 
     </span>
    </p>
   </div>
   <div class='ocr_carea' id='block_1_2' title="bbox 160 450 1281 4030">
    <p class='ocr_par' dir='ltr' id='par_1_2' title="bbox 161 450 1270 745">
     <span class='ocr_line' id='line_1_2' title="bbox 163 450 1268 539; baseline 0 -24"><span class='ocrx_word' id='word_1_4' title='bbox 163 450 257 516; x_wconf 78' lang='lat' dir='ltr'><strong>ficare</strong></span> <span class='ocrx_word' id='word_1_5' title='bbox 270 450 415 516; x_wconf 89' lang='lat' dir='ltr'><strong>additum</strong></span> <span class='ocrx_word' id='word_1_6' title='bbox 431 455 515 539; x_wconf 99' lang='grc' dir='ltr'>φόνῳ</span> <span class='ocrx_word' id='word_1_7' title='bbox 530 452 675 518; x_wconf 82' lang='lat' dir='ltr'><strong>ostendit.</strong></span> <span class='ocrx_word' id='word_1_8' title='bbox 722 454 761 517; x_wconf 91' lang='lat' dir='ltr'><strong>In</strong></span> <span class='ocrx_word' id='word_1_9' title='bbox 782 467 934 539; x_wconf 86' lang='lat' dir='ltr'><strong>quattuor</strong></span> <span class='ocrx_word' id='word_1_10' title='bbox 947 451 1042 517; x_wconf 91' lang='lat' dir='ltr'><strong>oodd.</strong></span> <span class='ocrx_word' id='word_1_11' title='bbox 1057 451 1268 532; x_wconf 81' lang='grc' dir='ltr'>μελάνδεντον,</span> 
     </span>
     <span class='ocr_line' id='line_1_3' title="bbox 162 553 1270 642; baseline -0.001 -25"><span class='ocrx_word' id='word_1_12' title='bbox 162 553 294 618; x_wconf 79' lang='lat' dir='ltr'><strong>fortasse</strong></span> <span class='ocrx_word' id='word_1_13' title='bbox 315 577 355 619; x_wconf 86' lang='lat' dir='ltr'><strong>ex</strong></span> <span class='ocrx_word' id='word_1_14' title='bbox 377 555 557 642; x_wconf 86' lang='lat' dir='ltr'><strong>conjectura</strong></span> <span class='ocrx_word' id='word_1_15' title='bbox 577 554 694 620; x_wconf 86' lang='lat' dir='ltr'><strong>librarii</strong></span> <span class='ocrx_word' id='word_1_16' title='bbox 716 555 757 620; x_wconf 92' lang='lat' dir='ltr'><strong>de</strong></span> <span class='ocrx_word' id='word_1_17' title='bbox 771 555 868 619; x_wconf 89' lang='lat' dir='ltr'><strong>verbo</strong></span> <span class='ocrx_word' id='word_1_18' title='bbox 890 558 987 621; x_wconf 79' lang='grc' dir='ltr'>δεύειν</span> <span class='ocrx_word' id='word_1_19' title='bbox 1007 553 1185 642; x_wconf 80' lang='lat' dir='ltr'><strong>cogitantis,</strong></span> <span class='ocrx_word' id='word_1_20' title='bbox 1205 577 1270 640; x_wconf 94' lang='lat' dir='ltr'><strong>quo</strong></span> 
     </span>
     <span class='ocr_line' id='line_1_4' title="bbox 161 656 1004 745; baseline -0.001 -23"><span class='ocrx_word' id='word_1_21' title='bbox 161 671 283 745; x_wconf 86' lang='lat' dir='ltr'><strong>spectat</strong></span> <span class='ocrx_word' id='word_1_22' title='bbox 296 659 340 744; x_wconf 90' lang='lat' dir='ltr'><strong>gl.</strong></span> <span class='ocrx_word' id='word_1_23' title='bbox 357 656 472 722; x_wconf 83' lang='lat' dir='ltr'><strong>codicis</strong></span> <span class='ocrx_word' id='word_1_24' title='bbox 487 659 596 724; x_wconf 81' lang='lat' dir='ltr'><strong>Guell.</strong></span> <span class='ocrx_word' id='word_1_25' title='bbox 612 657 809 740; x_wconf 78' lang='grc' dir='ltr'>βεβαμμένον</span> <span class='ocrx_word' id='word_1_26' title='bbox 824 660 856 736; x_wconf 74' lang='grc' dir='ltr'><strong>ἐξ</strong></span> <span class='ocrx_word' id='word_1_27' title='bbox 871 660 1004 738; x_wconf 85' lang='grc' dir='ltr'>αίμοτος.</span> 
     </span>
    </p>

    <p class='ocr_par' dir='ltr' id='par_1_3' title="bbox 208 760 684 830">
     <span class='ocr_line' id='line_1_5' title="bbox 208 760 684 830; baseline 0.002 -7"><span class='ocrx_word' id='word_1_28' title='bbox 208 760 283 825; x_wconf 91' lang='grc'><strong>822.</strong></span> <span class='ocrx_word' id='word_1_29' title='bbox 299 763 332 828; x_wconf 73' lang='grc' dir='ltr'><strong>ἐς</strong></span> <span class='ocrx_word' id='word_1_30' title='bbox 344 760 438 825; x_wconf 85' lang='lat' dir='ltr'><strong>codd.</strong></span> <span class='ocrx_word' id='word_1_31' title='bbox 455 784 522 825; x_wconf 84' lang='lat' dir='ltr'><strong>sex.</strong></span> <span class='ocrx_word' id='word_1_32' title='bbox 547 765 590 830; x_wconf 83' lang='grc' dir='ltr'>είς</span> <span class='ocrx_word' id='word_1_33' title='bbox 604 761 684 826; x_wconf 90' lang='lat' dir='ltr'><strong>Ald.</strong></span> 
     </span>
    </p>

    <p class='ocr_par' dir='ltr' id='par_1_4' title="bbox 160 862 1271 1148">
     <span class='ocr_line' id='line_1_6' title="bbox 207 862 1271 950; baseline 0.002 -23"><span class='ocrx_word' id='word_1_34' title='bbox 207 862 337 950; x_wconf 76' lang='grc' dir='ltr'>ἀελίοιο]</span> <span class='ocrx_word' id='word_1_35' title='bbox 354 863 536 939; x_wconf 77' lang='lat' dir='ltr'><strong>Scholiasta,</strong></span> <span class='ocrx_word' id='word_1_36' title='bbox 555 866 676 929; x_wconf 78' lang='grc' dir='ltr'>είιόθοσι</span> <span class='ocrx_word' id='word_1_37' title='bbox 690 868 750 947; x_wconf 76' lang='grc' dir='ltr'><strong>γὰρ</strong></span> <span class='ocrx_word' id='word_1_38' title='bbox 766 867 796 929; x_wconf 86' lang='lat' dir='ltr'><strong>ol</strong></span> <span class='ocrx_word' id='word_1_39' title='bbox 818 865 977 931; x_wconf 71' lang='grc' dir='ltr'>ἀνελόντες</span> <span class='ocrx_word' id='word_1_40' title='bbox 999 865 1066 927; x_wconf 75' lang='grc' dir='ltr'>τινὰ</span> <span class='ocrx_word' id='word_1_41' title='bbox 1088 864 1216 941; x_wconf 81' lang='grc' dir='ltr'><em>δικαίως,</em></span> <span class='ocrx_word' id='word_1_42' title='bbox 1232 863 1271 929; x_wconf 83' lang='grc' dir='ltr'><strong>ὣς</strong></span> 
     </span>
     <span class='ocr_line' id='line_1_7' title="bbox 160 967 1269 1052; baseline -0.001 -23"><span class='ocrx_word' id='word_1_43' title='bbox 160 969 288 1042; x_wconf 83' lang='grc' dir='ltr'>οίονται,</span> <span class='ocrx_word' id='word_1_44' title='bbox 308 970 348 1051; x_wconf 74' lang='grc' dir='ltr'><strong>τῷ</strong></span> <span class='ocrx_word' id='word_1_45' title='bbox 371 967 446 1052; x_wconf 82' lang='grc' dir='ltr'>ἡλίῳ</span> <span class='ocrx_word' id='word_1_46' title='bbox 469 967 503 1030; x_wconf 82' lang='grc' dir='ltr'><strong>τὸ</strong></span> <span class='ocrx_word' id='word_1_47' title='bbox 527 969 613 1050; x_wconf 74' lang='grc' dir='ltr'>ξίφος</span> <span class='ocrx_word' id='word_1_48' title='bbox 637 969 795 1042; x_wconf 80' lang='grc' dir='ltr'>δεικνύναι,</span> <span class='ocrx_word' id='word_1_49' title='bbox 819 968 977 1047; x_wconf 79' lang='grc' dir='ltr'>σύμβολον</span> <span class='ocrx_word' id='word_1_50' title='bbox 1001 971 1054 1030; x_wconf 82' lang='grc' dir='ltr'><strong>τοῦ</strong></span> <span class='ocrx_word' id='word_1_51' title='bbox 1076 968 1192 1032; x_wconf 76' lang='grc' dir='ltr'>δικαίως</span> <span class='ocrx_word' id='word_1_52' title='bbox 1214 991 1269 1028; x_wconf 82' lang='grc' dir='ltr'>πε·</span> 
     </span>
     <span class='ocr_line' id='line_1_8' title="bbox 164 1066 353 1148; baseline -0.005 -16"><span class='ocrx_word' id='word_1_53' title='bbox 164 1066 353 1148; x_wconf 71' lang='grc' dir='ltr'>φονενκένοι.</span> 
     </span>
    </p>

    <p class='ocr_par' dir='ltr' id='par_1_5' title="bbox 162 1169 1273 1749">
     <span class='ocr_line' id='line_1_9' title="bbox 209 1169 1271 1258; baseline 0.001 -25"><span class='ocrx_word' id='word_1_54' title='bbox 209 1169 283 1256; x_wconf 96' lang='grc'><strong>823.</strong></span> <span class='ocrx_word' id='word_1_55' title='bbox 307 1171 458 1255; x_wconf 86' lang='grc' dir='ltr'>μοινολὶς]</span> <span class='ocrx_word' id='word_1_56' title='bbox 484 1170 669 1257; x_wconf 87' lang='lat' dir='ltr'><strong>Legebatur</strong></span> <span class='ocrx_word' id='word_1_57' title='bbox 690 1171 819 1254; x_wconf 78' lang='grc' dir='ltr'>μεγάλη,</span> <span class='ocrx_word' id='word_1_58' title='bbox 841 1170 929 1258; x_wconf 92' lang='lat' dir='ltr'><strong>qnod</strong></span> <span class='ocrx_word' id='word_1_59' title='bbox 951 1170 982 1234; x_wconf 95' lang='lat' dir='ltr'><strong>in</strong></span> <span class='ocrx_word' id='word_1_60' title='bbox 1008 1173 1128 1250; x_wconf 84' lang='grc' dir='ltr'>ποικίλη</span> <span class='ocrx_word' id='word_1_61' title='bbox 1156 1171 1271 1234; x_wconf 84' lang='lat' dir='ltr'><strong>mutari</strong></span> 
     </span>
     <span class='ocr_line' id='line_1_10' title="bbox 162 1271 1270 1359; baseline 0 -23"><span class='ocrx_word' id='word_1_62' title='bbox 162 1271 265 1338; x_wconf 82' lang='lat' dir='ltr'><strong>voluit</strong></span> <span class='ocrx_word' id='word_1_63' title='bbox 293 1272 457 1338; x_wconf 82' lang='lat' dir='ltr'><strong>scholiasta</strong></span> <span class='ocrx_word' id='word_1_64' title='bbox 485 1273 643 1339; x_wconf 85' lang='lat' dir='ltr'><strong>metricus.</strong></span> <span class='ocrx_word' id='word_1_65' title='bbox 688 1273 834 1338; x_wconf 84' lang='lat' dir='ltr'><strong>Correxit</strong></span> <span class='ocrx_word' id='word_1_66' title='bbox 864 1275 1069 1337; x_wconf 85' lang='lat' dir='ltr'><strong>Hermannus</strong></span> <span class='ocrx_word' id='word_1_67' title='bbox 1099 1272 1140 1336; x_wconf 92' lang='lat' dir='ltr'><strong>ad</strong></span> <span class='ocrx_word' id='word_1_68' title='bbox 1168 1274 1270 1359; x_wconf 91' lang='lat' dir='ltr'><strong>Orph.</strong></span> 
     </span>
     <span class='ocr_line' id='line_1_11' title="bbox 163 1374 1273 1463; baseline -0.002 -23"><span class='ocrx_word' id='word_1_69' title='bbox 163 1398 196 1463; x_wconf 93' lang='lat' dir='ltr'><strong>p.</strong></span> <span class='ocrx_word' id='word_1_70' title='bbox 218 1394 292 1462; x_wconf 85' lang='lat'><strong>309.</strong></span> <span class='ocrx_word' id='word_1_71' title='bbox 318 1374 492 1462; x_wconf 89' lang='lat' dir='ltr'><strong>eodemque</strong></span> <span class='ocrx_word' id='word_1_72' title='bbox 519 1375 613 1440; x_wconf 93' lang='lat' dir='ltr'><strong>modo</strong></span> <span class='ocrx_word' id='word_1_73' title='bbox 636 1377 795 1440; x_wconf 89' lang='lat' dir='ltr'><strong>Porsonus</strong></span> <span class='ocrx_word' id='word_1_74' title='bbox 819 1376 850 1440; x_wconf 91' lang='lat' dir='ltr'><strong>in</strong></span> <span class='ocrx_word' id='word_1_75' title='bbox 875 1374 1086 1440; x_wconf 88' lang='lat' dir='ltr'><strong>Miscellaneis</strong></span> <span class='ocrx_word' id='word_1_76' title='bbox 1109 1397 1129 1439; x_wconf 90' lang='lat' dir='ltr'><strong>a</strong></span> <span class='ocrx_word' id='word_1_77' title='bbox 1152 1374 1273 1439; x_wconf 89' lang='lat' dir='ltr'><strong>Kiddio</strong></span> 
     </span>
     <span class='ocr_line' id='line_1_12' title="bbox 162 1477 1273 1566; baseline -0.001 -24"><span class='ocrx_word' id='word_1_78' title='bbox 162 1477 256 1542; x_wconf 87' lang='lat' dir='ltr'><strong>editis</strong></span> <span class='ocrx_word' id='word_1_79' title='bbox 283 1501 315 1564; x_wconf 91' lang='lat' dir='ltr'><strong>p.</strong></span> <span class='ocrx_word' id='word_1_80' title='bbox 332 1499 405 1557; x_wconf 88' lang='lat'>201,</span> <span class='ocrx_word' id='word_1_81' title='bbox 427 1479 545 1562; x_wconf 79' lang='grc' dir='ltr'>μεγάλη</span> <span class='ocrx_word' id='word_1_82' title='bbox 569 1503 609 1544; x_wconf 87' lang='lat' dir='ltr'><strong>ex</strong></span> <span class='ocrx_word' id='word_1_83' title='bbox 632 1478 742 1543; x_wconf 85' lang='lat' dir='ltr'><strong>vitiosa</strong></span> <span class='ocrx_word' id='word_1_84' title='bbox 763 1479 918 1566; x_wconf 88' lang='lat' dir='ltr'><strong>scriptura</strong></span> <span class='ocrx_word' id='word_1_85' title='bbox 938 1479 1060 1558; x_wconf 88' lang='grc' dir='ltr'>μενολὶς</span> <span class='ocrx_word' id='word_1_86' title='bbox 1080 1491 1184 1542; x_wconf 87' lang='lat' dir='ltr'><strong>ortum</strong></span> <span class='ocrx_word' id='word_1_87' title='bbox 1207 1499 1273 1541; x_wconf 86' lang='lat' dir='ltr'><strong>esse</strong></span> 
     </span>
     <span class='ocr_line' id='line_1_13' title="bbox 164 1580 1271 1668; baseline -0.001 -24"><span class='ocrx_word' id='word_1_88' title='bbox 164 1603 305 1658; x_wconf 89' lang='lat' dir='ltr'><strong>monens,</strong></span> <span class='ocrx_word' id='word_1_89' title='bbox 328 1605 425 1668; x_wconf 91' lang='lat' dir='ltr'><strong>quam</strong></span> <span class='ocrx_word' id='word_1_90' title='bbox 454 1581 526 1647; x_wconf 92' lang='lat' dir='ltr'><strong>libri</strong></span> <span class='ocrx_word' id='word_1_91' title='bbox 552 1597 671 1647; x_wconf 84' lang='lat' dir='ltr'><strong>veteres</strong></span> <span class='ocrx_word' id='word_1_92' title='bbox 700 1583 792 1647; x_wconf 88' lang='lat' dir='ltr'><strong>etiam</strong></span> <span class='ocrx_word' id='word_1_93' title='bbox 823 1581 855 1645; x_wconf 92' lang='lat' dir='ltr'><strong>in</strong></span> <span class='ocrx_word' id='word_1_94' title='bbox 881 1581 1025 1668; x_wconf 81' lang='lat' dir='ltr'><strong>AEscliyli</strong></span> <span class='ocrx_word' id='word_1_95' title='bbox 1057 1580 1169 1667; x_wconf 90' lang='lat' dir='ltr'><strong>Suppl.</strong></span> <span class='ocrx_word' id='word_1_96' title='bbox 1199 1600 1271 1661; x_wconf 85' lang='lat'><strong>114.</strong></span> 
     </span>
     <span class='ocr_line' id='line_1_14' title="bbox 166 1683 296 1749; baseline 0 -1"><span class='ocrx_word' id='word_1_97' title='bbox 166 1683 296 1749; x_wconf 86' lang='lat' dir='ltr'><strong>habent.</strong></span> 
     </span>
    </p>

    <p class='ocr_par' dir='ltr' id='par_1_6' title="bbox 165 1785 1276 2281">
     <span class='ocr_line' id='line_1_15' title="bbox 211 1785 1273 1873; baseline -0.001 -23"><span class='ocrx_word' id='word_1_98' title='bbox 211 1789 286 1872; x_wconf 83' lang='grc'><strong>825.</strong></span> <span class='ocrx_word' id='word_1_99' title='bbox 309 1787 438 1852; x_wconf 86' lang='grc' dir='ltr'>θανάτου</span> <span class='ocrx_word' id='word_1_100' title='bbox 460 1787 484 1852; x_wconf 92' lang='grc' dir='ltr'><strong>δ’</strong></span> <span class='ocrx_word' id='word_1_101' title='bbox 501 1789 578 1870; x_wconf 80' lang='grc' dir='ltr'>άμφὶ</span> <span class='ocrx_word' id='word_1_102' title='bbox 593 1790 682 1873; x_wconf 91' lang='grc' dir='ltr'>φόβῳ</span> <span class='ocrx_word' id='word_1_103' title='bbox 700 1787 819 1852; x_wconf 93' lang='lat' dir='ltr'><strong>editum</strong></span> <span class='ocrx_word' id='word_1_104' title='bbox 836 1811 874 1852; x_wconf 86' lang='lat' dir='ltr'><strong>ex</strong></span> <span class='ocrx_word' id='word_1_105' title='bbox 890 1787 997 1851; x_wconf 91' lang='lat' dir='ltr'><strong>codice</strong></span> <span class='ocrx_word' id='word_1_106' title='bbox 1013 1786 1123 1872; x_wconf 88' lang='lat' dir='ltr'><strong>Kingii</strong></span> <span class='ocrx_word' id='word_1_107' title='bbox 1139 1801 1170 1851; x_wconf 90' lang='lat' dir='ltr'><strong>et</strong></span> <span class='ocrx_word' id='word_1_108' title='bbox 1187 1785 1273 1860; x_wconf 73' lang='lat' dir='ltr'><strong>Flor.</strong></span> 
     </span>
     <span class='ocr_line' id='line_1_16' title="bbox 165 1888 1275 1973; baseline -0.001 -21"><span class='ocrx_word' id='word_1_109' title='bbox 165 1888 302 1953; x_wconf 90' lang='lat' dir='ltr'><strong>duobus.</strong></span> <span class='ocrx_word' id='word_1_110' title='bbox 341 1890 445 1954; x_wconf 89' lang='lat' dir='ltr'><strong>Ceteri</strong></span> <span class='ocrx_word' id='word_1_111' title='bbox 461 1890 582 1954; x_wconf 84' lang='lat' dir='ltr'><strong>codices</strong></span> <span class='ocrx_word' id='word_1_112' title='bbox 596 1904 629 1955; x_wconf 90' lang='lat' dir='ltr'><strong>et</strong></span> <span class='ocrx_word' id='word_1_113' title='bbox 644 1889 720 1954; x_wconf 93' lang='lat' dir='ltr'><strong>Ald.</strong></span> <span class='ocrx_word' id='word_1_114' title='bbox 745 1891 874 1955; x_wconf 84' lang='grc' dir='ltr'>θανάτου</span> <span class='ocrx_word' id='word_1_115' title='bbox 889 1894 947 1972; x_wconf 78' lang='grc' dir='ltr'><strong>γάρ</strong></span> <span class='ocrx_word' id='word_1_116' title='bbox 962 1891 1039 1971; x_wconf 76' lang='grc' dir='ltr'>άμφὶ</span> <span class='ocrx_word' id='word_1_117' title='bbox 1054 1891 1151 1973; x_wconf 82' lang='grc' dir='ltr'>φόβῳ.</span> <span class='ocrx_word' id='word_1_118' title='bbox 1187 1889 1275 1951; x_wconf 90' lang='lat' dir='ltr'><strong>Neu-</strong></span> 
     </span>
     <span class='ocr_line' id='line_1_17' title="bbox 168 1991 1274 2080; baseline -0.001 -25"><span class='ocrx_word' id='word_1_119' title='bbox 168 2006 218 2055; x_wconf 89' lang='lat' dir='ltr'><strong>tra</strong></span> <span class='ocrx_word' id='word_1_120' title='bbox 243 1991 333 2056; x_wconf 90' lang='lat' dir='ltr'><strong>lectio</strong></span> <span class='ocrx_word' id='word_1_121' title='bbox 360 1993 527 2080; x_wconf 84' lang='lat' dir='ltr'><strong>respondet</strong></span> <span class='ocrx_word' id='word_1_122' title='bbox 549 1993 652 2058; x_wconf 87' lang='lat' dir='ltr'><strong>versui</strong></span> <span class='ocrx_word' id='word_1_123' title='bbox 675 1992 832 2080; x_wconf 87' lang='lat' dir='ltr'><strong>strophico</strong></span> <span class='ocrx_word' id='word_1_124' title='bbox 855 1995 926 2078; x_wconf 82' lang='lat'><strong>813.</strong></span> <span class='ocrx_word' id='word_1_125' title='bbox 950 1992 1042 2072; x_wconf 85' lang='grc' dir='ltr'>ἤλυθε</span> <span class='ocrx_word' id='word_1_126' title='bbox 1064 1993 1274 2057; x_wconf 81' lang='grc' dir='ltr'>Τανταλίδαις.</span> 
     </span>
     <span class='ocr_line' id='line_1_18' title="bbox 169 2093 1276 2183; baseline -0.001 -24"><span class='ocrx_word' id='word_1_127' title='bbox 169 2093 377 2160; x_wconf 81' lang='lat' dir='ltr'><strong>Manifestum</strong></span> <span class='ocrx_word' id='word_1_128' title='bbox 398 2109 445 2160; x_wconf 85' lang='lat' dir='ltr'><strong>est</strong></span> <span class='ocrx_word' id='word_1_129' title='bbox 469 2098 597 2161; x_wconf 84' lang='grc' dir='ltr'>θανάτου</span> <span class='ocrx_word' id='word_1_130' title='bbox 623 2094 777 2183; x_wconf 85' lang='lat' dir='ltr'><strong>glossema</strong></span> <span class='ocrx_word' id='word_1_131' title='bbox 800 2119 866 2160; x_wconf 90' lang='lat' dir='ltr'><strong>esse</strong></span> <span class='ocrx_word' id='word_1_132' title='bbox 890 2095 932 2159; x_wconf 92' lang='lat' dir='ltr'><strong>ad</strong></span> <span class='ocrx_word' id='word_1_133' title='bbox 957 2097 1046 2180; x_wconf 88' lang='grc' dir='ltr'>φόβῳ</span> <span class='ocrx_word' id='word_1_134' title='bbox 1071 2094 1276 2180; x_wconf 84' lang='lat' dir='ltr'><strong>adscriptum.</strong></span> 
     </span>
     <span class='ocr_line' id='line_1_19' title="bbox 169 2198 715 2281; baseline -0.004 -19"><span class='ocrx_word' id='word_1_135' title='bbox 169 2199 317 2262; x_wconf 82' lang='lat' dir='ltr'><strong>Fortasse</strong></span> <span class='ocrx_word' id='word_1_136' title='bbox 332 2203 417 2263; x_wconf 77' lang='grc' dir='ltr'>τοῦδε</span> <span class='ocrx_word' id='word_1_137' title='bbox 433 2203 490 2281; x_wconf 77' lang='grc' dir='ltr'><strong>γὰρ</strong></span> <span class='ocrx_word' id='word_1_138' title='bbox 505 2198 715 2264; x_wconf 87' lang='lat' dir='ltr'><strong>scribendum.</strong></span> 
     </span>
    </p>

    <p class='ocr_par' dir='ltr' id='par_1_7' title="bbox 167 2298 1274 2595">
     <span class='ocr_line' id='line_1_20' title="bbox 214 2298 1274 2386; baseline -0.002 -21"><span class='ocrx_word' id='word_1_139' title='bbox 214 2304 289 2368; x_wconf 88' lang='grc'><strong>826.</strong></span> <span class='ocrx_word' id='word_1_140' title='bbox 313 2300 889 2386; x_wconf 73' lang='grc' dir='ltr'><strong>ίάχησε]8οιίδς11ά11111ίάκχησεουοι</strong></span> <span class='ocrx_word' id='word_1_141' title='bbox 910 2303 1061 2365; x_wconf 90' lang='lat' dir='ltr'><strong>Porsono.</strong></span> <span class='ocrx_word' id='word_1_142' title='bbox 1108 2303 1223 2364; x_wconf 87' lang='lat' dir='ltr'><strong>Versus</strong></span> <span class='ocrx_word' id='word_1_143' title='bbox 1244 2298 1274 2363; x_wconf 92' lang='lat' dir='ltr'><strong>in</strong></span> 
     </span>
     <span class='ocr_line' id='line_1_21' title="bbox 167 2400 1274 2492; baseline -0.006 -21"><span class='ocrx_word' id='word_1_144' title='bbox 167 2405 248 2471; x_wconf 88' lang='lat' dir='ltr'><strong>Ald.</strong></span> <span class='ocrx_word' id='word_1_145' title='bbox 272 2405 315 2470; x_wconf 82' lang='lat' dir='ltr'><strong>sic</strong></span> <span class='ocrx_word' id='word_1_146' title='bbox 335 2403 494 2492; x_wconf 85' lang='lat' dir='ltr'><strong>descripti,</strong></span> <span class='ocrx_word' id='word_1_147' title='bbox 512 2406 701 2488; x_wconf 80' lang='grc' dir='ltr'>Τννδαρὶς-</span> <span class='ocrx_word' id='word_1_148' title='bbox 719 2403 724 2491; x_wconf 76' lang='grc' dir='ltr'>Ι</span> <span class='ocrx_word' id='word_1_149' title='bbox 743 2401 892 2467; x_wconf 77' lang='grc' dir='ltr'>τέκνον-</span> <span class='ocrx_word' id='word_1_150' title='bbox 910 2403 916 2490; x_wconf 81' lang='grc' dir='ltr'>Ι</span> <span class='ocrx_word' id='word_1_151' title='bbox 936 2407 1102 2468; x_wconf 79' lang='grc' dir='ltr'>κτείνων-</span> <span class='ocrx_word' id='word_1_152' title='bbox 1120 2400 1125 2488; x_wconf 86' lang='grc' dir='ltr'>Ι</span> <span class='ocrx_word' id='word_1_153' title='bbox 1144 2402 1274 2482; x_wconf 63' lang='lat' dir='ltr'><strong>pir-df·</strong></span> 
     </span>
     <span class='ocr_line' id='line_1_22' title="bbox 169 2505 287 2595; baseline -0.017 -23"><span class='ocrx_word' id='word_1_154' title='bbox 169 2505 287 2595; x_wconf 71' lang='grc' dir='ltr'>ανάφη.</span> 
     </span>
    </p>

    <p class='ocr_par' dir='ltr' id='par_1_8' title="bbox 171 2607 1275 2799">
     <span class='ocr_line' id='line_1_23' title="bbox 216 2607 1275 2696; baseline -0.002 -22"><span class='ocrx_word' id='word_1_155' title='bbox 216 2611 288 2674; x_wconf 90' lang='grc'><strong>828.</strong></span> <span class='ocrx_word' id='word_1_156' title='bbox 316 2610 433 2672; x_wconf 82' lang='lat' dir='ltr'><strong>Versus</strong></span> <span class='ocrx_word' id='word_1_157' title='bbox 458 2608 501 2673; x_wconf 92' lang='lat' dir='ltr'><strong>sic</strong></span> <span class='ocrx_word' id='word_1_158' title='bbox 523 2608 698 2696; x_wconf 86' lang='lat' dir='ltr'><strong>digerendi,</strong></span> <span class='ocrx_word' id='word_1_159' title='bbox 724 2609 1030 2696; x_wconf 71' lang='grc' dir='ltr'>κτείνων-πατρῴαν</span> <span class='ocrx_word' id='word_1_160' title='bbox 1049 2607 1054 2696; x_wconf 76' lang='grc' dir='ltr'>Ι</span> <span class='ocrx_word' id='word_1_161' title='bbox 1073 2609 1275 2689; x_wconf 65' lang='grc' dir='ltr'>τιμῶν-ἔξο-</span> 
     </span>
     <span class='ocr_line' id='line_1_24' title="bbox 171 2711 573 2799; baseline -0.002 -23"><span class='ocrx_word' id='word_1_162' title='bbox 171 2713 258 2799; x_wconf 77' lang='grc' dir='ltr'>νάψη</span> <span class='ocrx_word' id='word_1_163' title='bbox 277 2711 282 2798; x_wconf 83' lang='grc' dir='ltr'>Ι</span> <span class='ocrx_word' id='word_1_164' title='bbox 301 2714 462 2776; x_wconf 79' lang='grc' dir='ltr'>δύσκλειαν</span> <span class='ocrx_word' id='word_1_165' title='bbox 478 2714 573 2777; x_wconf 68' lang='lat' dir='ltr'><strong>dunel.</strong></span> 
     </span>
    </p>

    <p class='ocr_par' dir='ltr' id='par_1_9' title="bbox 217 2815 835 2902">
     <span class='ocr_line' id='line_1_25' title="bbox 217 2815 835 2902; baseline -0.006 -21"><span class='ocrx_word' id='word_1_166' title='bbox 217 2817 293 2901; x_wconf 85' lang='lat'><strong>831.</strong></span> <span class='ocrx_word' id='word_1_167' title='bbox 310 2818 358 2879; x_wconf 81' lang='grc' dir='ltr'><strong>καὶ</strong></span> <span class='ocrx_word' id='word_1_168' title='bbox 372 2815 476 2879; x_wconf 86' lang='lat' dir='ltr'><strong>versui</strong></span> <span class='ocrx_word' id='word_1_169' title='bbox 492 2815 637 2902; x_wconf 86' lang='lat' dir='ltr'><strong>proximo</strong></span> <span class='ocrx_word' id='word_1_170' title='bbox 651 2815 740 2879; x_wconf 93' lang='lat' dir='ltr'><strong>addit</strong></span> <span class='ocrx_word' id='word_1_171' title='bbox 755 2815 835 2878; x_wconf 90' lang='lat' dir='ltr'><strong>Ald.</strong></span> 
     </span>
    </p>

    <p class='ocr_par' dir='ltr' id='par_1_10' title="bbox 169 2914 1280 3315">
     <span class='ocr_line' id='line_1_26' title="bbox 218 2914 1279 3008; baseline -0.001 -26"><span class='ocrx_word' id='word_1_172' title='bbox 218 2921 290 3004; x_wconf 85' lang='lat'><strong>834.</strong></span> <span class='ocrx_word' id='word_1_173' title='bbox 310 2920 391 3008; x_wconf 83' lang='grc' dir='ltr'>οἶον]</span> <span class='ocrx_word' id='word_1_174' title='bbox 408 2921 473 2984; x_wconf 77' lang='grc' dir='ltr'>οἷον</span> <span class='ocrx_word' id='word_1_175' title='bbox 494 2921 559 2983; x_wconf 77' lang='grc' dir='ltr'>οἷον</span> <span class='ocrx_word' id='word_1_176' title='bbox 574 2917 653 2983; x_wconf 90' lang='lat' dir='ltr'><strong>Ald.</strong></span> <span class='ocrx_word' id='word_1_177' title='bbox 675 2933 707 2982; x_wconf 89' lang='lat' dir='ltr'><strong>et</strong></span> <span class='ocrx_word' id='word_1_178' title='bbox 729 2917 806 2982; x_wconf 88' lang='lat' dir='ltr'><strong>Flor</strong></span> <span class='ocrx_word' id='word_1_179' title='bbox 827 2940 892 2980; x_wconf 89' lang='lat' dir='ltr'><strong>sex.</strong></span> <span class='ocrx_word' id='word_1_180' title='bbox 938 2914 1086 2979; x_wconf 81' lang='lat' dir='ltr'><strong>Alterum</strong></span> <span class='ocrx_word' id='word_1_181' title='bbox 1109 2919 1174 2981; x_wconf 80' lang='lat' dir='ltr'><strong>olor</strong></span> <span class='ocrx_word' id='word_1_182' title='bbox 1196 2933 1279 2981; x_wconf 83' lang='lat' dir='ltr'><strong>recte</strong></span> 
     </span>
     <span class='ocr_line' id='line_1_27' title="bbox 169 3018 1280 3088; baseline -0.002 -1"><span class='ocrx_word' id='word_1_183' title='bbox 169 3045 234 3088; x_wconf 93' lang='lat' dir='ltr'><strong>om.</strong></span> <span class='ocrx_word' id='word_1_184' title='bbox 250 3022 371 3087; x_wconf 81' lang='lat' dir='ltr'><strong>codioes</strong></span> <span class='ocrx_word' id='word_1_185' title='bbox 384 3022 489 3087; x_wconf 88' lang='lat' dir='ltr'><strong>ceteri.</strong></span> <span class='ocrx_word' id='word_1_186' title='bbox 534 3024 611 3086; x_wconf 86' lang='lat' dir='ltr'><strong>Post</strong></span> <span class='ocrx_word' id='word_1_187' title='bbox 626 3023 691 3086; x_wconf 83' lang='grc' dir='ltr'>οἶον</span> <span class='ocrx_word' id='word_1_188' title='bbox 706 3021 805 3086; x_wconf 85' lang='lat' dir='ltr'><strong>codex</strong></span> <span class='ocrx_word' id='word_1_189' title='bbox 821 3018 1012 3084; x_wconf 87' lang='lat' dir='ltr'><strong>Harleianus</strong></span> <span class='ocrx_word' id='word_1_190' title='bbox 1035 3019 1119 3083; x_wconf 90' lang='lat' dir='ltr'><strong>solus</strong></span> <span class='ocrx_word' id='word_1_191' title='bbox 1139 3019 1228 3083; x_wconf 82' lang='lat' dir='ltr'><strong>addit</strong></span> <span class='ocrx_word' id='word_1_192' title='bbox 1246 3021 1280 3087; x_wconf 86' lang='grc' dir='ltr'><strong>ὅς</strong></span> 
     </span>
     <span class='ocr_line' id='line_1_28' title="bbox 172 3120 1278 3211; baseline -0.003 -23"><span class='ocrx_word' id='word_1_193' title='bbox 172 3122 211 3204; x_wconf 81' lang='grc' dir='ltr'><strong>τ’,</strong></span> <span class='ocrx_word' id='word_1_194' title='bbox 229 3125 315 3211; x_wconf 93' lang='lat' dir='ltr'><strong>quod</strong></span> <span class='ocrx_word' id='word_1_195' title='bbox 336 3124 368 3189; x_wconf 92' lang='lat' dir='ltr'><strong>in</strong></span> <span class='ocrx_word' id='word_1_196' title='bbox 391 3124 437 3207; x_wconf 85' lang='grc' dir='ltr'><strong>ὅγ’</strong></span> <span class='ocrx_word' id='word_1_197' title='bbox 460 3138 616 3189; x_wconf 86' lang='lat' dir='ltr'><strong>mutatum</strong></span> <span class='ocrx_word' id='word_1_198' title='bbox 639 3147 710 3189; x_wconf 91' lang='lat' dir='ltr'><strong>cum</strong></span> <span class='ocrx_word' id='word_1_199' title='bbox 735 3126 921 3189; x_wconf 89' lang='lat' dir='ltr'><strong>Hermanno</strong></span> <span class='ocrx_word' id='word_1_200' title='bbox 943 3120 1045 3184; x_wconf 90' lang='lat' dir='ltr'><strong>Elem.</strong></span> <span class='ocrx_word' id='word_1_201' title='bbox 1068 3121 1168 3186; x_wconf 89' lang='lat' dir='ltr'><strong>doctr.</strong></span> <span class='ocrx_word' id='word_1_202' title='bbox 1188 3140 1278 3186; x_wconf 88' lang='lat' dir='ltr'><strong>metr.</strong></span> 
     </span>
     <span class='ocr_line' id='line_1_29' title="bbox 173 3227 428 3315; baseline 0.008 -26"><span class='ocrx_word' id='word_1_203' title='bbox 173 3251 209 3315; x_wconf 92' lang='lat' dir='ltr'><strong>p.</strong></span> <span class='ocrx_word' id='word_1_204' title='bbox 223 3245 300 3312; x_wconf 86' lang='lat'><strong>541.</strong></span> <span class='ocrx_word' id='word_1_205' title='bbox 315 3227 428 3314; x_wconf 86' lang='lat' dir='ltr'><strong>recepi.</strong></span> 
     </span>
    </p>

    <p class='ocr_par' dir='ltr' id='par_1_11' title="bbox 176 3325 1281 3515">
     <span class='ocr_line' id='line_1_30' title="bbox 219 3325 1281 3416; baseline -0.001 -22"><span class='ocrx_word' id='word_1_206' title='bbox 219 3331 291 3416; x_wconf 90' lang='grc'><strong>836.</strong></span> <span class='ocrx_word' id='word_1_207' title='bbox 322 3331 484 3412; x_wconf 79' lang='grc' dir='ltr'>Εὐμενίσιν</span> <span class='ocrx_word' id='word_1_208' title='bbox 507 3330 665 3396; x_wconf 84' lang='lat' dir='ltr'><strong>Matthiae.</strong></span> <span class='ocrx_word' id='word_1_209' title='bbox 712 3326 939 3394; x_wconf 86' lang='lat' dir='ltr'><strong>Revocandum</strong></span> <span class='ocrx_word' id='word_1_210' title='bbox 962 3325 1050 3412; x_wconf 91' lang='lat' dir='ltr'><strong>quod</strong></span> <span class='ocrx_word' id='word_1_211' title='bbox 1072 3325 1104 3390; x_wconf 90' lang='lat' dir='ltr'><strong>in</strong></span> <span class='ocrx_word' id='word_1_212' title='bbox 1125 3326 1214 3391; x_wconf 90' lang='lat' dir='ltr'><strong>libris</strong></span> <span class='ocrx_word' id='word_1_213' title='bbox 1234 3343 1281 3393; x_wconf 85' lang='lat' dir='ltr'><strong>est</strong></span> 
     </span>
     <span class='ocr_line' id='line_1_31' title="bbox 176 3435 332 3515; baseline -0.006 -16"><span class='ocrx_word' id='word_1_214' title='bbox 176 3435 332 3515; x_wconf 79' lang='grc' dir='ltr'>Εὐμενίσι.</span> 
     </span>
    </p>

    <p class='ocr_par' dir='ltr' id='par_1_12' title="bbox 218 3535 644 3623">
     <span class='ocr_line' id='line_1_32' title="bbox 218 3535 644 3623; baseline -0.009 -21"><span class='ocrx_word' id='word_1_215' title='bbox 218 3538 316 3623; x_wconf 88' lang='grc' dir='ltr'>φόνῳ]</span> <span class='ocrx_word' id='word_1_216' title='bbox 336 3537 431 3619; x_wconf 89' lang='grc' dir='ltr'>φόνον</span> <span class='ocrx_word' id='word_1_217' title='bbox 447 3535 534 3601; x_wconf 89' lang='lat' dir='ltr'><strong>Flor.</strong></span> <span class='ocrx_word' id='word_1_218' title='bbox 553 3558 644 3599; x_wconf 91' lang='lat' dir='ltr'><strong>unns.</strong></span> 
     </span>
    </p>

    <p class='ocr_par' dir='ltr' id='par_1_13' title="bbox 176 3632 1280 3810">
     <span class='ocr_line' id='line_1_33' title="bbox 220 3632 1280 3725; baseline -0.004 -21"><span class='ocrx_word' id='word_1_219' title='bbox 220 3641 291 3725; x_wconf 81' lang='grc'><strong>837.</strong></span> <span class='ocrx_word' id='word_1_220' title='bbox 321 3640 557 3721; x_wconf 81' lang='grc' dir='ltr'>Ἀγαμεμνόνιος</span> <span class='ocrx_word' id='word_1_221' title='bbox 587 3637 674 3702; x_wconf 87' lang='lat' dir='ltr'><strong>Flor.</strong></span> <span class='ocrx_word' id='word_1_222' title='bbox 706 3636 856 3723; x_wconf 90' lang='lat' dir='ltr'><strong>quinque.</strong></span> <span class='ocrx_word' id='word_1_223' title='bbox 903 3632 1105 3698; x_wconf 79' lang='lat' dir='ltr'><strong>scribebatur</strong></span> <span class='ocrx_word' id='word_1_224' title='bbox 1130 3632 1280 3717; x_wconf 87' lang='grc' dir='ltr'>Ἀγαμεμ-</span> 
     </span>
     <span class='ocr_line' id='line_1_34' title="bbox 176 3741 301 3810; baseline -0.008 -3"><span class='ocrx_word' id='word_1_225' title='bbox 176 3741 301 3810; x_wconf 86' lang='grc' dir='ltr'>νόνειος.</span> 
     </span>
    </p>

    <p class='ocr_par' dir='ltr' id='par_1_14' title="bbox 176 3837 1279 4030">
     <span class='ocr_line' id='line_1_35' title="bbox 221 3837 1279 3930; baseline 0 -24"><span class='ocrx_word' id='word_1_226' title='bbox 221 3842 295 3925; x_wconf 84' lang='grc'><strong>841.</strong></span> <span class='ocrx_word' id='word_1_227' title='bbox 320 3844 394 3923; x_wconf 87' lang='grc'><strong>842.</strong></span> <span class='ocrx_word' id='word_1_228' title='bbox 418 3844 552 3926; x_wconf 88' lang='grc' dir='ltr'>σφάγιον</span> <span class='ocrx_word' id='word_1_229' title='bbox 575 3842 660 3907; x_wconf 77' lang='grc' dir='ltr'>ἔθετο</span> <span class='ocrx_word' id='word_1_230' title='bbox 683 3839 797 3923; x_wconf 80' lang='grc' dir='ltr'>ματέρα</span> <span class='ocrx_word' id='word_1_231' title='bbox 823 3837 966 3926; x_wconf 69' lang='grc' dir='ltr'>πατρῴων</span> <span class='ocrx_word' id='word_1_232' title='bbox 990 3839 1111 3905; x_wconf 78' lang='grc' dir='ltr'>παθέων</span> <span class='ocrx_word' id='word_1_233' title='bbox 1132 3840 1279 3930; x_wconf 87' lang='grc' dir='ltr'>άμοιβάν]</span> 
     </span>
     <span class='ocr_line' id='line_1_36' title="bbox 176 3941 1203 4030; baseline -0.006 -19"><span class='ocrx_word' id='word_1_234' title='bbox 176 3948 259 4013; x_wconf 83' lang='lat' dir='ltr'><strong>Haec</strong></span> <span class='ocrx_word' id='word_1_235' title='bbox 272 3947 305 4012; x_wconf 92' lang='lat' dir='ltr'><strong>iu</strong></span> <span class='ocrx_word' id='word_1_236' title='bbox 320 3967 419 4012; x_wconf 91' lang='lat' dir='ltr'><strong>unum</strong></span> <span class='ocrx_word' id='word_1_237' title='bbox 435 3968 559 4010; x_wconf 87' lang='lat' dir='ltr'><strong>versum</strong></span> <span class='ocrx_word' id='word_1_238' title='bbox 574 3958 648 4009; x_wconf 90' lang='lat' dir='ltr'><strong>sunt</strong></span> <span class='ocrx_word' id='word_1_239' title='bbox 662 3942 895 4030; x_wconf 79' lang='lat' dir='ltr'><strong>conjungenda,</strong></span> <span class='ocrx_word' id='word_1_240' title='bbox 911 3941 970 4007; x_wconf 86' lang='lat' dir='ltr'><strong>hac</strong></span> <span class='ocrx_word' id='word_1_241' title='bbox 985 3941 1076 4006; x_wconf 89' lang='lat' dir='ltr'><strong>metri</strong></span> <span class='ocrx_word' id='word_1_242' title='bbox 1091 3942 1203 4022; x_wconf 79' lang='lat' dir='ltr'><strong>formo,</strong></span> 
     </span>
    </p>
   </div>
   <div class='ocr_carea' id='block_1_3' title="bbox 393 4093 1024 4182">
    <p class='ocr_par' dir='ltr' id='par_1_15' title="bbox 393 4093 1024 4182">
     <span class='ocr_line' id='line_1_37' title="bbox 393 4093 1024 4182; baseline -0.006 -22"><span class='ocrx_word' id='word_1_243' title='bbox 393 4093 819 4182; x_wconf 52' lang='grc' dir='ltr'>ἑυῶυΙέυυ--Ιέ</span> <span class='ocrx_word' id='word_1_244' title='bbox 833 4126 1024 4158; x_wconf 71' lang='lat'><strong>-----</strong></span> 
     </span>
    </p>
   </div>
   <div class='ocr_carea' id='block_1_4' title="bbox 177 4233 1281 4429">
    <p class='ocr_par' dir='ltr' id='par_1_16' title="bbox 177 4233 1281 4429">
     <span class='ocr_line' id='line_1_38' title="bbox 220 4233 1281 4327; baseline -0.006 -23"><span class='ocrx_word' id='word_1_245' title='bbox 220 4241 295 4321; x_wconf 89' lang='grc'><strong>841.</strong></span> <span class='ocrx_word' id='word_1_246' title='bbox 310 4238 445 4327; x_wconf 82' lang='grc' dir='ltr'>ποθέων]</span> <span class='ocrx_word' id='word_1_247' title='bbox 461 4238 596 4304; x_wconf 78' lang='grc' dir='ltr'>πενθέων</span> <span class='ocrx_word' id='word_1_248' title='bbox 611 4239 656 4303; x_wconf 93' lang='grc' dir='ltr'><strong>Η.</strong></span> <span class='ocrx_word' id='word_1_249' title='bbox 672 4251 704 4302; x_wconf 85' lang='lat' dir='ltr'><strong>et</strong></span> <span class='ocrx_word' id='word_1_250' title='bbox 722 4240 808 4325; x_wconf 87' lang='lat' dir='ltr'><strong>Aug.</strong></span> <span class='ocrx_word' id='word_1_251' title='bbox 824 4260 918 4315; x_wconf 91' lang='lat' dir='ltr'><strong>unus,</strong></span> <span class='ocrx_word' id='word_1_252' title='bbox 934 4237 1031 4301; x_wconf 87' lang='lat' dir='ltr'><strong>altero</strong></span> <span class='ocrx_word' id='word_1_253' title='bbox 1047 4258 1105 4323; x_wconf 90' lang='lat' dir='ltr'><strong>pro</strong></span> <span class='ocrx_word' id='word_1_254' title='bbox 1120 4235 1205 4299; x_wconf 87' lang='lat' dir='ltr'><strong>varia</strong></span> <span class='ocrx_word' id='word_1_255' title='bbox 1220 4233 1281 4298; x_wconf 90' lang='lat' dir='ltr'><strong>lec·</strong></span> 
     </span>
     <span class='ocr_line' id='line_1_39' title="bbox 177 4340 445 4429; baseline -0.022 -19"><span class='ocrx_word' id='word_1_256' title='bbox 177 4343 262 4410; x_wconf 89' lang='lat' dir='ltr'><strong>tione</strong></span> <span class='ocrx_word' id='word_1_257' title='bbox 275 4340 445 4429; x_wconf 85' lang='lat' dir='ltr'><strong>adscripto.</strong></span> 
     </span>
    </p>
   </div>
   <div class='ocr_carea' id='block_1_5' title="bbox 218 4454 1281 4642">
    <p class='ocr_par' dir='ltr' id='par_1_17' title="bbox 218 4454 1281 4642">
     <span class='ocr_line' id='line_1_40' title="bbox 218 4454 1281 4546; baseline -0.007 -19"><span class='ocrx_word' id='word_1_258' title='bbox 218 4463 294 4546; x_wconf 87' lang='lat'><strong>847.</strong></span> <span class='ocrx_word' id='word_1_259' title='bbox 311 4462 428 4546; x_wconf 80' lang='grc' dir='ltr'>δόσαν]</span> <span class='ocrx_word' id='word_1_260' title='bbox 449 4460 500 4525; x_wconf 81' lang='lat' dir='ltr'><strong>Sic</strong></span> <span class='ocrx_word' id='word_1_261' title='bbox 515 4458 595 4525; x_wconf 88' lang='lat' dir='ltr'><strong>dixit</strong></span> <span class='ocrx_word' id='word_1_262' title='bbox 609 4457 699 4546; x_wconf 88' lang='lat' dir='ltr'><strong>quasi</strong></span> <span class='ocrx_word' id='word_1_263' title='bbox 714 4458 916 4546; x_wconf 74' lang='lat' dir='ltr'><strong>praecessisset</strong></span> <span class='ocrx_word' id='word_1_264' title='bbox 931 4460 1025 4537; x_wconf 83' lang='grc' dir='ltr'>δίκην.</span> <span class='ocrx_word' id='word_1_265' title='bbox 1061 4454 1171 4520; x_wconf 88' lang='lat' dir='ltr'><strong>Phoen.</strong></span> <span class='ocrx_word' id='word_1_266' title='bbox 1189 4475 1281 4541; x_wconf 81' lang='lat'><strong>1330.</strong></span> 
     </span>
     <span class='ocr_line' id='line_1_41' title="bbox 698 4583 758 4642; baseline 0 0"><span class='ocrx_word' id='word_1_267' title='bbox 698 4583 718 4626; x_wconf 73' lang='grc' dir='ltr'><strong>Η</strong></span> <span class='ocrx_word' id='word_1_268' title='bbox 736 4584 758 4642; x_wconf 88' lang='lat'>4</span> 
     </span>
    </p>
   </div>
   <div class='ocr_carea' id='block_1_6' title="bbox 0 0 1450 4914">
    <p class='ocr_par' dir='ltr' id='par_1_18' title="bbox 0 0 1450 4914">
     <span class='ocr_line' id='line_1_42' title="bbox 0 0 1450 4914; baseline 0 0"><span class='ocrx_word' id='word_1_269' title='bbox 0 0 1450 4914; x_wconf 95' lang='lat' dir='ltr'><strong> </strong></span> 
     </span>
    </p>
   </div>
  </div>
 </body>
</html>
