2864 4914
167 267 233 332 474
530 262 909 327 ANNOTATIONES

165 435 196 498 in
225 449 424 522 conspectum
455 434 625 498 venirent.”
662 433 805 499 MUSG.
852 431 954 497 Nimis
990 429 1146 497 subtiliter
1176 434 1277 499 Mus-

164 536 302 624 gravius.

209 639 283 721 768.
300 636 396 719 αύθέρι
411 638 484 701 Ρατ.
500 639 544 703 A.
567 636 672 725 Vulgo
688 639 722 702 ἐν
736 636 842 719 αἰθέρι.

210 745 283 824 769.
307 737 514 824 Διοσκούρων]
539 739 742 804 scribendum
771 740 962 820 Διοσκύρωνι
987 737 1028 802 de
1054 761 1119 826 quo
1144 738 1216 804 dixi
1239 740 1275 807 in

167 841 333 908 Thesauro
349 840 499 924 Stephani
517 840 576 906 vol.
595 859 624 905 2.
639 865 671 929 p.
685 859 779 927 1542.

208 959 282 1028 771.
299 944 354 1027 ele]
374 941 579 1006 scribendum
596 945 636 1012 ἐς.

208 1046 390 1131 773-800.
415 1046 531 1109 Versus
553 1046 715 1111 manifeste
736 1046 845 1134 spurii,
866 1045 1047 1123 abeodem,
1069 1060 1106 1110 ut
1127 1045 1274 1127 videtur,

164 1163 258 1236 poeta
275 1146 381 1234 scripti
402 1146 458 1232 qui
481 1146 687 1234 praecedentia
702 1148 838 1213 carmina
853 1148 938 1213 chori
960 1146 1181 1211 additamentis
1204 1150 1274 1215 suis

164 1249 271 1315 auxit:
295 1247 358 1313 vid.
373 1247 413 1311 od
436 1270 466 1312 v·
481 1264 557 1332 574.
602 1250 668 1313 Eos
688 1249 743 1336 qui
765 1249 900 1329 addidit,
917 1272 979 1314 non
1001 1248 1102 1313 solum
1124 1250 1215 1336 poesi
1239 1274 1274 1317 se

163 1351 303 1438 prodidit
317 1349 444 1414 minime
458 1349 643 1436 Euripides,
659 1350 713 1414 sed
733 1351 825 1415 etiem
841 1351 964 1417 dicendi
985 1375 1098 1439 genere
1122 1374 1200 1416 usus
1223 1370 1274 1419 est

163 1476 275 1542 parum
299 1452 397 1540 polito
420 1475 474 1516 nec
499 1451 627 1516 sensisse
651 1452 775 1516 videtur
798 1452 1040 1540 praecedentium
1063 1454 1273 1542 stropharum

163 1572 383 1644 argumentum
399 1553 528 1641 adjectis
542 1552 591 1617 his
604 1554 745 1619 versibus
759 1555 843 1619 ultra
857 1554 985 1620 modum
1000 1555 1138 1621 extendi.

208 1677 280 1743 774
296 1658 434 1745 λαΐνους]
450 1636 574 1725 λαϊνύύς
589 1658 664 1723 Par.
682 1658 767 1722 Α.Β.
782 1657 803 1721 i.
820 1680 846 1720 e.
861 1659 1008 1726 λαϊνέους.

208 1776 281 1847 775.
292 1759 379 1842 'Apes
394 1760 502 1844 φονίῳ]
517 1755 611 1840 'Apus
625 1757 682 1822 etsi
697 1757 819 1822 hicnon
835 1758 930 1823 deum
946 1761 1085 1825 Martem
1097 1759 1273 1848 significat,

165 1862 218 1926 sed
233 1860 415 1934 exercitum,
431 1860 537 1946 inepte
552 1875 655 1924 tamen
678 1858 738 1923 hoc
760 1860 883 1924 nomine
899 1883 974 1925 usus
988 1876 1045 1941 est,
1059 1884 1161 1948 quum
1172 1862 1276 1946 Ἀρης

165 1963 340 2050 subjectum
363 1961 401 2026 sit
420 1961 508 2027 verbi
523 1962 609 2042 θήσει
629 1985 659 2024 v.
676 1976 749 2046 779,
765 1985 805 2025 ex
821 1984 911 2026 versu
935 1963 1098 2051 Euripidis
1120 1978 1274 2052 repeten.

164 2066 240 2131 dum
257 2064 331 2147 764.
347 2064 390 2129 ita
407 2081 441 2129 nt
452 2063 546 2147 Ἀρης
560 2064 684 2131 dicatur
698 2071 847 2130 κνκλῶσαι
860 2068 990 2149 πύργους
999 2065 1086 2150 'Apes
1100 2069 1212 2156 φονίῳ.

208 2170 303 2253 φονίῳ
319 2168 476 2233 Matthiae.
514 2167 604 2232 Libri
619 2170 737 2253 φοινίῳ.

209 2272 282 2353 776.
296 2272 494 2352 λαιμοτόμους
508 2269 638 2335 codices.
661 2271 858 2350 λαιμητύμους
872 2268 952 2333 Ald.
1084 2344 1088 2348 .

207 2389 280 2456 777.
306 2375 438 2438 Comma
460 2396 521 2436 non
544 2386 614 2460 post
637 2371 766 2445 σπάσας,
788 2371 842 2435 sed
859 2386 930 2458 post
943 2375 1054 2455 Τροίας
1073 2390 1157 2440 recte
1176 2380 1274 2464 ponit

164 2474 244 2539 Ald.
289 2475 396 2562 Digna
411 2475 470 2539 hoc
484 2489 577 2562 poeta
593 2473 719 2552 locutio,
736 2477 871 2553 κεφαλὰς
886 2475 1007 2544 σπάσας
1020 2477 1166 2560 πόλισμα.

208 2579 279 2659 778.
296 2578 470 2642 Deleantur
487 2576 556 2663 unci
573 2576 690 2663 quibus
705 2575 854 2640 Matthioe
869 2579 960 2642 πόλιν
973 2578 1196 2646 circumdedit.

209 2700 282 2766 779.
297 2680 533 2763 πολυκλαύτους]
550 2679 794 2746 πολυκλαύστους
807 2677 936 2743 codices.
980 2680 1042 2745 Sed
1056 2683 1273 2754 πολύκλαυτος

164 2806 195 2846 v.
215 2784 287 2864 782.
962 2796 967 2804 '

207 2886 279 2967 780.
295 2911 328 2949 τε
343 2884 538 2971 producitur.

208 2988 279 3068 782.
302 2988 517 3062 πολύκλαυτος,
532 2982 618 3070 quod
641 2984 830 3071 adjectivum
854 2986 947 3050 modo
969 3005 1179 3074 praecesserat,
1200 2991 1270 3057 lan-

162 3088 259 3176 guide
278 3088 412 3175 repetiit.
459 3087 551 3166 Quod
575 3110 636 3150 non
664 3087 827 3151 mirabitur
846 3090 902 3175 qui
925 3105 1037 3177 quater
1059 3092 1090 3157 in
1117 3093 1270 3159 undecim

163 3190 303 3255 versibus
315 3189 480 3276 repetitum
500 3189 629 3254 πωλικὸς
643 3189 830 3268 concoxerit,
845 3189 964 3277 dequo
978 3192 1043 3258 dixi
1058 3193 1097 3258 ad
1115 3219 1144 3259 v.
1159 3198 1239 3282 613.

205 3292 334 3377 ἐσεῖται]
351 3290 497 3355 Peccavit
511 3303 619 3353 contra
633 3289 812 3355 dialectum.

206 3398 280 3479 784.
295 3392 359 3474 μήτ’
375 3394 454 3482 ἐμοὶ]
472 3394 553 3456 Haec
567 3392 662 3456 verba
676 3415 776 3456 unum
792 3416 914 3458 versum
930 3396 1124 3463 constituunt
1134 3399 1168 3462 in
1185 3401 1269 3471 Ald.

206 3498 280 3581 785.
296 3495 425 3581 τέκνοις]
442 3494 591 3558 τέκνοισιν
609 3496 680 3558 Par.
699 3496 735 3558 C.

206 3600 278 3682 787.
305 3600 336 3660 ol
361 3598 547 3678 πολύχρυσοι
571 3597 664 3660 Λυδαὶ
684 3597 732 3660 καὶ
755 3599 882 3680 Φρυγῶν
908 3600 1031 3688 ἄλοχοι]
1058 3603 1138 3666 Haec
1167 3604 1270 3670 verba

161 3724 262 3789 quum
291 3698 437 3764 scriberet
464 3697 558 3761 verba
584 3699 748 3786 Euripidis
774 3701 803 3764 ei
829 3701 977 3766 videntur
1005 3727 1071 3768 esse
1096 3706 1270 3774 obversata

162 3802 277 3867 Bacch.
295 3821 344 3885 13.
362 3801 458 3863 λιπὼν
473 3801 505 3863 δὲ
521 3802 624 3864 Λυδῶν
640 3802 707 3868 τοὺς
722 3805 928 3886 πολυχρύσους
942 3807 1016 3886 γύας
1030 3811 1158 3888 Φρυγῶν
1173 3836 1218 3873 τε.

205 3922 277 3989 790.
300 3904 458 3992 μυθεῦσαι]
483 3904 556 3967 Ηοο
578 3926 636 3989 pro
655 3907 834 3982 μυθιύονσαι
852 3905 978 3970 videtur
997 3907 1121 3985 dixisse,
1146 3909 1270 3979 usitato

160 4005 383 4071 recentioribus
399 4005 602 4094 scriptoribus
616 4005 724 4085 verbo,
740 4029 801 4070 non
822 4030 880 4094 pro
893 4013 1051 4086 μυθοῦσαι,
1066 4033 1140 4096 quae
1160 4011 1271 4082 forma

161 4109 247 4175 verbi
269 4132 331 4173 non
354 4108 480 4172 aliunde
501 4107 626 4195 cognita
651 4124 697 4173 est
719 4131 815 4195 quam
835 4133 873 4173 ex
896 4111 1000 4196 glossa
1021 4111 1140 4193 Photii,
1164 4139 1269 4203 quam

162 4212 275 4277 Snidas
296 4211 395 4276 lexico
410 4232 468 4275 suo
491 4210 631 4288 inseruit,
654 4211 803 4290 μυθήσαςε
828 4214 928 4276 εἰπών.
973 4214 1122 4278 Ceterum
1145 4215 1272 4287 imitari

159 4314 284 4380 videtur
299 4313 394 4378 verba
409 4312 572 4400 Euripidis
596 4314 666 4377 Ion.
685 4315 756 4397 196.
772 4312 816 4394 ἆρ’
833 4313 865 4382 ὃς
880 4316 981 4395 ἐμαῖσι
999 4319 1158 4397 μυθεύεται
1180 4327 1272 4404 παρὰ

159 4442 281 4497 πηναις;
