2864 4914
460 820 958 906 ALCESTIS.

602 1069 824 1104 ...φ-

160 1238 408 1322 ALCESTIN
430 1256 577 1321 archonte
600 1255 767 1335 Glauciam
790 1258 811 1322 i.
833 1282 860 1323 e.
882 1256 1001 1344 olymp.
1021 1256 1074 1340 85,
1091 1274 1121 1332 a,
1143 1253 1258 1319 editam

160 1372 303 1440 quartam
324 1357 420 1422 fuisse
442 1357 614 1445 tetralogiae
628 1358 1037 1448 fabulam-praecesserunt
1058 1357 1139 1422 euim
1159 1361 1258 1438 Κρῆσ.

161 1484 223 1532 σαι,
242 1459 414 1541 Ἀλκμαίων
436 1464 453 1525 ὁ
475 1465 523 1526 διὰ
544 1466 691 1543 Ψωφῖδος,
713 1462 936 1545 Τήλεφος-εκ
959 1458 1126 1525 didascalia
1147 1458 1261 1524 codicis

160 1560 301 1625 Vaticani
323 1562 543 1649 cognovimus:
577 1562 618 1627 de
640 1586 704 1650 qua
727 1586 788 1627 non
813 1578 950 1652 repetam
979 1585 1052 1649 quae
1076 1560 1260 1649 explicatius
1308 1558 1311 1563 ’

159 1661 290 1727 disserui
305 1665 336 1729 in
352 1667 536 1752 praefatione
554 1665 595 1731 ad
614 1665 781 1730 editionem
798 1665 967 1732 Alcestidis
980 1665 1095 1730 Oxouii
1117 1664 1259 1729 emissam

158 1789 187 1830 a.
203 1767 294 1852 1834.
318 1771 370 1832 Ex
385 1769 494 1833 eadem
509 1768 646 1833 editione
659 1791 759 1856 quum
776 1769 891 1834 codicis
906 1766 1048 1834 Vaticani
1064 1767 1260 1853 aliorumque

158 1865 308 1932 librorum
329 1869 475 1936 lectiones
494 1886 600 1958 petere
621 1869 723 1949 liceat,
739 1870 786 1935 his
807 1894 936 1958 quoque
958 1870 1018 1935 hoc
1040 1869 1108 1934 loco
1129 1867 1258 1942 omissis,

156 1972 371 2036 annotationes
386 1997 465 2060 quas
480 1997 563 2038 nunc
577 1973 638 2038 edo
652 1973 697 2036 iili
711 1973 954 2038 accommodabo
968 1971 1096 2037 editioni
1109 1988 1258 2058 tanquam

159 2073 385 2160 supplementa.

632 2218 778 2232 *-

204 2397 231 2439 1.
256 2374 279 2440 ὦ
301 2375 407 2458 δώματ’
422 2375 586 2463 Ἀδμήτεί]
602 2382 802 2448 Confer-enda
824 2393 898 2443 sunt
919 2377 1007 2443 initia
1024 2377 1256 2443 Andromacha

155 2491 187 2539 et
210 2476 359 2553 Electrae,
383 2476 437 2540 ubi
462 2476 544 2541 idem
567 2503 667 2566 genus
692 2496 738 2546 est
763 2475 1009 2566 compellationis
1035 2475 1073 2540 ad
1101 2497 1197 2561 quam
1223 2475 1254 2538 in

156 2578 358 2664 sequentibus
376 2601 437 2642 non
456 2579 591 2668 amplius
613 2583 792 2670 respicitur:
818 2581 877 2645 hoc
898 2579 1075 2643 observavit
1099 2577 1256 2643 Seidlerus

155 2681 196 2745 ad
211 2681 328 2745 Electa.
342 2700 369 2745 1.
388 2678 433 2744 Ὠ
455 2685 509 2764 γῆς
530 2685 661 2749 παλαιὸν
678 2685 800 2768 Ἄργος,
823 2682 945 2767 Ἰνάχου
965 2682 1042 2765 ῥοαὶ,
1060 2679 1157 2746 Ὀθεν
1178 2678 1254 2756 ποτ’,

156 2782 229 2867 ᾅρας
251 2784 338 2848 ναυσὶ
359 2787 471 2866 χιλίαις
487 2783 595 2868 Ἀρην,
618 2790 671 2855 Εἷς
691 2793 748 2871 γῆν
770 2788 900 2852 ἔπλευσε
921 2782 1036 2870 Τρῳάδ’
1052 2782 1256 2866 ,Ἀγαμέμνων

154 2887 238 2964 άναξ.
262 2884 417 2949 Androm.
436 2907 463 2951 1.
485 2885 653 2957 Ἀσιάτιδσς
679 2895 733 2973 γῆς
758 2893 869 2973 σχῆμα,
894 2888 1019 2968 Θηβαία
1043 2885 1139 2960 πάλις,
1158 2883 1255 2951 Ὅθεν

154 2987 232 3061 ποθ’,
248 2990 341 3052 ἔδνων
360 2987 414 3065 ξὺν
428 2992 607 3077 πολυχρύσῳ
627 2995 727 3080 χλιδῇ,
744 2990 881 3074 Πριάμου
902 2992 1048 3071 τύραννον
1063 2990 1167 3053 ἑστίαν
1182 2990 1252 3071 άφι-

155 3085 256 3168 κόμην.
273 3089 376 3151 MON
381 3090 422 3153 K.

198 3209 227 3255 2.
250 3189 341 3253 Dixit
356 3190 527 3278 Euripides
546 3197 664 3271 θῆσσαν
679 3193 836 3275 τράπεζαν,
853 3191 938 3256 utin
954 3190 1071 3255 Electr.
1090 3208 1161 3275 205.
1178 3195 1250 3270 θῆσ-

153 3319 213 3357 σαν
228 3294 342 3370 ἑστίαν,
358 3316 417 3380 pro
432 3295 551 3373 θητικῆν
566 3294 613 3358 vel
627 3294 818 3375 μισθωτικήν.
853 3292 987 3357 Photius
1001 3306 1033 3357 et
1049 3292 1173 3370 suidas,
1188 3292 1252 3359 huc

152 3395 359 3481 respicientes,
375 3410 538 3483 exponunt
560 3400 686 3475 θῆσσαν·
710 3397 901 3480 μισθωτικὴν,
915 3394 934 3477 ἢ
950 3396 1064 3476 εὐτελῆ,
1080 3394 1098 3476 ἢ
1113 3397 1252 3476 δουλικὴν

150 3498 274 3580 τροφήν.
308 3497 489 3585 Hesychius
503 3501 631 3577 θῆσσαν
655 3499 803 3580 δουλικήν.
839 3501 954 3564 Monet
968 3497 1131 3563 scholiasta
1147 3498 1250 3586 Apol-

149 3600 223 3664 lonii
240 3599 345 3664 Rhod.
363 3620 389 3678 1,
405 3620 475 3685 193.
491 3600 579 3665 velut
592 3624 612 3664 a
628 3603 706 3684 Κρὴς
721 3606 860 3684 Κρῆσσα,
874 3602 919 3667 ita
940 3624 959 3665 a
980 3602 1043 3681 θὴς,
1063 3606 1164 3674 θῆσσα
1184 3602 1250 3667 for·

149 3702 237 3765 mari.
262 3704 312 3767 De
327 3705 421 3767 αἰνεῖν
432 3703 635 3791 significante,
648 3713 679 3769 to
693 3714 799 3770 assent
814 3713 856 3782 to,
870 3706 1028 3792 acquiesce
1042 3705 1089 3781 in,
1102 3705 1249 3790 quadam

150 3804 326 3869 notavimus
346 3806 387 3869 ad
403 3804 535 3893 Hippol.
550 3823 604 3890 37.
649 3807 807 3894 Exempla
821 3806 927 3872 videas
946 3808 978 3870 in
1002 3806 1060 3870 hac
1074 3806 1182 3872 fabula
1198 3833 1247 3875 vv.

153 3923 203 3982 12,
225 3925 301 3991 541.
324 3909 425 3971 Orest.
451 3923 524 3991 777.
547 3909 639 3973 Med.
659 3927 750 3994 1154.
775 3910 887 3997 Suppt.
910 3927 985 3994 390.
1009 3910 1127 3974 Eleon.
1152 3915 1246 3997 1256.

149 4007 259 4073 AEsch.
276 4011 361 4073 Pers.
378 4010 451 4090 648.
467 4012 603 4075 Eumen.
617 4028 691 4093 472.
708 4010 835 4076 αἰνέσαι·
863 4011 1069 4093 εὐαρεστῆσαι,
1086 4014 1247 4094 καταδέξα-

148 4112 220 4173 σθαι
234 4109 328 4173 scbol.
348 4111 450 4173 MON
456 4112 497 4175 K.

190 4232 221 4296 3.
247 4214 341 4276 Hanc
363 4234 428 4276 rem
450 4213 563 4277 iterum
588 4213 711 4301 respicit
727 4237 756 4277 v.
769 4234 840 4296 127.
857 4213 1033 4294 Δμαθέντας
1051 4217 1109 4296 γὰρ
1128 4216 1245 4295 ἀνίστη,

146 4316 215 4395 πρὶν
231 4315 321 4380 αὐτὸν
336 4317 412 4391 εἶλε,
428 4313 572 4395 διάβολον
587 4320 748 4397 Πλᾶκτρον
761 4317 851 4399 τυρὸς
866 4318 1028 4398 κεραυνίου.
1046 4315 1157 4403 virgil.
1168 4317 1244 4381 AEu.

146 4429 174 4496 7.
195 4433 270 4500 770.
290 4416 331 4482 de
354 4416 534 4507 Hippolyto
556 4417 617 4482 luci
638 4416 906 4483 reddito—Tam
921 4428 1019 4506 pater
1039 4422 1244 4507 omnipotens,

667 4539 721 4606 Υ3
